2066 3319
474 175 656 209 PANARII
682 175 765 207 LIB.
789 176 831 207 ΙΙ.
855 175 963 208 ΤΟΜ.
984 177 1007 208 Ι.
1032 175 1164 208 HAER.
1185 175 1307 207 inv.
1580 166 1660 206 325

119 256 221 297 vitae
248 255 436 310 disputat,
470 262 510 296 et
534 269 611 295 non
639 255 685 295 de
712 268 829 295 carne
858 255 957 309 ipsa.
1020 254 1132 296 Solet
1164 256 1265 295 enim
1298 255 1491 295 hominem
1524 254 1576 294 ita
1606 254 1663 296 vi-

118 331 274 364 ventem
296 323 507 364 carnaliter
530 322 727 363 viventem
752 322 904 372 dicere,
939 324 1256 376 quemadmodum
1292 324 1514 378 psychicum
1547 323 1660 363 etiam

118 391 309 432 hominem
338 405 425 432 eum
447 392 506 432 cui
530 404 619 446 spes
643 391 769 431 omnis
792 397 926 446 erepta
950 398 1010 431 est
1033 391 1236 431 veritatem
1263 392 1418 432 videndi
1442 398 1556 446 atque
1580 406 1662 447 my-

116 459 224 500 sterii
263 459 403 500 lucem.
473 459 632 514 Alioqui
669 466 812 514 negent
849 459 1006 499 omuino
1042 459 1104 499 vel
1141 459 1306 499 animam
1346 474 1458 513 posse
1498 460 1658 500 salvari.

117 525 312 582 Scriptum
348 535 407 568 est
442 528 542 568 enim
560 559 570 577 ,
614 530 819 578 Psyeleicas
850 543 934 566 vero
959 530 1064 566 homo
1096 542 1169 566 non
1198 530 1335 578 accipit
1367 542 1461 580 qnae
1484 536 1573 567 sunt
1603 531 1863 572 dez‘1.cor.2‚15.

116 598 297 648 spiritus:
340 598 502 635 stultitia
541 599 634 635 enim
672 600 710 635 ei
741 605 818 643 est,
860 598 1044 647 spiritales
1080 603 1201 634 aulem
1241 598 1414 634 um'uersa
1455 598 1655 647 dignoscit.

115 661 450 716 Quemadmodum
480 663 582 704 enim
610 664 688 720 illic
716 664 920 719 psychicus
945 663 1203 703 introducitur
1236 662 1374 716 aliquis
1406 671 1445 703 et
1475 664 1660 718 spiritalis

114 732 252 782 bomo,
287 740 326 772 et
350 731 535 786 spiritalis
569 732 605 772 in
639 745 772 772 eorum
808 731 870 786 qni
905 731 1108 772 salvantur
1142 744 1304 770 numero
1337 737 1417 781 est,
1452 731 1659 786 psychicus

113 808 249 840 contra
279 799 316 840 in
347 813 480 840 eorum
516 800 579 854 qui
615 807 804 854 pereunt,
846 806 882 838 et
918 799 1036 839 nihilo
1065 799 1188 852 magis
1222 800 1354 852 utique
1383 799 1509 839 anima
1542 801 1656 854 perit,

111 868 179 910 sed
203 868 312 909 iuxta
337 868 502 908 animam
528 869 725 918 salvatur,
758 868 815 908 sic
837 868 951 908 etiam
977 867 1047 908 hoc
1072 867 1182 917 loco,
1217 880 1303 906 eum
1328 866 1504 907 carnales
1528 875 1566 907 et
1589 882 1657 908 eos

111 936 174 992 qui
202 937 238 977 in
264 936 446 977 carnibus
471 936 608 977 vivant
641 936 769 991 perire
794 936 917 985 dicat,
953 950 1029 975 non
1063 936 1184 990 ipsam
1218 948 1374 974 carnem
1408 935 1480 975 deo
1504 935 1657 989 placere

111 1019 187 1046 non
213 1018 350 1060 posse,
383 1005 451 1045 sed
476 1004 580 1045 vitae
613 1018 738 1058 genus
765 1004 921 1044 carnale
948 1004 1084 1044 tollere
1110 1003 1253 1043 studet.
1317 1001 1439 1044 Paulo
1465 1005 1565 1044 infra
1591 1018 1657 1044 au-

111 1080 186 1114 tem
209 1072 366 1124 dicens,
402 1076 478 1123 Qui
496 1088 581 1112 vero
607 1076 644 1112 in
669 1087 783 1112 earne
807 1081 916 1120 sunt,
951 1075 1017 1111 deo
1044 1074 1198 1124 plaeere
1219 1088 1292 1112 non
1310 1081 1490 1124 possunt,
1526 1072 1656 1113 statim
1678 1081 1764 1110 Rom.
1780 1084 1806 1117 e,
1825 1084 1850 1110 e.

110 1141 274 1191 subicit,
311 1144 382 1181 Vos
404 1149 525 1180 nectem
549 1156 622 1180 non
647 1145 736 1180 estis
759 1145 795 1180 in
821 1156 956 1188 carne,
990 1143 1057 1180 sed
1079 1144 1116 1180 in
1139 1143 1290 1192 spiritu,
1324 1145 1362 1180 si
1379 1143 1522 1193 quidem
1548 1144 1658 1180 Cleri-

109 1213 163 1250 sti
180 1213 338 1262 spiritus
359 1213 396 1249 in
420 1211 521 1249 vobis
550 1211 706 1249 habitat.
770 1208 821 1249 Et
847 1209 959 1264 paulo
985 1216 1094 1264 post,
1131 1212 1226 1259 Quia
1256 1225 1342 1249 vero
1365 1213 1523 1262 spiritus
1547 1212 1655 1249 Cleri-

108 1282 172 1326 sti,
207 1281 335 1331 quide
356 1281 512 1317 mortuis
532 1281 705 1326 suscitat,
740 1279 946 1317 habitatin
972 1279 1088 1325 vobis,
1122 1280 1309 1326 Christus,
1345 1281 1475 1331 quide
1499 1282 1656 1317 mortuis

109 1350 290 1394 suscitat,
326 1348 529 1398 vivificabit
560 1350 668 1386 etiam
703 1354 850 1385 mortua
883 1361 1041 1399 corpora
1074 1354 1220 1394 vestra,
1250 1361 1322 1398 per
1345 1350 1518 1399 spiritum
1548 1361 1655 1386 suum

109 1418 177 1468 qui
211 1416 311 1454 vobis
344 1415 549 1454 inhabitat:
595 1418 740 1467 itaque,
774 1417 948 1467 Ji‘atres,
983 1430 1056 1454 non
1088 1419 1200 1454 carne·
1219 1416 1404 1454 debitores
1432 1430 1580 1463 sumus,
1615 1424 1657 1455 ut

108 1486 309 1522 seeundum
339 1497 488 1522 carnem
523 1486 709 1522 vivamus:
752 1498 836 1522 nam
868 1487 906 1522 si
933 1486 1132 1522 secundum
1163 1498 1311 1522 carnem
1343 1486 1486 1531 vivitis,
1521 1488 1655 1523 morie-

111 1554 223 1599 mini,
257 1555 315 1590 sin
348 1565 433 1590 vero
463 1554 601 1603 spiritu
634 1553 871 1603 morlffieatis
903 1555 1072 1603 eorporis
1095 1559 1223 1599 uetus,
1260 1555 1400 1591 vivetis.
1464 1552 1654 1592 Animad-

109 1620 338 1660 vertendum
373 1626 433 1659 est
464 1619 565 1659 enim
601 1620 700 1674 quod
732 1619 969 1674 voluptatum
1003 1620 1237 1675 appetitum,
1273 1620 1335 1674 qui
1367 1620 1543 1675 corporis
1576 1629 1651 1672 est,

110 1690 262 1742 f3'ueque
291 1702 430 1742 corpus
462 1695 586 1728 morte
618 1688 713 1728 affici
747 1688 963 1729 confirmat.

223 1754 336 1808 Quod
364 1755 396 1796 si
421 1757 456 1796 id
480 1770 618 1797 rursus
646 1756 854 1807 obiiciant,
889 1771 957 1797 eur
980 1757 1097 1812 igitur
1126 1761 1309 1809 sapientia
1334 1761 1461 1797 earm's
1485 1772 1564 1797 esse
1585 1760 1651 1798 deo
1680 1763 1757 1806 Cap.
1780 1765 1833 1796 Lr.

108 1828 258 1864 inimica
291 1825 452 1876 dicitnr,
487 1828 567 1877 legi
593 1828 687 1864 enim
715 1828 778 1864 dei
806 1840 878 1866 non
907 1827 1120 1873 subiicitur,
1155 1841 1273 1878 neque
1292 1829 1388 1865 enim
1414 1834 1559 1879 potest,
1596 1827 1653 1867 sic
1674 1807 1760 1835 Rom.
1776 1809 1803 1838 θ’
1823 1808 1848 1836 π’

108 1893 388 1933 occurrendum
414 1894 510 1933 erit:
547 1893 801 1934 vehementer
822 1894 907 1934 illos
932 1894 1003 1934 hoc
1026 1895 1113 1934 loco
1136 1894 1275 1949 decipi.
1323 1893 1417 1935 Non
1440 1894 1542 1935 enim
1566 1909 1652 1935 oar-

109 1975 195 2002 nem
222 1961 366 2016 ipsam,
400 1962 467 2002 sed
503 1962 633 2002 carnis
662 1962 891 2016 sapientiam
920 1963 994 2016 legi
1020 1962 1080 2002 dei
1111 1962 1248 2003 subiici
1279 1977 1355 2003 non
1385 1977 1499 2017 posse
1525 1964 1652 2005 decla-

108 2037 189 2080 rat,
223 2044 321 2084 quae
347 2030 499 2084 quidem
527 2044 547 2070 a
581 2044 699 2070 carne
725 2031 933 2085 discrepat.
997 2029 1331 2084 Quemadmodum
1355 2031 1388 2071 si
1414 2032 1539 2083 dicat,
1573 2032 1652 2073 Ar-

106 2099 212 2152 genti
238 2098 397 2149 sordes,
431 2098 532 2152 quod
558 2112 634 2138 non
658 2099 752 2139 satis
775 2106 1022 2153 repurgatum
1053 2099 1124 2150 sit,
1160 2107 1200 2140 ut
1226 2114 1276 2140 ex
1302 2114 1348 2141 eo
1374 2114 1442 2141 vas
1467 2101 1648 2140 idoneum

106 2167 189 2208 fieri
215 2167 358 2222 possit,
392 2167 529 2207 artifici
558 2181 635 2207 non
658 2167 937 2218 subiiciuntur3
971 2181 1097 2222 neque
1122 2168 1224 2208 enim
1252 2176 1427 2224 possunt.
1489 2167 1647 2209 Etenim

107 2235 268 2278 excerni
297 2235 403 2291 prius
427 2236 538 2286 illas,
572 2242 687 2290 atque
713 2235 875 2290 eliquari
899 2236 1097 2277 convenit.
1159 2235 1248 2277 Nec
1275 2243 1476 2291 argentum
1504 2236 1648 2277 idcirco

106 2312 222 2359 negat
245 2304 282 2344 in
309 2318 378 2344 vas
409 2304 561 2358 aliquod
597 2304 687 2345 utile
720 2305 954 2345 conformari
988 2319 1125 2360 posse,
1160 2307 1227 2346 sed
1254 2305 1290 2346 id
1319 2306 1444 2346 solum
1475 2306 1575 2359 quod
1608 2306 1646 2346 in

106 2380 267 2428 argento
298 2373 567 2423 subaeratnm,
602 2387 645 2413 ac
681 2380 837 2428 propter
866 2373 1046 2414 duritiem
1076 2382 1287 2415 contumax
1319 2381 1394 2414 est.
1456 2373 1525 2415 Sic
1555 2389 1646 2430 apo-

106 2441 229 2483 stolus
257 2442 302 2482 de
327 2442 455 2482 carnis
481 2442 673 2496 sapientia
696 2442 858 2496 loquens
880 2457 957 2482 non
981 2457 1138 2483 carnem
1164 2443 1286 2498 ipsam
1315 2443 1458 2483 asserit
1483 2443 1544 2483 dei
1570 2444 1647 2498 legi

107 2524 182 2550 non
209 2524 324 2565 posse
345 2510 507 2561 subiici,
541 2511 608 2551 sed
632 2524 716 2550 eam
742 2524 838 2565 qnae
862 2518 921 2551 est
946 2511 982 2551 in
1011 2525 1130 2552 carne
1152 2511 1397 2567 sapientiam,
1432 2526 1506 2566 quo
1528 2527 1646 2553 voca-

105 2578 194 2619 bulo
218 2579 319 2619 illius
342 2579 379 2619 in
409 2580 628 2634 voluptates
652 2593 696 2619 ao
722 2579 899 2620 libidines
925 2581 1217 2635 propensiorem
1244 2580 1451 2634 significat.
1518 2581 1644 2636 Atque

106 2647 178 2687 hoc
213 2647 302 2688 alibi
342 2662 615 2702 nonnunquam
651 2656 753 2687 vetus
773 2650 1002 2702 fermentum
1033 2652 1197 2690 malitiae
1221 2664 1265 2688 ac
1297 2652 1483 2701 nequitiae
1512 2659 1642 2701 vocat,
1665 2666 1803 2702 Lem-..2
1822 2669 1848 2695 τ,

107 2729 189 2756 cum
218 2716 308 2757 illud
335 2716 503 2757 funditus
528 2730 549 2757 a
573 2715 685 2757 nobis
710 2717 905 2772 profligari
929 2718 1049 2758 iubet.
1110 2717 1400 2772 Nonnunquam
1434 2721 1550 2770 legem
1579 2733 1646 2774 ap-

109 2783 222 2838 pellat
243 2793 511 2838 repugnantem
538 2788 618 2837 legi
645 2789 796 2834 mentis,
831 2795 870 2826 et
897 2779 1080 2839 captivum
1104 2788 1356 2826 obducentem.
1420 2787 1578 2841 Alioqui
1610 2788 1641 2828 si
1663 2803 1786 2841 Roma,
1804 2807 1846 2835 23.

108 2865 262 2892 earnem
286 2854 405 2908 ipsam
431 2854 578 2894 diceret
601 2853 754 2895 divinae
777 2855 853 2909 legi
875 2855 1012 2896 subiici
1037 2870 1113 2895 non
1139 2868 1269 2909 posse,
1304 2855 1465 2910 primum
1491 2855 1643 2911 quoties

155 2953 203 2985 10.
228 2952 398 2997 πνεύματα
421 2957 488 2988 cod.
511 2966 568 2989 ms.
943 2958 988 2989 11.
1018 2959 1092 2989 Voce
1117 2958 1299 2992 ἓανατοῦτε
1322 2961 1354 2992 in
1373 2961 1439 2992 coel.
1467 2962 1572 2992 Veneto
1593 2961 1643 2992 in-

896 3004 954 3043 cip.
979 3004 1031 3042 [ol.
1051 3003 1126 3036 572.
1148 3013 1177 3035 v.
