2066 3319
471 179 649 212 PANAau
674 180 756 212 Lm.
778 181 816 212 u.
839 181 944 213 TOM.
966 182 1006 213 11.
1032 182 1160 213 HAER.
1181 181 1288 214 LXV.
1567 174 1646 215 385

120 272 191 313 que
217 258 400 313 possidet.
464 256 596 311 Quare
622 273 732 299 unam
757 273 845 301 esse
876 260 936 300 dei
961 261 1146 315 verbique
1171 275 1375 316 personam
1403 262 1642 313 existimant,

118 340 192 366 non
227 339 338 366 secus
372 332 485 379 atque
510 326 622 367 homo
654 342 752 367 unus
784 335 843 369 est
867 343 950 369 cum
973 330 1094 370 verbo
1123 344 1209 370 suo.
1273 328 1412 384 Neque
1445 330 1646 385 quicquam

118 394 294 448 amplius,
329 394 380 434 uti
406 394 502 444 dixi,
537 409 646 448 quam
671 393 802 436 ludaei
826 396 864 436 in
891 397 1070 452 opinione
1093 412 1160 438 sua
1184 405 1417 452 posuerunt,
1452 399 1556 439 caeci
1582 399 1648 439 lio-

118 461 263 513 mines,
298 475 345 502 ne
369 462 574 503 veritatem
600 464 741 504 intueri
776 465 947 519 possint,
983 473 1020 506 et
1045 466 1172 517 surdi,
1208 479 1255 506 ne
1287 466 1454 506 divinum
1488 467 1647 507 verbum

116 537 228 585 atque
256 537 439 570 aeternae
463 531 566 572 vitae
594 533 920 586 praedicationem
957 534 1183 588 percipiant.
1246 532 1337 573 Non
1364 537 1464 575 enim
1497 536 1549 575 illi
1582 549 1649 576 ve-

117 598 310 639 rissimum
335 599 526 653 evangelii
554 601 814 641 testimouium
839 609 1046 643 verentur:
1088 606 1131 641 In
1150 605 1337 654 principio
1368 611 1451 642 erat
1481 605 1641 652 verbum,
1665 608 1764 635 loanu.
1784 608 1807 642 ¹,
1827 607 1848 635 ¹·

116 676 150 707 et
181 668 326 706 verbum
357 670 458 719 apud
485 671 611 717 deum,
655 678 691 708 et
715 673 804 709 deas
827 679 909 709 erat
934 672 1105 709 verbum.-
1149 674 1269 709 omm'a
1296 686 1366 722 per
1400 675 1516 723 ipsum
1544 675 1648 723 sueta

114 744 220 783 sunt,
255 744 291 775 et
310 739 389 776 sine
409 740 488 788 ipso
508 739 650 788 factum
671 746 729 777 est
749 741 847 777 m'he'l
866 741 965 791 quod
977 740 1126 791 sactum
1151 747 1218 778 est.
1285 736 1327 778 Si
1354 739 1454 778 enim
1482 743 1518 779 in
1539 744 1647 791 pritt—

115 808 210 857 ezpio
237 806 386 844 verbum
409 814 505 853 erat,
540 814 577 845 et
597 808 744 845 vel-hum
766 815 848 845 erat
867 810 969 859 apud
986 809 1105 854 deum,
1143 807 1213 847 lloc
1237 807 1359 862 ipsum
1385 809 1483 861 quod
1510 808 1648 849 dicitur

115 887 203 914 esse
226 888 302 913 non
327 874 373 914 ad
397 874 515 914 solam
543 875 822 929 prolationem,
857 876 924 916 sed
947 875 992 915 ad
1017 875 1241 930 hypostasin
1265 890 1334 931 par
1356 883 1414 916 est
1435 877 1645 931 pertinere.

115 942 175 982 Ac
208 941 241 982 si
271 943 416 981 verbum
451 946 552 994 apud
582 946 709 991 deum,
754 958 830 983 non
861 951 989 998 potest
1021 944 1182 985 verbum
1218 945 1282 985 ille
1316 959 1402 986 esse
1437 946 1518 998 ipse
1550 945 1647 999 apud

115 1023 224 1064 quem
251 1018 355 1061 erat,
389 1025 513 1065 neque
538 1011 637 1051 euim
665 1012 762 1066 apud
788 1026 898 1066 quem
927 1020 1011 1053 erat
1039 1020 1098 1054 est
1121 1012 1298 1053 verbum.
1363 1011 1476 1066 Quod
1503 1013 1533 1054 si
1562 1027 1648 1054 ver-

115 1079 201 1119 bum
226 1079 316 1120 illud
337 1080 442 1120 velut
464 1081 501 1120 iu
526 1081 642 1120 corde
666 1081 760 1121 deus
784 1081 972 1132 continet,
1007 1081 1187 1136 nulloque
1210 1082 1322 1122 modo
1345 1082 1533 1135 genitum,
1568 1082 1648 1136 qui-

115 1162 201 1189 nam
227 1148 315 1189 illud
341 1149 489 1204 impleri
511 1156 639 1204 potest
664 1150 763 1203 quod
789 1149 947 1203 legitur,
980 1153 1090 1198 Erat,
1125 1150 1311 1204 itemque,
1345 1153 1444 1190 Deus
1467 1159 1552 1190 erat
1568 1165 1648 1189 ver-

115 1218 227 1256 bum?
284 1215 376 1258 Non
403 1218 504 1258 enim
533 1217 692 1258 verbum
727 1217 892 1259 hominis
927 1218 1040 1259 homo
1076 1226 1135 1259 est
1168 1219 1265 1273 apud
1300 1218 1515 1271 hominem,
1550 1219 1649 1274 quod

116 1299 240 1340 neque
264 1286 361 1326 vivit
389 1300 513 1340 neque
537 1286 728 1337 subsistit,
763 1287 830 1326 sed
859 1286 1026 1328 viventis
1050 1302 1093 1328 ac
1117 1287 1366 1328 subsistentis
1389 1288 1540 1342 quidam
1564 1302 1650 1328 cor-

116 1355 173 1395 dis
195 1361 320 1394 motus
346 1362 420 1406 est,
455 1369 530 1394 non
555 1355 790 1409 hypostasis.
854 1353 979 1395 Simul
1002 1355 1102 1396 enim
1130 1358 1340 1411 profertur,
1375 1357 1536 1397 subinde
1561 1370 1650 1397 nus-

115 1437 226 1477 quam
257 1430 336 1474 est,
369 1437 414 1463 ac
444 1423 587 1463 tamdiu
616 1423 702 1463 dum
734 1424 1004 1477 pronuntiatur
1037 1431 1251 1478 permanet.
1314 1424 1367 1464 At
1397 1425 1456 1464 dei
1488 1425 1647 1465 verbum

116 1490 273 1546 perinde
305 1505 347 1531 sc
380 1490 494 1531 habet
528 1505 571 1531 ac
601 1505 669 1546 per
704 1505 747 1531 os
784 1492 994 1546 prophetae
1029 1492 1186 1547 spiritus
1220 1500 1378 1533 sanctus
1410 1493 1645 1548 pronuntiat.

117 1561 272 1599 Verbum
299 1568 397 1599 tuum
422 1563 459 1599 in
485 1568 673 1598 aeternum
696 1569 900 1612 permanet.
965 1559 1067 1601 Huic
1092 1575 1206 1615 porro
1235 1568 1498 1601 consentanea
1531 1575 1648 1616 quae·
1667 1572 1716 1600 Ps.
1733 1573 1791 1607 118,
1809 1574 1849 1601 εει.

115 1628 199 1668 dam
223 1628 414 1682 evangelii
442 1628 609 1683 scriptor
630 1629 813 1680 affirmat,
849 1643 934 1668 cum
963 1629 1073 1669 deum
1098 1628 1315 1670 hominibus
1339 1629 1565 1685 apparuisse
1592 1637 1648 1670 at-

116 1710 189 1751 que
213 1697 420 1737 advenisse
449 1697 588 1751 prodit.
651 1696 792 1751 Neque
820 1711 903 1737 cum
932 1704 1149 1753 susceptam
1176 1712 1197 1738 a
1219 1698 1339 1739 verbo
1365 1712 1518 1739 caruem
1541 1712 1648 1739 asse-

114 1765 186 1816 rit,
220 1772 366 1820 patrem
389 1765 576 1820 adiungit.
641 1766 797 1804 Verbum
819 1768 933 1813 enim,
968 1766 1111 1820 inquit,
1144 1781 1232 1805 earo
1245 1768 1394 1820 sactum
1420 1775 1488 1815 est,
1522 1775 1558 1806 et
1579 1770 1849 1814 lea-loann.1,14.

115 1834 247 1873 bz'tavz't
268 1837 304 1872 in
328 1835 446 1873 nobis.
510 1831 601 1873 Nou
627 1834 745 1884 dixit,
783 1836 937 1873 Verbum
967 1843 1006 1873 et
1028 1844 1139 1887 pater
1168 1849 1256 1874 caro
1283 1838 1426 1888 sactum
1451 1844 1518 1875 est.
1586 1833 1648 1876 Si-

114 1901 256 1942 militer
280 1902 366 1942 dum
395 1902 452 1942 his
479 1902 610 1942 verbis
637 1903 779 1943 utitur:
822 1906 866 1942 In
891 1906 1077 1955 princ-ipio
1111 1912 1195 1943 erut
1222 1906 1390 1953 verbum,
1433 1913 1471 1944 et
1499 1905 1646 1944 verbum

114 1979 197 2010 erat
229 1973 330 2023 apud
366 1973 494 2018 deum,
540 1979 577 2010 et
614 1974 703 2010 deus
737 1980 820 2010 era!
860 1973 1027 2020 verbum,
1076 1987 1150 2013 non
1196 1972 1320 2024 dixit,
1370 1971 1410 2014 ln
1451 1973 1523 2014 deo
1564 1979 1649 2013 erat

115 2039 290 2080 verbum.

226 2107 286 2148 Ac
313 2121 360 2148 ne
387 2107 566 2148 fortassis
592 2107 707 2162 aliqui
746 2122 944 2163 perperam
977 2123 1021 2150 ac
1050 2108 1240 2151 malitiose
1268 2110 1361 2151 haec
1387 2110 1646 2165 interpreten—
1669 2117 1746 2160 Cap.
1773 2118 1825 2149 IV.

116 2182 199 2227 tur,
234 2183 272 2216 et
299 2176 512 2216 clarissima
540 2176 736 2230 vitamque
770 2176 1016 2217 conciliantia
1046 2177 1165 2218 verba
1199 2179 1243 2219 ad
1276 2193 1385 2219 suam
1417 2180 1645 2234 pravitatem

117 2244 366 2299 fraudemque
391 2251 622 2285 convertant
654 2246 795 2299 (neque
819 2245 920 2286 enim
949 2260 1024 2286 uno
1058 2247 1270 2301 eodemque
1297 2249 1408 2288 modo
1434 2261 1501 2287 cor
1527 2246 1646 2286 homi-

117 2313 175 2354 nis
199 2313 244 2354 ab
272 2314 473 2354 iuventute
496 2313 660 2368 quodam
694 2320 755 2353 est
784 2315 821 2353 in
852 2314 949 2354 mala
975 2314 1102 2355 studio
1131 2317 1407 2371 propensum),
1447 2323 1561 2369 atque
1594 2316 1645 2355 ita

117 2382 244 2423 dicere
267 2382 561 2437 aggrediantur:
605 2380 697 2422 Non
723 2381 775 2422 ita
801 2382 955 2437 scripsit
981 2381 1170 2435 loannes,
1212 2388 1256 2424 In
1279 2388 1345 2423 deo
1367 2392 1448 2423 erat
1479 2385 1640 2431 verbum,

118 2457 217 2490 utet
242 2451 323 2505 ipse
349 2464 509 2501 narras,
544 2450 610 2490 sed
643 2453 760 2503 Apud
779 2453 883 2490 deum
908 2459 991 2491 erac
1012 2453 1183 2501 verbum5
1225 2467 1298 2507 qua
1329 2466 1370 2493 re
1403 2467 1479 2492 non
1512 2459 1570 2493 est
1594 2467 1646 2493 ex

118 2519 237 2573 patris
267 2519 482 2560 substantia
509 2518 693 2569 verbum,
728 2520 794 2559 sed
826 2527 940 2561 extra
974 2521 1108 2561 deum:
1153 2528 1193 2561 ut
1222 2522 1338 2575 igitur
1371 2520 1417 2560 iis
1450 2529 1644 2573 occurrat,

117 2585 215 2628 filios
234 2601 386 2628 rursum
411 2602 503 2629 suos
526 2586 727 2641 corrigens
750 2588 894 2629 veritas
915 2589 959 2629 ad
983 2589 1178 2630 saniorem
1199 2596 1364 2630 mentem
1385 2589 1548 2640 reducit,
1583 2604 1647 2630 co-

118 2654 402 2711 gitationesque
429 2657 535 2698 velut
560 2663 695 2696 contra
727 2670 770 2697 se
801 2658 1022 2698 meretricio
1055 2671 1161 2698 more
1190 2664 1406 2698 scortantes
1432 2658 1643 2712 redarguit,

120 2722 172 2763 ita
200 2724 364 2779 denique
391 2725 611 2780 unigenitus
645 2724 727 2779 ipse
757 2732 941 2766 testatur:
987 2729 1071 2778 Ego
1099 2741 1120 2765 α
1148 2735 1257 2778 patre
1289 2729 1408 2773 eoez'vz',
1452 2734 1489 2765 et
1517 2731 1845 2776 venebs1oann.16‚2a.

120 2788 240 2832 Item:
273 2795 358 2845 Ego
382 2797 418 2833 e'n
434 2801 566 2846 patre,
600 2802 637 2832 et
660 2801 771 2844 pater
793 2809 830 2833 m
857 2809 912 2834 me
939 2803 1006 2834 est.
1071 2794 1126 2834 At
1148 2801 1256 2848 pater
1281 2795 1326 2834 de
1352 2794 1428 2835 lilio
1459 2808 1527 2850 per
1558 2809 1846 2851 pro-loannimo.

121 2859 254 2914 phetas
278 2861 466 2916 loquens,
501 2876 576 2902 non
602 2862 710 2916 quasi
738 2876 925 2918 corporea
960 2862 1059 2903 mole
1092 2869 1266 2913 constet,
1300 2863 1366 2903 scd
1400 2863 1647 2919 intelligibili-

144 2961 244 3038 lcff.
268 2964 322 2995 lv.
355 2982 398 2988 —
457 2965 486 2997 1.
522 2957 587 3007 ἆρα
623 2967 696 2997 uber
732 2967 864 3005 scriptus
953 2966 984 2997 2.
1009 2961 1045 2998 ου’
1071 2966 1181 2996 excidit
1207 2966 1245 2996 ab
1270 2966 1339 2997 edu.
1361 2967 1466 2998 Petav.

122 3017 140 3037 u
156 3017 256 3047 erque.

199 3062 312 3098 eorpus
331 3063 507 3091 Haereseol.
528 3064 562 3090 ll.
583 3067 606 3093 2.
1325 3072 1376 3110 25
