2066 3319
489 204 671 236 PANAssn
697 204 781 236 ΜΒ.
801 205 841 236 Ιι.
866 206 1035 237 TOM.11.
1061 206 1334 237 HAER.LXV1.
1608 199 1689 237 547

134 282 318 324 micilium
353 282 574 333 collocans,
618 296 717 336 quae
752 282 866 322 bodie
897 281 1039 323 lndaea
1068 284 1230 335 dicitnr,
1277 285 1375 325 filios
1409 285 1507 326 istos
1538 286 1688 339 genuit,

134 349 444 401 Amorrhaeum,
493 348 789 404 Gergaeseum,
841 349 1134 402 pherezaeum,
1186 351 1441 402 lebusafflnn,
1490 352 1686 405 Emeum,

131 419 402 468 Arrucaeum,
448 415 707 467 Chettaeum,
754 417 1006 470 Asenaeum,
1052 418 1332 470 Samaraeuin,
1377 419 1607 473 Sidonium,
1654 427 1691 461 et

132 483 404 526 Philistaeum.
452 483 578 538 Quam
606 485 654 526 ob
681 500 860 526 caussam
888 487 1066 527 dominus
1094 487 1132 527 in
1159 488 1246 541 lege
1270 488 1412 537 veteri,
1447 496 1487 528 ut
1512 490 1694 530 ostende-

132 561 193 594 ret
211 553 249 594 in
274 553 357 594 iure
382 553 544 594 iurando
567 554 718 594 illorum
745 554 896 609 impleri
924 562 1105 609 peccata,
1139 571 1154 594 Α
1171 558 1329 603 'omnam
1365 556 1503 609 inquit,
1539 560 1688 609 impleta
1709 565 1786 593 Gen.
1802 567 1841 599 15,
1858 568 1897 594 lli.

131 629 220 661 sunt
239 624 564 661 Amorrhaeot‘um
584 630 754 674 pecc-ala.
818 620 879 662 Ob
907 623 942 662 id
976 623 1012 662 in
1041 630 1170 662 monte
1200 622 1343 662 diutius
1376 623 1611 675 haeserunt,
1646 640 1691 666 ac

133 703 265 730 moras
300 689 337 729 in
365 689 575 730 solitudine
615 697 844 741 traxerunt,
890 691 1014 730 donec
1049 691 1150 730 ultro
1184 691 1337 745 seipsos
1370 691 1424 731 illi
1459 693 1693 733 condemna-

132 765 242 808 rent,
278 772 323 798 ac
354 758 441 798 liliis
469 756 585 807 Sem,
632 772 728 812 quos
763 758 904 798 iniuria
936 758 1081 812 pridem
1119 759 1355 809 affecerant,
1401 759 1541 800 bellum
1577 762 1691 801 ctiam

132 826 338 866 inferrent.
403 824 554 880 Quippe
584 824 676 866 Sem
703 826 838 879 genuit
860 826 1093 880 Arphaxad,
1129 826 1342 879 Arpliaxad
1377 825 1565 878 Cainam,
1602 826 1693 870 Cai-

134 907 204 934 nas
232 891 391 944 Salam,
426 892 541 935 Salas
571 892 725 944 Hebrr,
763 893 896 933 {leber
923 892 1091 945 Plialec,
1125 893 1272 935 Plialec
1305 894 1494 949 Rbagw,
1527 895 1693 951 Rliagau

135 959 312 1012 Sernch,
347 960 500 1002 Serucli
526 960 711 1011 Naclior,
745 960 911 1001 Naclior
937 960 1094 1011 Tlmrc,
1131 962 1266 1002 Tliare
1294 963 1485 1014 Abraam,
1519 965 1693 1004 Abraam

133 1027 271 1080 Isaac,
309 1028 422 1069 lsaac
454 1027 592 1080 lacob,
638 1027 754 1069 lacob
788 1027 944 1079 ludam,
990 1028 1105 1070 ludas
1130 1028 1306 1080 Pharcs,
1347 1029 1498 1071 Pliares
1531 1031 1691 1083 Esroin,

134 1095 278 1138 Esrom
304 1097 491 1147 Amram,
526 1097 687 1137 Amram
713 1096 958 1147 Aminadab,
993 1098 1215 1138 Aminadab
1236 1097 1441 1139 Naasson.
1507 1097 1692 1140 Ceterum

133 1163 318 1206 Naasson
352 1163 469 1205 ludae
506 1165 629 1205 tribus
664 1164 849 1220 principis
881 1172 919 1206 et
943 1163 1033 1205 Iesu
1057 1165 1173 1207 Nave
1207 1166 1272 1206 filii
1299 1174 1473 1222 tempore
1507 1168 1570 1207 lilii
1599 1165 1692 1208 Sem

135 1233 337 1287 regionem
367 1247 474 1274 suam
513 1248 589 1273 non
629 1234 743 1273 modo
776 1234 879 1273 nulla
906 1233 1131 1288 cuiusquam
1167 1234 1331 1285 iniuria,
1376 1236 1444 1275 sed
1480 1235 1695 1277 iustissimo

136 1302 252 1342 etiam
277 1301 336 1341 dci
361 1301 503 1341 iudicio
528 1308 776 1356 receperunt.
841 1300 965 1354 Igitur
987 1301 1255 1342 Hierichuntis
1283 1303 1436 1343 moenia
1461 1311 1600 1359 sponte
1624 1318 1696 1345 sua

137 1369 308 1423 collapsa
337 1377 452 1420 snnt3
500 1369 647 1409 iustitia
681 1370 782 1409 enim
822 1383 968 1424 poenas
1000 1371 1045 1410 dc
1083 1371 1272 1411 iniustitia
1302 1373 1459 1426 repetit.
1523 1370 1695 1413 Proinde

137 1444 286 1492 septem
314 1437 449 1478 diebus
471 1451 604 1477 muros
630 1437 865 1489 ambierunt,
894 1439 931 1478 in
958 1452 1055 1492 quos
1079 1438 1283 1479 sabbatum
1308 1439 1457 1490 incidit,
1485 1455 1560 1494 quo
1586 1441 1699 1495 plena

137 1512 266 1557 esset,
301 1505 574 1560 cumulataque
607 1505 771 1546 iustitia.

251 1641 341 1682 Nec
362 1642 453 1682 illud
481 1643 593 1682 modo
620 1641 782 1682 sabbato
809 1642 986 1696 contigit.
1052 1641 1131 1684 Sed
1165 1658 1248 1683 cuin
1275 1645 1487 1684 sanctuarii
1517 1634 1890 1709 candela-UQQQVI

139 1710 248 1751 brum
276 1711 314 1750 in
338 1710 592 1751 tabernaculo
617 1710 829 1750 testimonii
852 1717 1001 1765 septem
1030 1710 1210 1752 lucernas
1233 1711 1408 1762 liaberet,
1443 1725 1579 1752 omnes
1606 1712 1695 1753 illae
1712 1721 1863 1751 mom-25.
1895 1704 1902 1710 ⁰

137 1778 308 1832 quotidie
334 1778 482 1833 pariter
510 1778 847 1828 accendebantur,
893 1792 964 1818 nec
992 1778 1069 1818 ullo
1098 1779 1159 1819 die
1186 1780 1368 1820 cessabat
1394 1794 1527 1820 earum
1550 1780 1695 1834 aliqua,

136 1847 203 1887 sed
230 1847 365 1887 eadem
403 1847 471 1887 lux
506 1846 671 1900 singulis
708 1846 843 1886 diebus
876 1846 1049 1887 ardebat.
1113 1845 1270 1887 Etenim
1302 1847 1506 1888 sabbatum
1541 1862 1619 1888 non
1651 1849 1698 1888 ad

137 1915 498 1965 intercludendum,
543 1915 609 1955 sed
646 1915 691 1954 ad
726 1915 1000 1969 praestandum
1027 1914 1170 1955 bonum
1201 1929 1297 1970 opus
1332 1923 1392 1956 est
1422 1916 1696 1956 constitutum.

140 1980 317 2037 Cumque
342 1997 456 2023 nemo
480 1982 634 2037 penitus
670 1982 708 2022 in
740 1982 941 2023 duodecim
976 1983 1150 2024 tribubus
1186 1990 1371 2038 operatus
1406 1991 1534 2034 esset,
1570 1984 1696 2024 solum

139 2051 261 2091 altare
291 2065 486 2105 nunquam
523 2050 758 2101 feriabatur,
803 2058 844 2091 ut
874 2050 913 2090 in
939 2051 1144 2104 evangelio
1174 2058 1341 2092 testatur
1372 2052 1575 2093 dominus:
1622 2055 1904 2096 Sa-Matm.12,⁶.

141 2122 313 2158 cerdotes
340 2122 460 2158 veslt·e'
479 2121 621 2157 violant
644 2122 682 2157 ile
710 2121 843 2170 lemplo
866 2120 1059 2158 sabbatam
1073 2150 1084 2167 ,
1119 2134 1164 2158 ac
1188 2123 1270 2158 Sine
1298 2122 1409 2171 culpa
1434 2128 1535 2159 sunt.
1599 2117 1699 2159 Pro-

140 2187 312 2242 phanare
340 2200 436 2228 vero
460 2186 559 2226 idem
584 2193 644 2226 est
670 2200 714 2226 ac
738 2186 910 2228 solvere.
976 2186 1182 2240 Quomodo
1208 2201 1303 2228 vero
1329 2188 1486 2228 solvere
1515 2188 1698 2227 dicuntur

143 2255 218 2296 nisi
243 2256 342 2310 quod
376 2255 449 2294 deo
485 2254 717 2294 sacrificium
743 2254 935 2306 offerunt,
978 2269 1027 2295 ne
1062 2255 1184 2296 altare
1209 2255 1261 2295 sit
1286 2255 1484 2295 otiosum?
1545 2253 1624 2295 Sed
1658 2261 1699 2294 ut

141 2323 215 2364 ista
244 2330 513 2378 praeteream,
549 2322 685 2362 eodem
710 2323 746 2363 in
776 2322 939 2364 sabbato
963 2323 1019 2364 sol
1045 2323 1169 2363 oritur
1195 2331 1235 2364 et
1259 2322 1421 2373 occidit,
1457 2322 1549 2362 luna
1579 2335 1699 2375 auge-

143 2392 240 2442 scit,
275 2405 320 2431 ac
344 2390 552 2441 minuitur,
587 2397 795 2431 ventorum
822 2391 934 2432 ssatus
961 2391 1169 2446 ingruunt,
1204 2392 1353 2431 fructus
1380 2390 1585 2444 pullulant,
1619 2403 1701 2429 ma-

145 2466 226 2500 tres
252 2459 427 2514 pariunt,
462 2465 672 2512 ceteraque
695 2458 790 2498 liunt
813 2459 955 2500 omnia.
1006 2458 1099 2500 ldeo
1123 2459 1288 2500 veniens
1315 2458 1399 2512 ipse
1423 2457 1601 2497 dominus
1623 2471 1701 2497 non

146 2527 322 2568 fabrilem
346 2527 384 2568 in
403 2526 564 2567 sabbato
587 2533 734 2574 artem,
769 2541 844 2566 non
879 2527 1097 2577 aerariam,
1133 2534 1199 2567 aut
1225 2527 1339 2566 aliam
1367 2525 1402 2564 id
1432 2539 1556 2578 genus
1586 2538 1703 2565 excr-

146 2594 241 2646 euit,
275 2595 343 2636 sed
367 2600 501 2649 utpote
522 2594 616 2634 deus
641 2594 812 2634 divinum
837 2608 934 2649 opus
959 2595 1113 2636 molitus
1137 2601 1211 2635 cst.
1281 2595 1395 2640 Tolle,
1432 2592 1571 2645 inquit,
1601 2607 1696 2644 gra·
1712 2600 1810 2629 Marc.
1830 2600 1857 2633 ²,
1874 2600 1899 2627 5.

148 2663 271 2703 batum
309 2670 432 2710 tuum,
482 2670 518 2701 et
549 2663 719 2709 anibula,
765 2668 806 2702 ut
842 2676 893 2703 ex
928 2663 1012 2718 ipso
1039 2669 1219 2717 gestante
1248 2662 1293 2701 de
1326 2659 1502 2700 miraculi
1537 2661 1706 2700 veritate

149 2737 375 2781 constaret,
422 2737 460 2771 et
492 2744 578 2770 eum
609 2743 745 2770 omnes
770 2738 1031 2784 agnoscerent
1058 2730 1120 2784 qui
1146 2737 1186 2769 ut
1209 2730 1376 2769 humano
1404 2727 1541 2781 generi
1563 2727 1707 2769 subve-

195 2831 227 2866 9.
253 2830 368 2875 ἐρώμ,
393 2829 488 2875 ἐρώμ
512 2833 580 2865 cod.
602 2833 731 2872 Rhediy.
950 2834 1045 2864 etiam
1073 2833 1201 2885 Cornar.
1228 2833 1259 2862 in
1286 2832 1424 2862 versione
1449 2830 1573 2861 Latina.
1624 2830 1707 2881 ξάἱίῐ

197 2899 249 2932 10.
274 2895 462 2943 ἅμιναδάμ,
478 2897 735 2942 ἀμιναδὰμοοα.
750 2909 806 2931 ms.
822 2903 905 2931 uter-
949 2875 1300 2952 1)ενέ>ἵ;.ιηί)ιὲγχνί’ῧι
1328 2876 1381 2944 CL
1400 2875 1708 2957 suilrffzucgtpdfiba.

152 2953 219 2985 ΨΜ·
952 2977 1007 2999 ms.
1033 2970 1167 3006 uterque.
1215 2967 1301 2997 Edili
1327 2964 1456 2999 Σωσίαν.

224 3013 251 3044 l·
276 3010 391 3046 ἐλύετο
413 3014 503 3046 codd.
527 3022 599 3046 mss.
613 3036 624 3054 ,
653 3013 737 3054 quod
758 3015 907 3054 expressit
998 3013 1029 3044 2.
1057 3010 1222 3055 κράβατον
1253 3011 1344 3043 codd.
1367 3020 1441 3043 mss.

1327 3067 1420 3110 35*
