2066 3319
214 1107 302 1151 Κεφ.
324 1106 364 1150 γ’.

226 1318 291 1346 pag.
314 1311 371 1339 82⁰.

403 201 482 241 402
968 209 1127 242 SANGTI
1151 211 1375 243 EPIPHANII

400 287 440 326 ἐν
460 290 544 333 ταῖς
563 287 756 333 διανοίαις
780 289 855 326 τῶν
881 283 1140 339 ἠπατημένων
1166 287 1392 341 ἐνστήσηται
1412 294 1494 337 τοῖς
1518 291 1736 342 νομίζουσιν
1766 288 1866 332 εἶναί
1892 308 1926 332 τι

399 349 492 403 μετά
516 350 584 392 τόν
607 350 718 402 ὄντα,
749 353 815 393 καὶ
841 351 894 401 ὥς
918 355 1038 395 εἰπεῖν
1063 356 1104 396 ἐκ
1126 357 1197 396 δύο
1225 358 1359 409 ρίζων,
1389 355 1417 409 ἢ
1437 356 1509 398 δύο
1535 355 1662 412 ἀρχῶν
1685 359 1925 412 ἐνεργεῖσθαι

396 418 444 459 τά
468 417 608 469 πάντα,
641 418 735 474 ὅπερ
761 421 839 461 ἐστὶ
863 420 1021 462 πάντων
1042 424 1343 476 δυσσεβέστατον
1366 424 1431 464 καὶ
1456 424 1762 479 μοχθηρότατον.
1815 424 1925 466 ’Λλλά

396 488 485 540 περὶ
514 486 656 529 τούτου
687 483 808 537 αὖθις
839 490 926 544 ἐρῶ.
983 487 1048 530 Ἐν
1077 488 1228 539 τούτοις
1252 489 1325 545 γάρ
1351 489 1373 532 ὁ
1395 493 1675 547 προειρημένος
1697 492 1926 541 Σκυθιανός

395 556 622 607 τυφλωθεὶς
642 554 714 609 τήν
736 554 927 606 διάνοιαν,
957 556 1088 609 λαβών
1109 556 1217 613 παρά
1237 557 1482 613 Πυθαγόρου
1507 558 1576 608 τάς
1597 559 1826 615 προφάσεις,
1858 560 1922 602 οὕ-

393 639 470 671 τως
491 622 708 678 ἐφρόνησε,
739 626 806 665 καὶ
837 627 996 677 βίβλους
1019 626 1203 679 τέσσαρας
1227 626 1349 682 ἑαυτῷ
1372 625 1598 678 πλάσσεται,
1628 633 1676 684 τῇ
1702 632 1772 685 μιᾷ
1799 627 1923 680 ὄνομα

392 691 560 743 θέμενος
581 694 836 746 Μυστηρίων,
868 697 915 750 τῇ
942 693 983 734 δὲ
1005 693 1163 749 δευτέρᾳ
1190 697 1437 745 Κεφαλαίων,
1469 700 1516 752 τῇ
1536 698 1644 752 τρίτῃ
1669 693 1921 750 Εὗαγγέλιον,

392 763 441 816 τῇ
462 757 625 817 τετάρτῃ
654 762 892 815 Θησαυρῶν,
925 761 965 801 ἐν
991 759 1055 809 αἶς
1074 760 1121 802 τά
1145 760 1301 816 ἶσόζυγα
1324 763 1391 803 καὶ
1413 761 1459 803 τά
1485 762 1675 817 ἰσόρροπα
1699 761 1770 804 δύο
1795 762 1923 817 ἀρχῶν

392 825 572 876 συζεύξας
598 826 788 881 πρόςωπα
810 827 903 869 καθ’
924 827 1089 881 ἑκάστην
1114 827 1331 880 ὑπόθεσιν,
1363 828 1488 878 οὕτως
1511 828 1721 882 ὑπολαβών
1747 829 1769 871 ὁ
1792 830 1920 881 τάλας,

389 895 458 935 καὶ
480 893 607 944 οὕτως
626 894 725 937 κατά
746 900 860 938 τοῦτο
886 895 928 938 τὸ
951 897 1067 952 μέρος
1089 896 1334 948 ἐφαντάζετο,
1366 897 1419 946 ὥς
1440 916 1473 939 τι
1496 899 1592 952 μέγα
1615 896 1739 951 εὑρών
1761 903 1814 955 τῷ
1835 901 1920 955 βίῳ.

392 963 471 1003 Καὶ
491 967 546 1020 τῷ
574 961 656 1005 ὄντι
680 965 777 1019 μέγα
804 963 928 1006 κακόν
958 963 1096 1020 εὕρατο
1125 970 1176 1022 τῷ
1201 968 1297 1023 βίῳ,
1329 964 1422 1007 καθ’
1446 967 1588 1007 ἑαυτοῦ
1619 966 1686 1006 καὶ
1716 970 1793 1007 τῶν
1823 963 1910 1007 θῦπ

392 1028 515 1073 αὐτοῦ
545 1033 816 1084 πλανωμένων.

500 1096 658 1152 Ἐπειδὴ
683 1101 724 1140 δὲ
754 1099 776 1142 ὁ
805 1098 902 1155 ἀνὴρ
935 1102 975 1142 ἐν
999 1099 1151 1149 τούτοις
1175 1096 1245 1153 ἦν,
1285 1098 1446 1153 ἀκηκόει
1474 1102 1515 1142 δὲ
1538 1106 1622 1150 πῶς
1652 1103 1693 1142 οἱ
1718 1105 1920 1156 προφῆται

388 1167 455 1208 καὶ
479 1164 502 1208 ὁ
524 1166 645 1220 νόμος
674 1167 945 1223 προεφήτευον
978 1169 1066 1223 περὶ
1089 1173 1156 1221 τῆς
1179 1173 1250 1210 τοῦ
1281 1167 1431 1221 κόσμου
1458 1167 1696 1219 συστάσεως,
1734 1170 1800 1210 καὶ
1830 1170 1919 1224 περὶ

387 1239 458 1276 τοῦ
490 1234 576 1284 §mig
599 1236 665 1276 καὶ
689 1235 907 1290 μονάρχου,
937 1241 1009 1277 τοῦ
1035 1235 1094 1276 ἀεὶ
1122 1235 1254 1286 ὄντος,
1292 1237 1359 1277 καὶ
1391 1236 1442 1289 μή
1477 1238 1740 1285 διαλείποντος
1768 1241 1837 1278 τοῦ
1867 1234 1915 1278 εἶ-

390 1319 474 1353 ναι,
505 1301 654 1357 πατρός
680 1304 747 1344 καὶ
773 1308 844 1345 τοῦ
871 1301 993 1345 αὐτοῦ
1015 1305 1107 1344 υἷοῦ
1130 1304 1196 1344 καὶ
1219 1308 1288 1344 τοῦ
1319 1302 1434 1358 άγίου
1467 1303 1704 1357 πνεύματος,
1736 1302 1915 1358 ἠθέλησε,

385 1372 634 1427 περιττοτέρα
658 1372 735 1413 τινὶ
757 1370 973 1425 φερόμενος
995 1369 1225 1426 ἡδυπαθείᾳ
1250 1372 1317 1412 καὶ
1348 1370 1445 1412 κατά
1473 1370 1540 1413 τὸν
1573 1370 1766 1413 ἰδιωτικόν
1796 1371 1916 1414 αὐτοῦ

383 1443 478 1480 νοῦν
500 1438 768 1489 ἐπιτωθάζων,
800 1440 866 1479 καὶ
889 1441 1024 1493 βαρεῖς
1043 1440 1232 1493 στρήνους
1252 1440 1293 1480 ἐν
1315 1440 1438 1496 ἐαυτῷ
1464 1437 1664 1494 ἀγόμενος,
1695 1440 1916 1482 στέλλεσθαι

382 1504 453 1559 τὴν
476 1509 637 1561 πορείαν
662 1508 729 1548 ἐπὶ
759 1506 806 1548 τά
829 1504 1077 1561 Ἰεροσόλυμα
1096 1512 1125 1565 ,1
1141 1508 1229 1561 περὶ
1259 1505 1351 1555 τους
1380 1505 1546 1562 χρόνους
1570 1512 1646 1549 τῶν
1676 1505 1914 1559 ἀποστόλων,

385 1572 439 1623 οἷς
470 1577 595 1627 δῆθεν
618 1576 739 1617 ἐκεῖσε
763 1574 998 1628 ποιούμενος
1019 1572 1088 1616 τόν
1111 1573 1227 1628 λόγον
1250 1576 1339 1630 περὶ
1360 1573 1453 1622 τούς
1481 1573 1529 1615 τά
1553 1576 1676 1631 2περὶ
1705 1579 1915 1631 μοναρχίας

382 1640 657 1697 κηρύττοντας,
688 1644 755 1684 καὶ
778 1647 854 1684 τῶν
875 1647 945 1684 τοῦ
970 1647 1070 1683 θεοῦ
1094 1641 1323 1695 κτισμάτων.
1381 1641 1424 1683 Ὁ
1447 1642 1488 1684 δὲ
1509 1641 1625 1691 τάλας
1647 1641 1822 1685 ἀνελθών
1845 1643 1913 1684 ἀν-

380 1708 571 1762 τιβάλλειν
592 1709 734 1765 ’ἤρξατο
757 1709 857 1765 πρὸς
878 1709 970 1759 τοῦς
993 1712 1113 1752 ἐκεῖσε
1138 1711 1442 1765 πρεσβυτέρους,
1473 1708 1566 1759 τούς
1587 1709 1685 1752 κατά
1705 1709 1775 1765 τὴν
1796 1728 1911 1764 νομο-

379 1780 520 1819 θεσίαν
543 1783 644 1820 θεοῦ
667 1777 736 1832 τήν
755 1783 809 1836 τῷ
834 1783 994 1836 Μωϋσῇ
1016 1781 1203 1820 δοθεῖσαν
1233 1780 1300 1820 καὶ
1329 1783 1553 1836 προφητικῇ
1575 1777 1738 1820 ἑκάστου
1758 1778 1912 1834 προφή-

379 1862 450 1887 του
482 1848 714 1903 διδασκαλίᾳ
737 1849 942 1899 βιοῦντας,
975 1846 1053 1897 ὅτι,
1088 1851 1184 1895 Πῶς
1214 1863 1312 1898 φατε
1342 1847 1409 1888 ἕνα
1435 1845 1532 1888 θεὸν
1566 1846 1664 1888 3τόν
1692 1846 1911 1900 ποιήσαντα

379 1912 502 1955 νύκτα
524 1930 563 1955 τε
588 1916 654 1956 καὶ
678 1912 844 1969 ἡμέραν,
876 1913 1002 1969 σάρκα
1025 1931 1062 1955 τε
1086 1916 1152 1955 καὶ
1176 1913 1326 1967 ψυχὴν,
1357 1913 1476 1969 ξηρόν
1504 1931 1543 1956 τε
1573 1916 1640 1956 καὶ
1671 1912 1812 1970 ὖγρὸν,
1844 1913 1909 1957 οὐ·

380 1980 503 2036 ρανόν
524 1998 564 2022 τε
586 1983 653 2024 καὶ
674 1987 758 2037 γῆν,
791 1981 931 2031 σκότος
953 1999 991 2023 τε
1013 1983 1080 2023 καὶ
1104 1987 1209 2034 φῶς,-
1241 1984 1281 2024 οἵ
1300 1983 1342 2023 δὲ
1364 1988 1501 2034 σαφῶς
1521 1984 1734 2024 ἐδείκνυον·
1765 1981 1814 2025 οὐ
1835 1982 1907 2038 γάρ

377 2046 404 2102 ἦ
427 2047 596 2102 ἀλήθεια
625 2051 957 2106 παρακέκρυπται.
1015 2049 1058 2091 Ὁ
1086 2051 1127 2091 δὲ
1157 2049 1363 2105 ἀντιλέγων
1392 2049 1464 2093 οὐκ
1487 2049 1687 2109 ᾐσχύνετο·
1718 2051 1838 2104 μηδὲν
1866 2051 1908 2092 δὲ

377 2116 598 2171 δυνάμενος
621 2123 854 2173 περαιῶσαι,
887 2118 994 2171 ὅμως
1015 2123 1062 2175 τῇ
1086 2116 1334 2175 ἀναισχυντία
1364 2123 1432 2172 τῆς
1457 2117 1713 2172 χαλεπότητος
1737 2120 1904 2174 ἐφέρετο.

375 2182 443 2234 Ὡς
465 2186 507 2227 δὲ
528 2184 601 2228 οὐκ
627 2187 757 2240 ἰ’σχυσέ
781 2204 816 2227 τι
839 2184 999 2237 ἀνύσαι,
1030 2184 1123 2227 ἀλλά
1150 2185 1192 2227 vd
1224 2181 1341 2240 ἧττον
1363 2192 1503 2240 μᾶλλον
1526 2185 1790 2242 ἀπηνέγκατο,
1822 2188 1906 2228 ἐπε-

375 2251 535 2306 τήδευσε
563 2252 612 2295 δι’
636 2249 692 2295 ὧν
725 2252 798 2307 εἶχε
830 2258 1006 2308 μαγικῶν
1036 2256 1195 2307 βιβλίων
1223 2256 1305 2307 (καὶ
1336 2253 1408 2310 γάρ
1439 2256 1505 2297 καὶ
1534 2253 1627 2310 γόης
1650 2250 1700 2309 ἦν
1729 2252 1808 2298 ἀπὸ
1837 2259 1906 2308 τῆς

376 2325 455 2362 τῶν
473 2319 607 2363 Ἰνδῶν
628 2323 696 2363 καὶ
713 2324 944 2377 Αἰγυπτίων
963 2323 1029 2363 καὶ
1053 2321 1289 2375 ἐθνομύθου
1312 2326 1471 2375 σοφίας,
1503 2322 1836 2378 ἐμπορευσάμενος
1857 2320 1905 2364 τά

376 2388 481 2430 δεινά
501 2390 568 2431 καὶ
590 2387 765 2444 ὄλετήρια
785 2394 854 2442 τῆς
874 2392 1064 2444 γοητείας)
1097 2393 1315 2442 φαντασίαν
1334 2389 1418 2432 τινά
1444 2392 1508 2433 ἐπὶ
1528 2390 1705 2445 δώματος
1726 2389 1903 2432 ἀνελθών

373 2457 440 2498 καὶ
468 2457 742 2510 ἐπιτηδεύσας,
775 2457 883 2510 ὅμως
907 2455 1021 2498 οὐδὲν
1047 2457 1221 2510 ἰσχύσας,
1253 2457 1345 2500 ἀλλά
1364 2458 1593 2501 καταπεσών
1615 2461 1657 2501 ἐκ
1678 2463 1748 2501 τοῦ
1771 2458 1900 2512 δώμα-

374 2541 440 2573 τος
460 2526 555 2567 τέλει
575 2530 645 2567 τοῦ
668 2528 757 2578 βίου
787 2524 983 2580 ἐχρήσατο.
1034 2519 1108 2566 Ἷ-Ιν
1132 2526 1173 2567 δὲ
1196 2529 1404 2582 διατρίψας
1431 2529 1513 2568 ἐκεῖ
1531 2526 1646 2569 ἱκανοὶ
1671 2528 1748 2581 ἔτη.
1806 2530 1898 2567 Μα-

375 2592 504 2646 θητήν
526 2594 567 2635 δὲ
590 2595 686 2647 ἔχων
709 2594 777 2635 ἕνα
802 2592 924 2646 μόνον
946 2591 1033 2646 μεθ’
1056 2594 1212 2645 ἑαυτοῦ,
1243 2593 1310 2636 τόν
1330 2596 1607 2650 προειρημένον
1628 2599 1649 2623 4
1669 2595 1898 2648 Τέρβινθον,

377 2654 407 2716 ᾦ
431 2662 497 2702 καὶ
522 2660 569 2703 τά
591 2664 672 2703 ἴδια
694 2663 914 2703 ἐπίστευσεν
938 2659 991 2709 ὥς
1016 2660 1281 2718 πιστικωτάτῳ
1303 2664 1368 2704 καὶ
1392 2661 1473 2704 κατ’
1497 2661 1652 2705 εὔνοιαν
1681 2660 1785 2719 αὐτῷ
1817 2663 1898 2712 ἐξυ-

374 2730 666 2786 πηρετουμένῳ·
698 2728 746 2778 ὃς
771 2729 1061 2782 τελευτήσαντος
1084 2732 1153 2770 τοῦ
1175 2734 1408 2772 Σκυθιανοῦ
1428 2729 1581 2783 κηδεύει
1602 2730 1670 2783 μὲν
1692 2728 1811 2771 αὐτόν
1834 2747 1898 2781 φι-

374 2797 679 2851 λοφρονέστατα,
711 2798 778 2838 καὶ
800 2796 943 2850 θάψας
969 2797 1167 2839 σκέπτεται
1191 2796 1244 2850 μή
1267 2796 1367 2853 πρὸς
1393 2796 1435 2839 τὸ
1463 2796 1622 2852 γύναιον
1651 2795 1896 2851 ἀνακάμψαι,

417 2965 449 2998 9.
476 2963 531 3009 ὑφ’
556 2966 655 3001 αὑτοῦ
681 2970 746 3001 cod.
771 2970 898 3010 Rhedz'y.
1155 2981 1185 3003 m

421 3010 496 3042 cst.
524 3013 579 3044 ιιι.
605 3031 645 3037 -η,
696 3016 722 3046 ι.
757 3012 811 3049 ἐπὶ
842 3016 907 3046 cod.
929 3015 1054 3055 Rhediy.
1089 3025 1109 3047 a
1188 2980 1257 3049 '2pr

1222 3041 1229 3048 .
1256 2998 1308 3051 ἐπὶ
1330 3019 1400 3051 εάῐι.
1422 3020 1526 3051 Petav.
1555 3020 1655 3053 Colon.
1678 3024 1793 3054 vitiose.
