2066 3319
179 1643 267 1688 Κεφ.
288 1643 348 1679 λα’.

210 2002 277 2030 pag.
296 1995 354 2022 453.

369 207 446 248 102
929 210 1086 243 SANc‘m
1111 211 1334 243 EP1PHAN11

373 294 486 331 Κανᾶ
511 306 583 343 γαρ
607 287 856 341 ἑρμηνεύεται
882 285 908 340 ἡ
928 289 1156 341 κτησαμένη.
1220 290 1286 335 Τίς
1309 287 1350 328 δέ
1374 288 1473 328 ἐστιν
1498 305 1523 339 η
1546 288 1786 340 κτησαμένη,
1819 287 1894 329 αλλ’

369 356 397 409 η’
433 354 694 408 κληρονόμος,
736 356 824 408 περὶ
857 357 903 408 ἡς
935 353 958 396 ὁ
990 354 1201 412 ψαλμῳδός
1234 372 1274 395 εν
1307 358 1360 410 τῷ
1393 355 1555 411 πέμπτῳ
1584 361 1727 412 ψαλμῷ
1758 357 1894 411 ε’λεγεν,

367 423 482 477 Υπὲρ
506 440 575 475 της
597 421 936 476 κληρονομούσης,
966 440 1030 464 και
1055 441 1102 464 τα
1124 424 1219 475 ἕξης.
1282 420 1412 474 Γάμος
1433 440 1503 477 γαρ
1526 425 1641 471 οὗτος
1664 441 1716 472 ως
1738 422 1896 476 άληθῶς

369 490 645 545 εὐλογημένος,
677 489 755 532 απὸ
780 495 850 532 τοῦ
870 489 996 531 τύπου
1018 492 1165 532 ἐκείνου
1187 487 1316 542 λαβων
1336 488 1406 541 τὴν
1429 489 1639 544 πρόφασιν.
1696 489 1808 532 Ἐκεῖ
1828 491 1896 543 μὲν

369 577 441 614 γαρ
475 557 598 612 γάμος
629 576 679 637 ην
712 556 902 611 αἰσθητός
930 559 969 599 έν
1001 562 1114 614 Κανᾷ
1142 562 1209 610 τῆς
1240 559 1464 607 Γαλιλαίας,
1502 575 1568 598 και
1600 558 1708 612 ὕδωρ
1739 557 1897 611 άληθῶς

371 624 478 674 οἶνος
505 625 691 680 γεγονώς
721 627 785 667 καὶ
809 624 958 678 έκληθη
982 643 1078 666 κατα
1106 624 1179 666 δύο
1206 623 1394 678 τρόπους,
1425 626 1490 665 ι’να
1512 623 1553 665 τὸ
1585 623 1727 678 ύδαρὲς
1748 631 1826 667 τῶν
1857 627 1898 668 ἐν

369 698 421 750 τῷ
441 692 574 750 κόσμῳ
596 695 937 746 ἐκβακχευομένων
956 692 1154 750 ἔπιστύψῃ
1175 696 1245 733 τοῦ
1263 691 1390 746 γάμου
1411 693 1464 740 εἰς
1483 692 1743 746 σωφροσύνην
1759 695 1824 735 καὶ
1845 695 1898 741 εἰς

369 762 600 814 σεμνότητα,
632 763 696 802 καὶ
720 764 787 802 ἵνα
815 760 891 803 2τό
916 759 1052 802 λοιπόν
1076 758 1400 812 έπιδιορθώσεται
1427 761 1480 808 εἰς
1501 758 1718 814 εύφρασίαν
1739 765 1809 802 τοῦ
1834 766 1897 802 λυ-

369 827 534 870 σιπόνου
554 831 665 870 οἴνου
684 830 749 869 καὶ
771 833 840 881 τῆς
863 827 1037 883 χάριτος,
1069 830 1134 869 ἵνα
1155 825 1254 869 κατά
1276 826 1403 867 πάντα
1422 825 1567 880 τρόπον
1591 827 1720 885 φράξῃ
1742 827 1789 869 τά
1813 827 1898 870 στό-

370 914 471 950 ματα
499 901 578 937 τῶν
607 895 706 937 κατά
736 899 875 950 κυρίου
901 896 1222 950 ἐπεγειρομένων,
1260 895 1323 936 καὶ
1351 897 1416 936 ἵνα
1445 897 1547 952 δείξῃ
1581 894 1640 936 ὅτι
1672 894 1790 944 αὐτός
1822 897 1899 938 ἐστι

369 963 465 1013 θεὸς
499 963 569 1005 σύν
601 964 717 1018 πατρὶ
752 965 816 1004 καὶ
849 966 902 1020 τῷ
936 961 1032 1020 ἇγίῳ
1067 961 1187 1004 αὐτοῦ
1218 961 1407 1016 πνεύματι
1440 960 1482 1004 τό
1518 961 1626 1017 ὕδωρ
1660 968 1706 1021 τῇ
1740 961 1897 1022 οἶμπέλῳ

370 1033 568 1086 παρέχων,
599 1034 763 1085 χροΐζων
788 1030 882 1073 αύτὸ
909 1033 948 1073 έν
975 1029 1073 1089 αὐτῇ
1099 1033 1153 1080 εἷς
1184 1028 1291 1072 οἶνον
1320 1031 1386 1071 καὶ
1417 1028 1631 1084 εύφρασίαν
1661 1029 1897 1085 ἀνθρώπων.

369 1098 443 1141 Ἐν
468 1099 566 1156 ἄλλῳ
590 1099 630 1140 δὲ
651 1098 758 1156 τόπῳ
783 1098 1022 1153 μακρότερον
1048 1100 1137 1153 περὶ
1160 1097 1308 1140 τούτων
1331 1097 1621 1152 διηγησόμεθα,
1653 1100 1827 1140 ἐνταῦθα
1857 1099 1899 1141 δὲ

372 1165 426 1216 ὥς
457 1169 497 1209 έν
527 1166 764 1222 παρεκβάσει
787 1169 994 1221 διέδραμον
1021 1166 1090 1208 τόν
1111 1166 1237 1222 λόγον.
1283 1165 1421 1219 ΓΌμως
1444 1166 1516 1207 δύο
1543 1165 1680 1220 Πάσχα
1704 1167 1772 1220 μὲν
1802 1166 1898 1209 κατά

369 1234 439 1289 τὴν
475 1234 595 1289 άρχήν
623 1240 693 1276 τοῦ
720 1234 968 1290 κηρύγματος
997 1232 1020 1276 ὁ
1045 1234 1170 1288 σωτήρ
1197 1240 1381 1284 ποιεῖται,
1420 1235 1486 1275 καὶ
1516 1239 1569 1291 τῷ
1598 1238 1713 1293 τρίτῳ
1747 1234 1897 1288 πάσχει,

373 1301 426 1352 ῶς
453 1308 703 1358 πληροῦσθαι
732 1302 777 1344 τά
809 1302 885 1356 ἤδη
918 1320 984 1355 μοι
1014 1301 1112 1344 κατά
1144 1301 1283 1343 λεπτὸν
1314 1303 1494 1356 εἰρημένα
1528 1304 1618 1356 περὶ
1649 1300 1803 1357 ἡμερῶν
1831 1303 1899 1344 καὶ

371 1376 507 1425 μηνῶν
534 1372 598 1412 καὶ
626 1369 833 1412 ύπατειῶν.
896 1372 975 1411 Καὶ
1007 1369 1254 1423 πανταχόθεν
1289 1371 1462 1411 διέπεσεν
1488 1368 1510 1411 ὅ
1535 1371 1622 1425 περὶ
1656 1369 1804 1412 τούτων
1833 1386 1900 1411 πε-

370 1440 615 1492 πλανημένος
642 1437 777 1493 λόγος,
810 1442 885 1479 τῶν
906 1435 1132 1492 εὐαγγελίων
1153 1436 1309 1494 συνῳδὰ
1331 1437 1431 1492 πρὸς
1455 1436 1594 1490 ἄλληλα
1619 1437 1801 1491 ἐχόντων,
1831 1439 1899 1480 καὶ

372 1505 460 1561 μηδ’
491 1505 682 1560 ὁπότερον
711 1510 789 1547 τῶν
818 1504 1047 1561 εὐαγγελίων
1077 1503 1276 1547 άντίθετον
1306 1505 1406 1560 πρός
1434 1504 1503 1547 τὸν
1534 1507 1664 1560 ἕτερον
1694 1505 1869 1560 ἑχόντων.

487 1641 723 1695 Ἐλεύσομαι
753 1642 794 1684 δὲ
818 1640 935 1683 πάλιν
958 1643 1010 1690 εἰς
1031 1640 1074 1683 τὸ
1097 1644 1363 1697 προκείμενον.
1426 1641 1574 1684 Φάσκει
1602 1641 1718 1683 πάλιν
1747 1640 1770 1684 ὁ
1792 1647 1898 1685 Λου-

371 1716 467 1761 κᾶς,
499 1716 707 1766 μαρτυρῶν
730 1728 796 1764 μοι
819 1716 899 1759 τοῖς
928 1714 1156 1764 πολυμερῶς
1185 1711 1252 1751 καὶ
1277 1708 1533 1765 πολυτρόπως
1558 1711 1796 1765 εἰρημένοις,
1827 1710 1900 1762 ὅτι,

370 1778 547 1834 Ἐγένετο
569 1781 608 1821 ἐν
629 1780 811 1834 σαββάτῳ
836 1777 1152 1835 δευτεροπρώτῳ·
1183 1780 1249 1819 ἵνα
1277 1781 1380 1836 δείξῃ
1406 1777 1602 1831 σάββατον
1626 1783 1782 1832 πρῶτον
1803 1776 1902 1820 εἶναι

371 1845 414 1889 vd
441 1845 506 1888 ἄπ’
531 1845 649 1902 ἀρχῆς
671 1844 832 1901 ὁρισθὲν
861 1848 926 1888 καὶ
957 1846 1080 1900 ῥηθὲν
1110 1843 1187 1886 find
1212 1849 1351 1898 κυρίου
1384 1847 1423 1887 ἐν
1446 1851 1493 1903 τῇ
1514 1850 1771 1903 κοσμοποιία,
1801 1845 1900 1888 κατά

372 1917 554 1969 περίοδον
577 1913 656 1956 άπὸ
679 1914 761 1956 τότε
786 1913 871 1969 ἄχρι
890 1919 959 1956 τοῦ
986 1917 1100 1968 δεῦρο
1124 1912 1222 1955 κατά
1253 1913 1348 1955 ἑπτά
1380 1912 1522 1968 ἡμέρας
1550 1912 1898 1967 άνακυκλούμενον,

374 1987 489 2025 τοῦτο
516 1980 615 2024 εἶναι
637 1987 811 2035 πρῶτον·
843 1981 1026 2036 δεύτερον
1051 1983 1091 2023 δὲ
1122 1981 1319 2035 σάββατον
1345 1980 1388 2023 τὸ
1419 1980 1496 2023 άπό
1521 1981 1645 2034 νόμου
1676 1979 1899 2036 ωρισμένον.

375 2050 524 2092 Φάσκει
549 2049 620 2105 γάρ
653 2049 732 2100 ὅτι,
763 2050 892 2108 Λήψῃ
923 2055 1052 2092 σαυτῶ
1078 2049 1276 2104 πρόβατον
1310 2048 1527 2100 ἐνιαύσιον,
1565 2049 1746 2129 α’μῳμον,
1785 2048 1901 2104 άρσεν

372 2118 485 2172 (ὅπερ
513 2120 561 2171 ἠν
585 2117 795 2160 ἀντίτυπον
817 2123 885 2159 τοῦ
911 2123 1120 2172 σωτῆρος),
1154 2116 1230 2159 απὸ
1257 2117 1420 2170 δεκάτης
1441 2122 1511 2158 τοῦ
1535 2116 1672 2170 μηνός·
1701 2119 1766 2158 καὶ
1797 2119 1901 2160 ε’σται

374 2185 735 2240 διατετηρημένον’
721 2185 806 2240 άχρι
827 2191 896 2239 τῆς
915 2185 1336 2241 τεσσαρεςκαιδεκάτης,
1367 2187 1432 2227 καὶ
1455 2184 1595 2226 θύσετε
1618 2183 1713 2227 αὐτὸ
1738 2186 1902 2241 ἑσπέρας

372 2260 419 2312 τῇ
442 2253 829 2311 τεσσαρεςκαιδεκάτῃ
852 2252 995 2311 ἡμέρᾳ·
1027 2255 1094 2295 καὶ
1120 2256 1224 2295 ἔσται
1247 2269 1307 2295 σοι
1331 2252 1529 2306 σάββατον
1549 2251 1674 2307 ἡμέρα
1695 2251 1802 2308 άγία,
1832 2255 1898 2295 καὶ

374 2324 510 2364 ἕδεσθε
531 2321 654 2374 ἄζυμα
680 2321 773 2363 ἑπτά
797 2320 960 2376 ἡμέρας·
991 2323 1057 2363 καὶ
1078 2326 1124 2379 τῇ
1148 2321 1294 2380 ἕβδόμῃ
1317 2320 1442 2378 ἡμέρᾳ
1465 2319 1641 2373 ποιήσεις
1668 2320 1779 2375 ἅγιον
1804 2320 1896 2374 σάβ-

374 2393 493 2443 βατον
513 2388 660 2444 ἡμέραν
685 2388 807 2445 άγίαν.
869 2391 950 2430 Καὶ
976 2387 1090 2444 ὁρᾶτε
1112 2389 1171 2431 ὅτι
1199 2389 1378 2442 δεύτερον
1399 2393 1568 2430 καλεῖται
1588 2388 1783 2442 σάββατον
1806 2387 1899 2442 μετά

375 2456 416 2499 τὸ
453 2457 649 2511 σάββατον
680 2456 707 2510 ἦ
740 2456 900 2510 τοιαύτη
933 2455 1021 2512 άγία
1053 2462 1124 2499 τοῦ
1164 2457 1397 2511 1προβάτου
1432 2454 1577 2510 ἡμέρα,
1619 2458 1671 2505 εἷς
1703 2456 1899 2510 σάββατον

376 2523 630 2580 άγιασθεῖσα,
661 2524 736 2567 κόίν
765 2542 802 2566 τε
833 2524 1001 2580 κυριακή
1026 2528 1106 2578 εἴη,
1137 2524 1211 2566 κᾶν
1239 2526 1419 2579 δευτέρα,
1456 2522 1531 2565 κάν
1559 2540 1597 2564 τε
1625 2527 1731 2578 τρίτη
1760 2542 1896 2566 καταν-

376 2593 486 2650 τήσῃ.
547 2596 622 2642 Εἰς
647 2594 688 2635 δὲ
715 2592 811 2634 ἑπτά
842 2591 987 2647 ἡμέρας
1017 2592 1132 2634 πάλιν
1157 2591 1494 2644 άνακυκλούμενον
1525 2591 1703 2646 δεύτερον
1730 2597 1899 2634 καλεῖται

377 2666 549 2714 πρῶτον·
580 2664 644 2703 ἵνα
668 2664 771 2719 δείξῃ
799 2663 999 2712 ἐντεῦθεν,
1030 2660 1088 2703 ὅτι
1112 2659 1160 2703 ού
1182 2660 1304 2714 μόνον
1333 2658 1355 2701 ὁ
1376 2658 1565 2712 Ἰωάννης
1592 2661 1680 2714 περὶ
1710 2659 1897 2715 περιόδου

378 2727 533 2783 ἡμερῶν
565 2731 752 2771 ἐνιαυτῶν
783 2729 854 2771 δύο
888 2731 953 2771 καὶ
983 2733 1100 2782 τριῶν
1131 2730 1274 2784 ἑορτῶν
1302 2733 1372 2769 τοῦ
1400 2726 1538 2781 Πάσχα
1567 2727 1776 2781 ἐσήμανεν,
1804 2726 1897 2769 ἄλλά

379 2798 446 2838 καὶ
472 2795 493 2838 ὁ
517 2803 698 2849 Λουκᾶς,
730 2799 795 2839 καὶ
820 2799 859 2840 οἱ
879 2796 993 2839 ἄλλοι.
1043 2796 1157 2838 Οὕτω
1179 2796 1252 2852 γάρ
1277 2795 1416 2848 φάσκει
1441 2794 1464 2837 ὁ
1485 2794 1620 2849 νόμος·
1648 2794 1898 2850 Ἀριθμήσεις

423 2922 454 2954 2.
478 2921 514 2956 τό
542 2923 658 2964 λυπρὸν
682 2926 889 2964 reponendum
911 2925 1030 2955 videtur
1048 2933 1115 2955 cen·
1163 2924 1241 2955 Cod.
1257 2924 1385 2962 Rhediy.
1407 2923 1496 2953 habet
1514 2920 1550 2955 τὸ
1575 2923 1681 2956 λεῖπον
1702 2920 1897 2964 ἐπιδιορθώ-

378 2970 472 3001 suisse
510 2970 685 3000 Cornarius.
743 2971 835 3001 Vertit
871 2972 950 3000 enim
983 2975 1049 2999 tum
1082 2975 1116 2999 ut
1162 2978 1247 3005 σεως
1268 2967 1326 3009 εἰς,
1349 2969 1430 3008 quod
1450 2969 1524 2999 nihil
1547 2971 1589 2999 est
1606 2970 1666 3000 nisi
1687 2970 1807 3000 librarii
1825 2978 1896 3008 pec-

378 3013 542 3044 tristitiam
566 3014 743 3055 corrigeret
767 3014 799 3045 in
823 3013 1021 3045 hilaritatem
1040 3013 1116 3050 vini,
1162 3017 1274 3045 calum.

380 3058 542 3091 molestias
578 3057 779 3091 discutientis
813 3066 847 3091 et
885 3058 1010 3102 gratiae
1051 3062 1119 3094 cett,
