2066 3319
611 199 789 229 ΡΑΝΑιιιι
817 199 898 229 Lin.
917 199 956 230 ιι.
981 200 1086 230 Toxi.
1109 201 1131 231 ι.
1155 201 1284 231 mun.
1309 201 1360 232 ι,ι.
1711 190 1761 231 83

223 279 412 318 rationem
437 277 616 327 arcessit,
650 284 689 316 et
711 291 807 330 quae
839 276 985 317 Christi
1012 281 1245 332 temporaria
1267 280 1327 320 illa
1353 281 1607 333 generatione
1633 279 1762 334 priora

222 354 335 397 sunt,
369 345 540 385 stabilire
567 359 610 384 ac
635 345 784 385 munire
808 345 988 386 instituit.
1056 345 1252 400 Spiritalia
1281 349 1380 387 enim
1411 350 1530 388 ferme
1555 355 1643 388 sunt
1665 361 1762 402 qnae

222 415 285 454 ille
314 414 523 454 memoriae
549 414 855 464 conunmidavii,
889 429 974 454 euni
1002 428 1099 467 quac
1126 416 1170 453 ad
1205 429 1345 469 corpus
1379 416 1589 456 attinerent
1614 416 1763 456 abunde

223 490 354 522 essent
382 482 543 522 aliorum
570 482 723 536 scriptis
755 482 1024 522 corroborata.
1089 481 1351 535 Quamobrem
1389 485 1598 537 spiritalem
1633 485 1678 524 de
1710 485 1765 524 di-

222 552 313 591 vino
347 550 410 590 illo
436 551 537 590 dono
564 550 827 590 narrationem
853 550 1099 604 aggreditur,
1144 551 1241 604 qnod
1274 550 1382 589 initio
1412 566 1550 591 carens
1584 553 1686 592 omni
1718 553 1763 592 ah

223 619 381 658 coelesti
410 618 447 658 in
473 632 544 657 nos
576 625 684 672 patre
710 620 947 658 transfusum
974 627 1056 668 est,
1093 625 1130 658 et
1156 621 1201 657 de
1232 618 1342 657 huius
1370 619 1533 659 consilio
1559 635 1601 659 ae
1628 621 1765 660 volun-

225 694 301 726 tate
325 687 362 726 in
383 686 532 726 beatam
555 685 745 740 virginem
770 686 967 741 illapsum,
1002 694 1116 740 atque
1138 685 1175 725 in
1199 685 1377 737 virgineo
1400 687 1481 726 eius
1509 689 1656 740 gremio
1679 704 1763 728 cnm

223 769 340 795 carne
375 754 639 794 coniunctum.
703 743 836 795 Ceteri
865 769 981 809 porro
1008 755 1057 794 ita
1086 755 1220 794 iisdem
1254 754 1327 794 illis
1358 762 1622 795 consentanea
1656 757 1765 797 dixe-

224 830 337 873 runt,
380 830 416 862 ut
444 822 502 872 id,
546 823 644 876 quod
681 830 765 862 erat
798 836 984 873 necesse,
1020 822 1259 877 potissimum
1299 830 1535 877 spectarent.
1600 822 1767 865 loannes

225 906 319 931 vero
355 890 439 931 eins
479 892 578 945 quod
614 891 685 930 sibi
727 898 983 945 proposuerat
1023 891 1214 931 rationem
1250 891 1394 932 hahuit.
1464 890 1523 931 lta
1561 892 1601 931 lit
1640 900 1680 932 ιιι
1718 907 1766 933 ex

227 958 282 1000 lV
307 959 521 1012 evangeliis
551 972 682 998 eorum
712 973 809 1013 quae
836 960 879 999 ad
907 958 1053 1000 Christi
1080 974 1234 999 earnem
1263 967 1301 999 et
1325 961 1368 1000 ad
1402 959 1642 1001 divinitatem
1682 961 1768 1001 atti-

225 1036 318 1068 nent
348 1034 528 1067 accurata
563 1027 674 1068 nobis
706 1028 852 1068 veritas
885 1042 930 1068 ac
962 1028 1180 1068 certissima
1213 1035 1381 1068 constet.

337 1095 494 1136 Etenim
523 1102 603 1135 toto
630 1095 696 1135 illo
728 1096 906 1150 baptismi
938 1096 1239 1151 tentationisque
1265 1097 1421 1151 negotio
1448 1098 1670 1151 perfunctus
1703 1111 1770 1138 ve-

227 1165 304 1216 nit,
339 1179 383 1204 ac
406 1164 604 1218 discipulis
629 1163 821 1204 adiunctis
855 1164 1017 1219 primum
1044 1165 1133 1205 illud
1166 1165 1203 1205 in
1230 1163 1338 1205 Cana
1366 1165 1569 1205 Galilaeae
1605 1166 1771 1206 miracu-

225 1234 300 1273 lum
331 1233 436 1282 fecit,
471 1232 582 1272 tertia
608 1247 718 1286 quam
743 1234 970 1287 praedicare
996 1241 1179 1288 coeperat
1203 1235 1278 1274 die.
1327 1232 1419 1274 Non
1449 1236 1548 1274 enim
1576 1242 1664 1274 ante
1689 1241 1772 1274 ten-

227 1303 410 1343 tationem
436 1298 618 1341 Christus
646 1301 789 1356 nuptiis
816 1302 1040 1342 interfuisse
1062 1303 1223 1353 dicitur,
1259 1316 1330 1343 nec
1359 1303 1476 1343 ullum
1501 1303 1659 1343 omnino
1684 1317 1773 1357 pro-

227 1371 368 1424 digium
393 1377 481 1410 ante
505 1370 593 1409 illud
621 1377 772 1424 tempus
797 1371 937 1421 edidit;
975 1371 1046 1411 nisi
1072 1371 1221 1425 siquae
1247 1372 1376 1411 forsan
1404 1371 1550 1411 ludicra
1572 1372 1712 1411 fecisse
1735 1371 1772 1411 in

228 1438 391 1493 pueritia
425 1439 587 1489 dicitur,
622 1440 720 1493 qnod
750 1454 771 1479 a
804 1440 998 1480 nonnullis
1032 1440 1212 1479 affirmari
1245 1441 1374 1480 video.
1438 1440 1558 1494 Atqui
1591 1441 1772 1480 nonnulla

226 1507 385 1562 puerilis
412 1507 552 1547 aetatis
578 1515 805 1560 argumenta
835 1508 1022 1562 praehere
1056 1508 1160 1548 illum
1195 1508 1386 1562 oportuit,
1422 1523 1468 1548 nc
1499 1523 1572 1562 qua
1602 1508 1774 1548 haeresi-

227 1576 298 1616 bus
323 1575 408 1616 aliis
432 1575 586 1616 occasio
614 1576 794 1626 daretur,
831 1590 928 1630 quae
954 1574 1151 1616 Christum
1179 1578 1223 1617 ad
1252 1575 1456 1616 Iordanem
1483 1577 1640 1617 fluvium
1666 1578 1702 1617 in
1730 1578 1775 1617 il-

228 1644 304 1684 lum
330 1643 579 1684 descendisse
604 1644 803 1684 columbae
825 1645 954 1699 specie
979 1645 1215 1698 praedicant.
1263 1644 1396 1699 Quare
1419 1645 1646 1686 duodecimo
1667 1653 1772 1686 aeta-

229 1713 276 1753 tis
301 1726 403 1752 anno
428 1713 634 1753 manifeste
660 1710 790 1752 Lucas
814 1713 847 1752 id
875 1714 1088 1766 expressit,
1124 1714 1381 1768 disputantem
1406 1713 1511 1753 illum
1536 1728 1620 1754 cum
1643 1728 1775 1754 sacer-

1799 1102 1875 1139 (iup.
1892 1101 1975 1132 XX.

229 1781 405 1831 dotibus,
440 1795 486 1820 ac
508 1781 729 1822 senioribus
754 1780 907 1821 Mariae
933 1781 1104 1832 dixisse,
1139 1783 1372 1821 Nesciebat&
1400 1785 1500 1834 quod
1523 1785 1560 1820 ite
1591 1784 1649 1820 leis
1681 1795 1775 1834 quae
1795 1792 1905 1828 Luce,
1924 1794 1966 1819 49.

224 1853 349 1902 patris
370 1852 443 1888 mei
461 1857 551 1888 seme
576 1858 721 1901 oporlet
742 1865 798 1888 me
817 1855 924 1888 esse?
956 1857 996 1890 ut
1020 1863 1152 1890 eorum
1177 1850 1364 1890 rationem
1388 1850 1618 1890 excluderet
1643 1850 1704 1904 qui
1730 1850 1775 1890 ab

231 1933 278 1959 eo
302 1918 462 1973 primum
491 1924 664 1972 tempore
689 1932 763 1972 quo
789 1918 1007 1973 baptizatus
1031 1927 1090 1958 est
1111 1919 1286 1974 spiritum
1317 1926 1491 1959 sanctum
1514 1919 1552 1958 in
1576 1919 1680 1958 illum
1708 1933 1777 1974 pu-

232 1994 314 2027 tant
332 2000 421 2027 esse
442 1987 655 2042 delapsum,
681 2001 700 2027 c
721 1994 853 2026 contra
875 2001 969 2027 vero
990 1987 1165 2027 homines
1187 1988 1450 2042 intelligerent
1469 1987 1629 2028 verbum
1650 1986 1775 2041 ipsum

233 2070 252 2096 e
285 2057 394 2096 coelo
427 2055 671 2096 descendens
705 2070 860 2096 carnem
885 2069 905 2095 e
930 2054 1057 2096 Maria
1083 2056 1274 2106 traxisse,
1310 2069 1474 2110 cumque
1498 2056 1543 2095 ad
1569 2053 1776 2095 Iordanem

231 2124 466 2165 accessisset
493 2131 668 2164 sanctum
695 2138 736 2164 se
760 2125 797 2163 in
828 2124 930 2164 illum
962 2124 1152 2165 infudisse
1179 2124 1378 2179 spiritum,
1413 2139 1488 2178 quo
1519 2132 1558 2164 et
1589 2124 1678 2164 illud
1712 2124 1778 2163 de-

232 2193 370 2233 clarari
396 2199 551 2247 posset,
586 2192 670 2246 quis
698 2199 802 2232 esset
828 2193 891 2233 illc
919 2193 964 2233 dc
988 2208 1062 2247 quo
1091 2201 1201 2248 pater
1229 2200 1303 2233 tam
1335 2192 1487 2245 insigne
1514 2192 1776 2232 testimonium

233 2262 424 2302 dedisset:
458 2264 530 2300 Hic
553 2269 612 2300 est
620 2262 736 2313 filins
757 2276 857 2300 meus
878 2264 1057 2301 dilectus:
1091 2265 1208 2314 z‘psum
1231 2265 1370 2301 atale'le.
1424 2260 1517 2301 lllud
1544 2274 1642 2300 vero
1664 2274 1772 2315 prae·
1787 2269 1928 2303 Matthfs,
1941 2270 1982 2298 16.

235 2338 340 2370 terea
362 2329 543 2384 exemplo
567 2343 655 2370 esse
683 2344 727 2369 ac
753 2331 984 2371 documento
1008 2330 1130 2371 voluit
1154 2330 1200 2370 iis
1227 2330 1288 2384 qni
1315 2329 1442 2370 divina
1469 2343 1536 2383 per
1561 2329 1666 2369 illum
1693 2329 1779 2369 lucc

233 2399 560 2454 perfunderentur
585 2399 751 2438 futurum
779 2398 936 2439 omnino
961 2406 1002 2439 ut
1024 2406 1062 2439 et
1083 2399 1155 2454 ipsi
1181 2399 1356 2453 spiritum
1382 2405 1573 2447 sanetum,
1609 2411 1680 2437 nee
1702 2412 1776 2437 non

235 2467 404 2508 coeleste
429 2466 660 2507 beneficium
692 2481 737 2507 ac
762 2474 1006 2521 peccatorum
1042 2468 1193 2508 veniam
1219 2474 1258 2507 et
1283 2465 1604 2507 communicatam
1633 2465 1680 2506 ab
1713 2480 1776 2506 eo—

235 2537 318 2577 dem
353 2535 515 2589 gratiam
548 2535 585 2575 in
620 2536 808 2590 baptismo
839 2543 1190 2590 consequerentur.

349 2603 427 2644 sed
455 2603 518 2644 ubi
547 2605 695 2644 maiora
718 2604 782 2644 illa
807 2604 1115 2659 perfectioraque
1141 2604 1325 2644 miracula
1355 2602 1653 2656 praedicationis
1684 2617 1778 2643 suae
1796 2609 1983 2652 Capxxt.

238 2682 411 2727 tempore
445 2679 505 2713 est
535 2687 768 2727 aggressus,
801 2676 902 2720 Hoc,
938 2673 1085 2727 inquit,
1122 2677 1284 2724 primam
1311 2673 1583 2724 .s·12:;·nmnfi¹ez't
1603 2674 1709 2710 Iesus
1739 2675 1776 2710 ιή
1794 2679 1982 2708 mauman.

239 2745 340 2781 Cana
365 2743 567 2780 Galilaeae.
630 2741 722 2782 Non
754 2748 842 2781 ante
870 2740 1124 2796 baptismum,
1159 2748 1198 2780 ιιι
1224 2754 1338 2793 saepe
1367 2739 1470 2787 dixi,
1504 2741 1570 2780 sed
1595 2746 1673 2780 tum
1702 2741 1779 2794 pri-

237 2826 340 2851 mum
360 2811 395 2850 id
418 2809 578 2860 accidit,
616 2818 816 2865 postquam
842 2824 861 2849 a
888 2809 1099 2850 tentatione
1130 2822 1314 2848 reversus
1342 2816 1424 2858 est,
1461 2808 1573 2848 tertia
1601 2808 1661 2848 die
1694 2815 1780 2862 post

237 2879 392 2920 biduum
416 2878 507 2919 illud
530 2893 605 2933 quo
629 2879 742 2918 ambo
767 2878 864 2934 apud
891 2879 1014 2933 ipsum
1041 2877 1203 2917 haesere
1228 2874 1386 2917 loannis
1414 2875 1611 2931 discipuli,
1645 2875 1708 2930 qui
1741 2884 1781 2915 ct.

285 3017 362 3059 cm
388 3026 470 3058 XX.
496 3045 538 3051 —
588 3026 615 3058 1.
638 3028 845 3068 Evanyelium
863 3027 900 3058 de
922 3027 1055 3065 infantia
1079 3025 1147 3056 Iesu
1170 3025 1343 3065 siqnificart
1365 3026 1536 3056 observavit
1559 3026 1717 3056 Petavins.

1444 3086 1467 3124 ss
1487 3083 1506 3102 ιιι
