2056 3298
324 183 405 211 vm
961 166 1011 196 PR
1021 166 1218 198 AEFATm.

324 271 408 299 sem
440 259 481 297 in
503 257 702 297 Latinam
736 256 923 309 lin-quam
955 258 1294 297 transtulerim.‘·
1355 259 1401 299 In
1420 270 1499 310 quo
1523 259 1628 300 libro
1651 259 1763 311 typis
1791 271 1857 300 ex-

325 330 545 373 scribendo
575 341 657 381 qua
692 328 909 380 diligentia
941 341 1104 382 quaque
1137 330 1221 372 fide
1253 332 1337 373 sint
1362 332 1519 373 versati
1549 332 1731 373 editores
1765 344 1858 373 eum

326 416 408 446 non
429 403 563 454 fugiet
588 401 658 453 qui
683 401 884 454 scriptum
913 414 1004 443 cum
1037 403 1149 444 edito
1184 405 1499 457 comparaverit.
1557 405 1667 446 Raro
1696 417 1860 446 em'ave-

326 479 423 518 runt
446 475 489 516 111
514 474 826 516 characteribus
848 476 1002 517 veteris
1023 489 1171 517 manus
1196 477 1536 529 interpretandis,
1565 477 1698 518 multa
1722 482 1862 519 sustu-

325 548 465 590 lerunt
487 547 575 589 stili
599 547 718 599 vitia,
749 549 825 589 sed
850 549 965 590 nulla
988 549 1067 590 uisi
1093 548 1305 600 confessa,
1337 555 1379 590 et
1405 550 1455 590 ab
1487 551 1596 590 omni
1624 551 1862 591 temeritate

327 621 562 674 corrigendi
582 621 855 673 mutandique
877 622 1145 663 laudabiliter
1167 622 1469 664 abstinuerunt.
1521 623 1759 664 Editionem
1780 623 1862 664 Ba-

328 695 551 736 sileensem
584 706 693 735 anno
720 694 968 735 MDCXXII.
1000 696 1163 748 excepit
1188 695 1440 736 Parisiensis
1471 695 1663 747 Dionysii
1690 695 1864 745 Petavii,

329 768 399 821 qui
424 780 517 809 cum
536 767 675 808 verbis
695 767 923 819 Epiphanii
950 768 1016 808 1116
1038 768 1122 808 11116
1140 771 1253 808 recte
1281 768 1514 808 emendatis
1540 772 1611 809 aut
1635 767 1865 820 explicatis,

325 846 415 883 tum
451 853 499 882 eo
538 845 603 882 est
639 840 691 881 de
725 840 927 892 scriptore
961 841 1039 881 hoc
1075 840 1293 881 intellectu
1324 853 1451 893 saepe
1486 841 1728 882 difficillimo
1758 840 1864 882 bene

326 914 500 956 meritus
524 914 636 966 quod
660 914 797 955 denuo
829 926 876 954 ac
905 925 1041 966 paene
1074 914 1126 954 de
1156 914 1321 966 integro
1354 914 1482 955 libros
1511 914 1600 955 eius
1634 914 1676 954 in
1709 925 1865 955 sermo-

327 1000 423 1030 nem
442 987 641 1028 Latinum
670 987 1012 1038 interpretandos
1042 987 1560 1039 animadversionibusque
1580 987 1698 1028 varia
1729 987 1866 1028 erudi-

327 1061 441 1102 tione
462 1060 599 1113 plenis
621 1061 896 1101 illustrandos
918 1060 1115 1112 suscepit.
1176 1060 1260 1101 Sed
1295 1061 1346 1101 de
1377 1061 1456 1101 hoc
1485 1061 1625 1113 possis
1659 1061 1750 1102 iure
1771 1073 1866 1103 con-

327 1134 464 1187 queri,
495 1134 608 1186 quod
632 1134 674 1175 in
704 1134 917 1175 enotanda
935 1134 1134 1175 librorum
1156 1136 1255 1174 vett.
1283 1133 1432 1185 quibus
1460 1134 1659 1176 utebatur
1689 1134 1866 1187 scriptu-

325 1219 468 1248 rarum
491 1207 776 1259 discrepantia
799 1207 922 1248 nimis
943 1219 1069 1259 parce
1095 1219 1326 1259 parumque
1354 1212 1548 1249 accurate
1568 1211 1762 1249 versatus
1791 1213 1866 1250 est.

329 1279 494 1322 Codicis
532 1281 641 1321 enim
679 1280 784 1332 regii
827 1280 1024 1331 Parisini,
1072 1292 1194 1332 quem
1236 1281 1329 1333 ipse
1364 1281 1623 1333 inspexerat,
1664 1293 1866 1334 perquam

325 1365 422 1394 raro
443 1352 494 1394 ab
523 1365 571 1394 eo
597 1353 711 1395 facta
730 1357 796 1395 est
819 1353 992 1404 mentio,
1022 1353 1299 1406 Vaticanique
1322 1354 1418 1395 libri
1443 1354 1733 1406 diversitates,
1763 1367 1867 1407 quas

329 1426 381 1468 ab
404 1426 577 1467 Andrea
597 1427 769 1468 Schotto
795 1430 1015 1479 excerptas
1040 1432 1279 1479 acceperat,
1309 1427 1461 1480 partim
1488 1428 1764 1479 interpolatas
1796 1432 1870 1469 aut

327 1499 543 1540 mutilatas
573 1500 752 1552 recepit,
793 1500 947 1552 partim
982 1501 1148 1541 omnino
1177 1501 1373 1551 neglexit.
1438 1501 1504 1541 Ita
1538 1500 1694 1541 factum
1729 1504 1795 1542 est
1823 1504 1870 1542 ut

326 1573 569 1626 posteritati
600 1585 766 1626 quoque
803 1572 924 1625 larga
959 1585 1083 1614 curae
1119 1576 1244 1625 atque
1277 1574 1490 1616 sollertiae
1523 1574 1702 1615 materia
1729 1574 1772 1615 in
1802 1574 1868 1616 his

327 1645 496 1698 scriptis
520 1646 795 1688 emendandis
820 1650 947 1699 atque
972 1647 1246 1699 expediendis
1270 1648 1485 1689 manserit.
1533 1647 1734 1700 Legimus
1756 1647 1870 1700 apud

325 1716 564 1760 Fabricium
595 1719 792 1760 Bibfioth.
832 1719 901 1760 Gr.
938 1719 1018 1761 vol.
1046 1720 1160 1761 VIII.
1197 1733 1291 1773 pag.
1314 1721 1408 1762 263.
1438 1721 1554 1762 Harl.
1591 1724 1765 1773 paratos
1794 1721 1868 1762 lia-

325 1791 470 1834 buisse
490 1792 534 1833 111
558 1792 842 1845 Epiphanium
866 1793 1207 1844 commentarios,
1235 1806 1469 1846 novamque
1496 1795 1747 1847 scriptorum
1777 1794 1866 1835 eius

328 1864 555 1907 editionem
588 1869 828 1907 curaturum
861 1865 993 1906 fuisse
1038 1866 1082 1907 P.
1115 1866 1376 1918 Lanselium,
1417 1866 1600 1909 fortasse
1634 1867 1761 1909 etiam
1789 1867 1867 1908 Ed.

325 1937 606 1990 Bernardum,
648 1939 719 1991 qui
755 1939 1098 1980 commentarium
1139 1952 1260 1981 suum
1300 1941 1343 1981 in
1380 1940 1611 1993 Epiphanii
1641 1940 1867 1982 Panarium

330 2015 625 2053 commemoret
658 2011 701 2052 in
733 2012 845 2053 notis
883 2012 937 2053 ad
968 2013 1195 2065 Iosephum
1228 2025 1323 2065 pag.
1345 2014 1458 2065 323„
1499 2013 1700 2066 cuiusque
1731 2026 1867 2055 exem-

326 2083 421 2136 plar
451 2084 549 2125 edit.
580 2086 686 2137 Opp.
715 2085 944 2138 Epiphanii
976 2098 1103 2127 manu
1137 2086 1272 2139 ipsius
1311 2091 1503 2128 notatum
1539 2091 1581 2129 et
1613 2087 1867 2140 castigatum

326 2156 452 2198 hodie
482 2161 726 2199 asservatur
763 2159 877 2211 apud
907 2159 1168 2201 Oxonienses
1203 2160 1256 2212 (v,
1287 2159 1419 2202 Catal.
1453 2160 1581 2202 Codd.
1614 2160 1794 2214 Angliae
1825 2163 1867 2201 et

326 2228 421 2271 Hib.
443 2230 497 2271 H.
527 2243 624 2283 pag.
646 2231 740 2272 227.
771 2244 859 2273 nro,
883 2233 1013 2284 7421,
1044 2234 1146 2286 752),
1189 2237 1230 2274 et
1265 2234 1346 2275 Iac.
1372 2234 1581 2286 Coletum,
1616 2235 1867 2277 instructum

328 2314 408 2355 ope
439 2303 593 2345 codicis
623 2316 699 2346 ms.
722 2304 927 2347 Marciani
950 2305 1130 2357 CXXV.,
1172 2306 1242 2359 qui
1271 2306 1350 2348 fuit
1380 2307 1477 2348 olim
1508 2309 1734 2350 cardinalis
1763 2309 1884 2354 Bes-

328 2376 526 2428 sarionis,
568 2377 695 2419 etiam
726 2391 821 2420 esse
857 2391 1010 2420 novam
1040 2379 1258 2432 scriptoris
1290 2392 1463 2433 operum
1493 2381 1720 2423 editionem
1749 2382 1867 2423 moli-

325 2452 416 2490 tum
443 2451 631 2502 prodidit
658 2451 864 2493 Villoison
886 2453 1072 2494 Anecdd.
1102 2453 1171 2495 Gr.
1194 2453 1268 2504 IL,
1298 2466 1392 2506 pag.
1417 2454 1510 2495 245.
1570 2455 1654 2496 Sed
1684 2458 1731 2497 ut
1755 2456 1866 2498 Lan-

327 2522 421 2564 selii
450 2525 736 2566 commentarii
763 2525 1030 2577 interierunt,
1060 2526 1121 2568 ita
1141 2527 1193 2568 de
1217 2526 1351 2568 Coleti
1374 2527 1540 2569 schedis
1569 2527 1720 2580 reliqui
1748 2529 1866 2581 quid-

326 2607 452 2648 quam
479 2595 727 2651 investigari
762 2599 889 2640 hodie
926 2611 1010 2640 non
1038 2600 1194 2652 potuit,
1235 2604 1278 2642 et
1305 2601 1512 2642 Bernardi
1550 2601 1690 2642 saltim
1729 2613 1865 2643 exem-

325 2668 442 2720 plum
469 2668 575 2711 illud
599 2673 710 2723 quod
741 2685 870 2725 supra
893 2673 1139 2724 memoravi,
1171 2674 1366 2726 quodque
1388 2673 1608 2716 Harlesius
1637 2674 1681 2715 in
1701 2674 1864 2716 addita-

325 2741 479 2783 mentis
503 2743 558 2784 ad
577 2744 758 2786 Fabricii
777 2745 884 2788 Bibl.
908 2745 978 2787 Gr.
1002 2746 1082 2787 vol.
1101 2746 1234 2799 V111.,
1264 2760 1360 2800 pag.
1385 2748 1478 2789 261.
1508 2750 1708 2799 tanquam
1739 2747 1864 2789 colla-

324 2816 414 2855 tum
444 2826 537 2857 cum
567 2817 684 2859 codd.
708 2831 807 2860 mss.
830 2820 950 2862 nobis
980 2820 1231 2872 venditavit,
1259 2820 1363 2861 nihil
1385 2820 1551 2862 omnino
1573 2821 1758 2862 continet
1781 2820 1863 2862 nisi

326 2888 642 2931 emendationes
673 2891 834 2943 aliquot
861 2905 969 2945 quae
998 2897 1086 2934 tam
1116 2893 1255 2946 exigui
1286 2894 1484 2935 momenti
1516 2897 1615 2935 sunt
1643 2896 1691 2934 ut
1719 2893 1862 2935 melio-

324 2971 414 3002 rem
441 2965 606 3015 partem
635 2975 789 3016 operae
818 2964 1056 3018 Epiphanio
1087 2977 1113 3007 a
1139 2966 1358 3008 Bernardo
1387 2966 1637 3020 praestitae,
1673 2966 1709 3007 si
1738 2978 1862 3020 quam
