2030 3324
501 215 680 247 PANARu
709 216 790 248 Lm.
813 217 852 248 Π.
875 217 982 249 ΤΟΜ.
1006 219 1045 250 11.
1073 218 1203 250 HAER.
1225 219 1355 251 inx.
1639 214 1719 254 645

166 295 238 345 rit,
272 294 356 335 sive
384 293 460 334 alio
484 294 599 334 modo
624 297 816 344 columna,
854 304 1012 352 propter
1039 297 1138 351 ignis
1162 299 1264 338 illius
1287 300 1536 353 splendorem
1562 301 1624 354 qui
1653 314 1721 355 per

165 363 412 403 solitudinem
442 362 594 412 illuxit,
638 363 723 403 sive
749 379 904 412 malma,
941 365 1121 419 quoniam
1147 369 1338 406 coeles-lem
1369 370 1473 407 illum
1496 383 1629 419 panem
1655 383 1722 408 uc.—

165 438 381 485 gaverant‚
423 431 507 471 sive
528 435 658 482 patah,
696 432 783 485 quia
813 447 883 472 nos
909 434 1113 473 confirmat
1135 448 1178 473 ae
1204 435 1387 484 roborat,
1433 436 1517 475 sive
1542 439 1716 487 angelus,
1741 445 1802 472 ιω).
1824 448 1848 472 σ-

168 498 346 554 quoniam
373 502 506 550 magni
523 502 853 551 0012.s·1'l1‘e'c111gelus
875 509 953 548 est;
990 508 1049 541 est
1074 501 1175 541 enim
1202 503 1329 555 augeli
1359 517 1436 542 vox
1465 503 1715 558 homonyma.

165 566 318 621 Quippe
345 565 484 606 Rhaab
511 568 673 621 angelos
697 568 903 622 excepisse
932 568 1096 618 dicitur3
1143 582 1267 622 neque
1293 577 1419 609 tamen
1445 572 1573 622 augeli
1608 580 1721 611 erant

164 635 226 690 qui
255 635 361 675 missi
389 636 565 685 fuerunt,
612 636 678 675 sed
708 636 852 685 nuntii,
889 636 950 689 qui
984 636 1030 675 de
1063 636 1236 689 regionis
1271 644 1408 677 natura
1444 639 1538 677 certi
1575 639 1716 692 aliquid
1745 649 1866 676 inm-z.

163 704 397 744 retulerunt.
463 701 550 756 Qua
578 705 711 743 eadem
739 704 890 743 ratione
923 704 981 743 dei
1011 703 1110 743 lilius
1138 718 1206 758 pro
1233 718 1280 743 eo
1304 706 1403 758 quod
1438 706 1558 758 patris
1581 707 1719 746 voluu-

163 777 280 810 tatem
309 771 501 811 nuntiavit
529 771 772 820 hominihus,
819 775 951 822 magni
974 774 1128 811 consilia·
1147 775 1307 823 angelus
1334 773 1497 821 dicitur,
1543 775 1604 827 qui
1639 789 1719 814 ma-

161 853 278 893 gnum
302 839 392 878 illud
421 840 624 880 consilium
653 840 794 879 mundo
821 839 1071 893 significavit.
1122 838 1199 879 lam
1222 855 1306 881 cum
1333 844 1428 893 lapz's
1450 841 1605 891 dicitur,
1642 857 1719 882 non

162 921 302 947 sensus
336 921 480 962 expers
516 907 612 962 lapis
648 907 786 960 aliquis
820 907 1096 961 intelligendus
1135 915 1218 958 est,
1265 910 1332 949 sed
1368 923 1436 964 per
1469 910 1712 950 catachresin
1738 920 1807 965 Izaj.
1827 923 1852 955 o,
1872 922 1896 949 5.

162 982 396 1030 usurpatur,
432 990 479 1016 eo
508 975 607 1029 quod
637 973 789 1015 ludaeis
813 975 1020 1015 offensioni
1050 976 1190 1026 fuerit,
1226 976 1338 1017 nohis
1362 991 1457 1016 vero
1489 957 1834 1018 ¹‚undanmn-1.c‹n·.
1849 958 1924 992 ¹⁰'i'

163 1050 240 1084 tum
274 1044 426 1084 salutis.
488 1045 706 1094 Angulares
733 1057 826 1083 vero
863 1045 959 1095 lapis
993 1042 1164 1092 idcirce,
1209 1045 1309 1097 quod
1350 1051 1463 1084 vetus
1495 1059 1539 1083 ac
1574 1060 1717 1086 novum

162 1118 435 1152 testamentum
460 1111 797 1151 circumcisionem
824 1125 869 1150 ae
901 1111 1143 1165 praeputium
1178 1111 1214 1151 in
1248 1126 1363 1152 uuum
1401 1113 1639 1152 consociarit
1670 1128 1714 1154 ac
1736 1124 1857 1154 hume.
1871 1128 1911 1153 115.

160 1179 407 1230 devinxerit,
454 1193 577 1231 agnus
609 1180 700 1219 item
738 1185 896 1234 propter
928 1179 1215 1230 innocentiam,
1266 1187 1344 1220 tum
1383 1181 1482 1234 quod
1518 1160 1919 1222 hominumE¹’h⁰⁸'²’²⁰'

159 1248 286 1290 scelus
313 1262 381 1302 per
403 1248 526 1302 ipsum
551 1248 707 1302 penitus
733 1247 949 1287 extinctum
975 1247 1105 1298 fuerit,
1142 1262 1229 1288 cum
1258 1249 1344 1289 ovis
1370 1249 1494 1288 instar
1519 1248 1715 1302 iugulatus
1737 1262 1921 1299 Ioann.l‚35.

160 1332 205 1358 ac
232 1317 329 1372 patri
358 1317 511 1356 oblatus
535 1323 614 1367 est3
661 1316 972 1370 quandoquidem
1011 1323 1051 1355 ut
1075 1330 1144 1370 pro
1173 1317 1285 1356 nobis
1319 1324 1541 1371 pateretur,
1588 1319 1620 1358 is
1654 1319 1719 1372 qui

160 1386 253 1426 nihil
277 1385 351 1440 pati
376 1392 527 1439 poterat
553 1385 733 1434 advenit,
769 1391 810 1424 ut
841 1398 912 1423 nos
939 1384 1036 1424 salvi
1067 1398 1154 1425 csse
1184 1398 1404 1439 possemus.
1469 1385 1530 1424 Ae
1562 1386 1593 1426 si
1628 1388 1716 1440 quid

159 1453 259 1494 aliud
285 1461 367 1503 est,
412 1453 511 1506 quod
541 1454 676 1493 eodem
705 1467 775 1493 usu
807 1453 852 1492 ad
883 1452 1049 1492 salutem
1076 1452 1272 1492 homiuum
1307 1454 1594 1493 accommodari
1628 1469 1718 1508 pos-

159 1523 232 1574 sit,
268 1536 337 1576 per
367 1521 611 1561 catachresin
645 1521 681 1560 iu
715 1519 838 1560 sacris
871 1520 995 1560 literis
1027 1521 1073 1560 ad
1107 1520 1210 1560 illum
1246 1523 1497 1561 transfertur.

274 1589 424 1644 Ecquid
448 1603 542 1643 ergo
564 1590 751 1644 prodesse
774 1589 885 1629 nobis
909 1595 1090 1629 creatura
1114 1590 1275 1643 posset?
1314 1597 1379 1629 aut
1411 1589 1498 1643 quid
1531 1590 1577 1630 ad
1609 1592 1711 1631 salu-
1775 1594 1860 1651 Cup-s

159 1665 235 1699 tem
268 1657 465 1698 hominum
491 1658 717 1709 conferret,
763 1657 824 1697 vel
848 1658 893 1697 ad
920 1657 1040 1698 divini
1064 1657 1172 1697 verbi
1204 1657 1396 1698 incarnati
1424 1658 1586 1712 gloriam
1620 1660 1717 1700 divi·
1757 1639 1923 1672 XXXVI.

160 1727 399 1780 nitatemque
431 1727 672 1781 perfectam?
733 1723 852 1778 Quid,
890 1725 1070 1779 inquam,
1106 1725 1217 1766 nobis
1248 1726 1464 1780 profuerit,
1500 1726 1530 1766 si
1562 1736 1714 1768 creatu-

157 1809 239 1835 ram
263 1795 368 1835 illum
393 1794 639 1834 dixerimus?
681 1792 785 1847 Quid
820 1801 882 1834 est
917 1794 1016 1848 quod
1044 1800 1216 1834 creatum
1240 1794 1383 1848 aliquid
1412 1795 1603 1835 creaturis
1626 1811 1715 1850 pro-

159 1864 296 1913 desse,
341 1869 408 1903 aut
436 1862 613 1903 utilitatis
636 1862 778 1902 afferre
812 1862 959 1915 possit?
1020 1861 1081 1901 Ad
1117 1862 1212 1902 haee
1251 1863 1444 1916 quomodo
1474 1863 1569 1903 deus
1602 1864 1716 1905 deum

158 1931 330 1981 creavit,
365 1938 405 1971 et.
431 1931 669 1971 adorandum
700 1931 924 1985 proposuit,
960 1945 1045 1970 cum
1075 1929 1242 1985 ipsemet
1265 1930 1432 1981 dixerit,
1480 1934 1567 1971 Non
1587 1934 1717 1984 fita-les

159 2001 230 2039 tibi
255 2002 535 2038 se'milz‘lmll'nem
567 2001 701 2047 ullam,
733 2014 851 2051 neque
883 2002 920 2038 e‘tz
952 2007 1078 2046 terra,
1114 2014 1232 2051 neque
1262 2002 1300 2038 z'lz
1323 2001 1446 2046 coelo,
1481 2014 1600 2052 neque
1620 2004 1711 2040 ado·
1730 2011 1919 2049 Exod.20,4.

159 2069 262 2107 rabis
294 2070 428 2107 illam?
487 2066 695 2120 Quomodo
721 2067 836 2121 igitur
861 2066 934 2107 sibi
960 2067 1077 2107 fitium
1106 2067 1278 2118 creavit,
1313 2067 1548 2121 adorarique
1572 2068 1715 2109 iussit?

159 2136 391 2192 praesertim
421 2150 505 2175 cum
530 2136 727 2189 apostolus
755 2136 880 2187 dicat,
914 2138 967 2175 Et
986 2139 1201 2175 servierunt
1230 2144 1430 2175 creaturae
1453 2140 1582 2187 polias
1607 2152 1716 2189 quam

158 2208 344 2252 creatori,
381 2212 417 2242 et
445 2206 557 2243 stulti
580 2206 680 2257 sacti
705 2213 806 2244 sanc.
873 2202 1043 2245 Stultum
1076 2204 1177 2243 enim
1214 2211 1276 2243 est
1305 2211 1508 2244 creaturae
1535 2205 1716 2245 divinita·
1736 2216 1918 2250 nom.1‚25.

160 2280 236 2313 tem
270 2272 466 2322 tribuere,
509 2286 554 2312 ac
584 2273 745 2327 primum
786 2273 882 2326 legis
910 2272 1060 2313 violare
1086 2272 1334 2321 mandatum,
1381 2276 1577 2311 Dominam
1609 2276 1716 2312 deum

160 2350 261 2380 tuum
293 2342 490 2387 adorabis,
538 2349 575 2379 et
609 2343 671 2379 c’llc'
701 2343 777 2379 soli
804 2344 956 2379 servies.
1021 2339 1239 2395 Propterea
1275 2347 1409 2379 sancta
1452 2340 1510 2379 dei
1544 2342 1710 2381 ecelesia
1726 2352 1867 2388 Matu1.t‚
1880 2354 1922 2382 10.

159 2416 378 2449 ereaturam
409 2422 484 2448 uon
511 2409 670 2458 adorat,
712 2409 778 2448 sed
814 2409 930 2449 [ilium
963 2409 1160 2462 genitum,
1206 2416 1351 2462 patrem
1386 2409 1422 2446 iu
1452 2408 1552 2458 tilio,
1599 2410 1715 2450 filium

159 2477 196 2517 iu
225 2484 350 2532 patre,
385 2491 471 2516 cum
499 2477 637 2531 spiritu
663 2483 816 2517 sancto,
867 2475 950 2516 lmo
975 2491 1087 2527 vero,
1123 2476 1317 2530 inquiunt.
1362 2474 1451 2516 Nisi
1477 2476 1578 2516 cuim
1607 2492 1718 2517 crea-

159 2553 284 2586 turam
310 2545 413 2584 illum
441 2559 529 2584 esse
556 2545 711 2595 dixero,
747 2545 865 2599 patris
892 2545 1136 2584 maiestatem
1166 2544 1369 2583 imminuo.
1434 2543 1590 2584 Etenim
1616 2546 1715 2599 quod

160 2621 333 2654 creatum
368 2613 532 2662 dicitur,
580 2619 798 2652 creatorem
836 2627 912 2653 non
954 2612 1107 2652 minuit.
1173 2610 1287 2664 Quod
1325 2618 1454 2651 autem
1493 2627 1545 2652 cx
1578 2620 1717 2654 natura

160 2682 332 2737 genitum
358 2688 438 2729 est,
474 2681 781 2720 contractionem
812 2681 1028 2734 quandam,
1072 2686 1137 2720 aut
1162 2680 1479 2729 collatatiouem,
1514 2687 1577 2720 aut
1606 2681 1717 2721 dimi-

161 2750 359 2790 nutionem
376 2780 386 2799 ,
422 2756 488 2788 aut
513 2749 746 2798 sectionem,
781 2756 846 2788 aut
870 2748 1060 2789 eiusmodi
1086 2747 1334 2787 allectionem
1357 2747 1522 2801 aliquam
1547 2749 1580 2788 ei
1604 2749 1718 2790 affert

161 2831 182 2857 a
208 2832 284 2871 quo
307 2818 481 2872 genitum
509 2823 582 2856 est.
648 2815 728 2856 Sed
754 2830 890 2856 eorum
920 2816 983 2870 qui
1019 2815 1070 2855 ita
1099 2815 1271 2868 cogitant
1299 2830 1449 2855 summa
1481 2817 1593 2870 plane
1620 2817 1717 2857 stul-

161 2885 244 2925 titia
268 2892 350 2935 est,
386 2887 448 2939 qui
471 2886 516 2924 de
543 2885 675 2924 divino
701 2884 858 2924 numine
884 2884 1150 2923 coniecturam
1189 2897 1240 2922 ex
1274 2883 1415 2938 scipsis
1443 2884 1623 2938 capiunt,
1659 2885 1716 2924 af-

163 2953 428 3008 fectionesque
464 2967 555 2993 suas
593 2953 631 2993 in
657 2953 769 2992 deum
804 2952 1077 2992 transfundere
1104 2958 1320 3003 conantur,
1365 2966 1450 2992 eum
1476 2959 1604 2993 tamen
1639 2959 1713 2992 tam
