2030 3324
440 214 623 246 PANARH
649 214 733 246 LlB.
752 214 793 245 ll.
817 214 926 246 TOM.
949 215 988 246 ΙΙ.
1014 214 1146 246 ΗΑΕΒ.
1169 214 1295 246 LXlX.
1568 203 1646 243 591

91 308 172 334 ram
209 293 318 333 tidem
355 300 393 333 et
426 293 633 333 ecclesiam
673 308 897 347 oppugnare
933 294 1109 334 haeresis
1135 294 1198 333 illa
1234 308 1310 333 non
1339 293 1507 333 desinat.
1569 291 1649 333 Per

88 362 177 403 illud
206 375 301 401 vero
326 369 477 415 tempus
499 361 845 415 presbyterArius
875 362 1104 410 habebatur,
1143 376 1185 401 ac
1209 362 1314 401 multi
1344 362 1379 401 in
1413 375 1645 415 unaquaque

90 429 258 470 ecelesia
284 429 460 482 collegae
494 429 595 469 illius
632 436 746 469 erant
780 430 1016 484 presbyteri.
1085 428 1191 470 Sane
1218 430 1438 483 complures
1468 430 1644 469 Alexan-

89 497 196 538 driae
227 497 418 537 ecclesiae
442 504 552 547 sunt,
589 505 746 552 praeter
770 511 854 537 eam
879 512 977 552 quae
1008 512 1130 552 nuper
1158 504 1342 537 extructa
1368 496 1558 537 Caesaria
1592 498 1647 536 di-

90 566 205 607 eitur.
265 563 378 618 Quae
405 564 495 604 olim
531 565 770 615 Adriauum,
807 574 939 619 postea
967 564 1214 605 Licinianum
1244 566 1517 619 gymnasium,
1563 566 1646 605 sive

90 632 262 675 Basilica
287 633 380 682 l'uit3
416 632 554 672 deiude
577 633 792 688 imperante
818 631 1054 673 Constantio
1082 633 1278 673 aedificari
1307 633 1342 672 iu
1369 647 1411 672 ea
1440 634 1645 673 ecclesiam

90 701 249 757 placuit.
316 698 433 754 idque
467 715 563 755 opus
595 716 614 740 a
645 701 840 754 Gregorio
863 700 1082 741 Meletiauo
1120 708 1158 740 et
1186 701 1336 741 Ariauo
1371 701 1592 741 inchoatum
1627 717 1647 740 a

91 770 205 810 beato
228 768 445 809 Athanasio
468 769 714 809 orthodoxae
748 769 948 822 religionis
975 776 1136 823 parente
1169 770 1214 808 ad
1242 769 1390 808 exitum
1419 770 1646 823 perductum

91 845 173 888 est,
208 843 246 877 et
278 837 324 876 ab
361 838 498 877 eodem
535 844 692 891 postea,
738 851 824 877 cum
861 837 932 876 sub
959 835 1110 877 Iuliano
1136 838 1416 891 dellagrasset,
1452 838 1647 878 instaura-

41 953 44 957 ·
92 913 186 946 tum.
250 903 417 945 Praeter
439 904 537 944 haue
564 919 659 945 vero
691 905 790 944 aliae
817 912 906 944 sunt
933 905 1086 959 plures,
1125 912 1164 944 ut
1187 905 1380 956 diximus,
1418 906 1526 945 velut
1555 904 1648 945 Dio-

90 974 190 1029 nysii
228 973 419 1023 ecclesia,
464 971 678 1022 Theonae,
723 971 867 1022 Pierii,
912 971 1167 1027 Serapionis,
1210 971 1431 1024 Persaeae,
1477 972 1646 1028 Dizyae,

91 1040 306 1091 mendatii,
341 1040 540 1090 Anniani,
586 1038 770 1080 Baucalis
802 1047 841 1080 ct
872 1047 1044 1080 ceterae.
1110 1040 1259 1080 Harum
1294 1055 1406 1080 utiam
1442 1038 1649 1081 Colluthus

90 1109 409 1159 administrabat,
445 1108 559 1149 aliam
591 1106 821 1161 Carpoues,
856 1108 971 1148 aliam
996 1106 1224 1158 Sarmatas,
1270 1109 1338 1148 sed
1364 1115 1403 1148 et
1427 1109 1549 1149 Arius
1575 1109 1647 1149 iste

91 1192 204 1219 unam
233 1191 285 1218 ex
308 1177 625 1217 commemoratis
648 1176 723 1216 illis
748 1176 954 1217 eeclesiam
979 1176 1156 1230 regebat.
1205 1174 1304 1217 Cum
1332 1184 1460 1217 autem
1488 1178 1646 1231 singuli,

93 1246 344 1287 commissum
377 1245 449 1284 sibi
489 1244 670 1299 populum
703 1259 770 1299 per
802 1252 924 1286 statos
957 1252 996 1285 et
1027 1245 1212 1285 solennes
1246 1253 1465 1285 conventus
1499 1246 1650 1300 publice

93 1315 306 1364 docerent,
342 1312 612 1353 dissensiones
640 1313 675 1352 in
702 1313 843 1367 vulgus
874 1320 1121 1368 sparserunt.
1188 1311 1322 1367 ltaque
1349 1314 1411 1354 alii
1441 1316 1486 1354 ad
1511 1315 1648 1355 Arium

92 1383 376 1430 adhaeserant,
412 1380 477 1421 alii
503 1381 549 1421 ad
581 1379 829 1432 Colluthum,
874 1382 937 1421 alii
964 1379 1197 1436 Carpouae,
1233 1382 1296 1422 alii
1322 1381 1530 1423 Sarmatae
1564 1398 1649 1438 par—

92 1458 150 1492 tes
179 1451 410 1500 tuebantur,
448 1456 485 1489 et
509 1464 592 1489 eum
618 1450 654 1489 in
680 1464 750 1490 sua
774 1450 938 1504 quisque
962 1450 1129 1490 ecclesia
1158 1450 1258 1490 alius
1284 1450 1426 1504 aliquid
1452 1452 1644 1505 interpre-

91 1520 209 1560 tando
234 1525 493 1574 proponeret,
530 1525 643 1572 prout
668 1518 704 1557 iu
731 1532 1042 1572 unumquemque
1067 1519 1202 1558 l'avore
1234 1533 1279 1559 ac
1308 1519 1528 1559 laudatione
1558 1535 1646 1574 pro-

91 1588 298 1643 pensiores
331 1593 468 1635 erant,
513 1585 576 1626 alii
611 1584 908 1632 Colluthianos,
953 1586 1126 1627 Arianos
1151 1586 1214 1626 alii
1247 1601 1337 1628 sese
1374 1588 1642 1628 nominabant.

95 1653 250 1710 Quippe
289 1662 328 1694 et
356 1652 562 1695 Colluthus
600 1654 694 1695 l'alsa
729 1656 917 1708 quaedam
952 1669 996 1694 ae
1029 1655 1240 1709 depravata
1269 1657 1419 1707 docuit3
1466 1658 1533 1696 sed
1569 1658 1650 1697 eius

94 1731 202 1765 secta
231 1723 412 1763 diuturna
449 1737 526 1763 non
563 1722 653 1773 tuit,
697 1723 905 1777 statimque
931 1723 1115 1778 dissipata
1150 1731 1224 1764 est.
1290 1723 1404 1778 Quod
1437 1725 1582 1765 utinam
1617 1732 1654 1764 et

95 1791 182 1833 Arii
215 1790 389 1832 furiosae
421 1790 477 1831 illi
506 1798 664 1842 sectae,
698 1792 759 1831 vel
793 1791 1010 1832 infidelitati
1046 1792 1198 1846 potius,
1233 1800 1300 1832 aut
1320 1792 1352 1832 si
1379 1794 1526 1843 mavis,
1563 1807 1649 1848 pra-

95 1873 178 1901 vaev
203 1859 290 1900 fidei
324 1859 579 1914 contigisset!

209 2064 337 2106 Porro
359 2066 514 2106 inflatus
543 2064 728 2120 opinione
756 2065 814 2105 sui
839 2079 966 2106 senex
994 2066 1056 2107 ille
1080 2081 1101 2107 a
1127 2081 1248 2122 scopo
1272 2068 1450 2109 veritatis
1483 2067 1646 2109 excidit.
1672 2073 1751 2117 Cap.
1778 2075 1835 2107 111.

96 2132 188 2175 Fuit
211 2134 271 2174 hie
296 2134 522 2190 proceriore
545 2140 718 2182 statura,
754 2132 855 2173 tristi
883 2134 963 2174 oris
984 2135 1138 2190 specie,
1175 2143 1332 2191 totaque
1355 2137 1532 2192 corporis
1557 2151 1648 2176 con-

96 2203 327 2257 figuratione
362 2202 512 2242 subdoli
545 2209 749 2256 serpentes
784 2201 906 2242 instar
938 2203 984 2242 ad
1010 2204 1183 2244 fraudem
1214 2212 1254 2244 et
1280 2205 1470 2245 fallaciam
1495 2219 1652 2259 compo-

95 2270 194 2321 sita,
227 2271 279 2311 ita
305 2278 346 2311 ut
370 2270 509 2310 callido
529 2270 594 2310 illo
619 2277 865 2324 externoque
898 2270 1027 2311 habitu
1052 2272 1161 2312 facile
1187 2273 1488 2327 simplicioribus
1510 2273 1651 2313 animis

96 2339 322 2394 obreperet.
386 2336 490 2378 Nam
515 2338 798 2392 hemiphorium
827 2346 866 2378 et
889 2339 1082 2380 colobium
1111 2340 1269 2381 indutus
1301 2341 1337 2380 iu
1369 2340 1574 2395 colloquiis
1606 2355 1650 2381 ac

94 2407 397 2449 salutationibus
430 2406 594 2446 blandus
631 2413 715 2446 erat
751 2407 953 2461 inprimis,
998 2415 1113 2462 atque
1145 2410 1316 2449 omnium
1344 2409 1494 2449 animos
1517 2409 1650 2449 adula-

98 2476 245 2516 tionum
272 2474 467 2515 illecebris
490 2474 694 2514 deviuctos
722 2474 893 2515 tenebat.
957 2474 1092 2529 Quare
1124 2477 1233 2518 brevi
1267 2478 1537 2531 septingentas
1572 2478 1653 2517 sere

97 2544 170 2584 deo
196 2550 450 2584 consecratas
473 2541 648 2596 virgines
672 2542 719 2582 ab
745 2544 911 2584 ecclesia
931 2544 1151 2586 abstractas
1174 2545 1211 2585 in
1235 2560 1351 2585 uuum
1379 2545 1521 2598 coegit.
1570 2546 1652 2586 Ad-

97 2612 193 2653 dunt
217 2619 256 2652 et
280 2611 534 2666 presbyteros
559 2610 605 2650 ab
639 2624 685 2650 eo
720 2618 868 2666 septem
909 2626 955 2652 ac
988 2613 1191 2653 duodecim
1227 2613 1412 2653 diaconos
1444 2613 1648 2654 abductos.

98 2678 323 2734 Quinetiam
350 2678 513 2720 subinde
541 2679 768 2733 pestiferum
791 2680 893 2720 illius
919 2681 1027 2721 virus
1055 2681 1100 2720 ad
1125 2680 1331 2736 episcopos
1360 2695 1482 2735 usque
1514 2695 1652 2736 perva-

141 2801 173 2837 4.
199 2802 271 2844 διζύ
296 2806 360 2836 cod.
387 2806 520 2844 scriptus
545 2808 677 2844 uterque.
898 2807 983 2838 Libri
1018 2807 1128 2837 habent
1164 2802 1425 2847 προςκλῆσεως,
1463 2808 1545 2847 quod
1578 2809 1653 2847 ferri

144 2850 173 2881 ὃ.
203 2848 354 2888 σύνταξιν
372 2851 437 2882 cod.
460 2851 587 2888 Rhodia.
898 2853 951 2884 vix
973 2855 1077 2891 polest.

142 2893 174 2926 6.
200 2897 253 2927 Sic
289 2896 520 2927 emendandum
556 2898 632 2926 erat.
694 2897 728 2927 In
765 2897 852 2928 libris
944 2901 974 2929 ὅ.
1004 2898 1090 2927 Libri
1111 2906 1214 2928 omnes
1237 2897 1348 2928 habent
1373 2895 1456 2933 ἔστι,
1482 2899 1565 2938 quod
1585 2908 1651 2930 cor-

97 2942 179 2972 enim
215 2942 307 2980 vulgo
349 2944 433 2972 extat
472 2935 569 2977 ἄλλος
597 2936 676 2973 ἄλλο
707 2952 756 2978 τι,
795 2940 853 2974 καὶ
898 2945 974 2974 rexi.

99 2981 198 3038 tim-m
214 2980 305 3018 ἄλλο.
948 2987 1024 3018 cst.
1043 2987 1098 3019 ni.
1134 3004 1169 3010 -
1221 2987 1247 3019 1.
1273 2988 1316 3030 τῇ
1337 2984 1455 3032 mata
1484 2991 1551 3021 cod.
1573 2991 1653 3021 ahe-

149 3045 172 3063 1.
200 3029 427 3072 τεροςκλξσεως
450 3032 625 3063 emendatio
649 3034 692 3063 est
716 3031 850 3065 Petavu.
899 3033 964 3073 αις.
