2030 3324
440 214 619 245 PANARn
647 213 790 245 L1t3.11.
817 214 925 246 TOM.
948 215 988 245 11.
1015 214 1147 245 HAER.
1170 214 1300 244 LXtX.
1566 204 1645 244 593

96 295 160 335 sit.
224 292 325 333 Nam
356 291 579 333 Secundum
599 291 940 346 Pentapolitanum
971 294 1193 348 episcopum
1224 308 1308 333 cnm
1333 293 1418 333 aliis
1450 291 1646 331 nonnullis

96 363 132 402 in
171 369 300 416 partes
331 374 422 401 suas
451 360 659 415 pertraxit.
724 360 836 413 Quae
865 362 992 402 onmia
1028 362 1123 401 1-111111
1159 361 1274 401 beato
1300 360 1532 400 Alexandro
1568 359 1648 414 epi-

96 444 214 484 scopo
242 429 278 469 in
305 428 472 469 ecclesia
493 429 752 482 gerebantur:
788 430 911 469 donec
936 429 1118 469 ,1161611115
1145 429 1360 468 Thebaidis
1393 428 1429 467 in
1464 428 1648 482 Aegypto

97 497 436 551 archiepiscopus,
472 503 650 551 utsupra
677 497 774 548 dixi,
810 498 992 550 (necdum
1021 497 1122 536 enim
1146 496 1359 537 Meletiana
1387 498 1502 537 l'actio
1522 497 1558 536 in
1583 497 1650 535 ho·

97 566 206 607 stiles
232 572 269 605 et
294 565 558 620 implacabiles
583 565 807 605 inimicitias
833 571 1060 619 eruperat),
1105 565 1165 604 hic
1189 565 1308 619 igitur
1331 566 1471 605 ardore
1495 564 1650 619 pietatis

98 634 380 683 inflammatus,
428 648 512 673 cum
550 633 644 673 nihil
681 648 700 673 a
739 641 843 673 reeta
878 634 950 673 lide
977 634 1142 672 alienum
1179 640 1215 671 61
1241 633 1458 673 abhorrens
1481 638 1648 681 teneret,

98 702 165 742 sed
199 701 280 742 sola
304 702 510 741 affectatae
539 702 737 741 cuiusdam
765 702 933 742 iustitiae
958 702 1090 754 speeie
1114 702 1312 751 differret,
1358 715 1426 755 per
1451 715 1562 754 quam
1596 700 1653 739 ni-

99 770 327 819 hilominus,
378 777 418 810 111
449 777 563 810 antea
597 784 681 809 eum
717 770 907 810 adversus
942 784 1028 809 eum
1067 770 1352 824 disputaremus
1393 768 1650 817 ostendimus,

100 852 280 892 magnum
313 838 395 878 orbi
422 845 614 878 terrarum
650 838 814 878 exitium
841 838 983 877 attulit.
1045 836 1146 876 Tum
1174 851 1269 878 vero
1297 838 1328 877 is
1355 837 1436 891 ipsc
1464 835 1652 876 Meletius

99 907 419 962 archiepiscopus
442 907 477 946 in
508 906 715 961 Aegypto,
751 913 788 945 et
809 905 1040 945 Alexandro
1065 905 1289 955 subiectus,
1325 919 1405 944 rem
1430 919 1582 944 omnem
1607 905 1653 943 ad

99 974 320 1017 Alexandri
346 974 628 1029 archiepiscopi
651 987 768 1014 aures
794 974 946 1014 detulit.
1003 971 1083 1013 lam
1109 980 1236 1012 antem
1261 973 1431 1013 diximus
1449 970 1652 1012 Meletium

99 1044 215 1084 istum
239 1043 276 1084 b.
309 1041 415 1083 Petri
440 1042 613 1097 episcopi
640 1050 678 1081 61
710 1042 896 1096 martyris
924 1041 1124 1095 aequalem
1152 1041 1290 1080 fnisse.
1355 1039 1431 1093 Qui
1455 1055 1538 1080 eum
1569 1040 1653 1079 Arii

101 1112 275 1152 facinora
312 1110 441 1151 omnia
478 1110 761 1163 significasset,
798 1109 977 1149 nimirum
1014 1117 1098 1149 eta
1122 1109 1287 1149 veritate
1320 1109 1423 1149 illum
1451 1109 1653 1156 aberrare,

100 1195 145 1221 ac
172 1179 379 1235 plerosque
407 1178 453 1219 ab
478 1185 583 1218 recta
616 1179 687 1218 lide
715 1192 784 1218 sua
816 1177 1072 1233 persuasione
1100 1178 1335 1232 depravatos
1368 1184 1406 1217 et
1433 1176 1656 1231 inquinatos

101 1248 139 1289 in
172 1248 333 1288 exitium
371 1247 550 1297 trahere,
595 1246 828 1287 Alexander
858 1246 995 1286 Arium
1038 1247 1083 1286 ad
1123 1259 1212 1286 sese
1253 1259 1401 1286 vocans
1436 1244 1572 1299 ecquid
1606 1245 1656 1283 ita

102 1330 191 1358 sese
217 1330 280 1356 res
307 1315 468 1355 haberet
492 1315 725 1369 interrogat.
771 1315 875 1355 Tun]
901 1315 962 1355 ille
981 1314 1073 1354 nihil
1100 1314 1385 1368 tergiversatus
1407 1320 1472 1353 ant
1498 1320 1657 1354 cuncta—

103 1393 180 1435 tus,
215 1385 344 1425 statim
374 1385 538 1423 frontem
565 1384 799 1436 perfricans,
827 1398 985 1438 pravam
1013 1397 1164 1422 omnem
1189 1397 1296 1423 suam
1321 1382 1544 1437 opinionem
1564 1395 1658 1422 evo-

103 1453 213 1503 muit,
239 1460 277 1493 ut
298 1467 348 1493 ex
371 1452 492 1507 ipsius
516 1452 690 1506 epistolis
715 1459 751 1491 et
773 1452 870 1491 actis
895 1451 997 1491 illius
1021 1451 1286 1505 inquisitionis
1310 1457 1478 1490 constat.
1514 1449 1660 1503 Quam-

103 1522 236 1563 obrem
264 1520 495 1561 Alexander
520 1520 649 1560 habito
683 1520 1003 1575 presbyterorum
1033 1534 1076 1559 ac
1102 1519 1354 1573 quorumdam
1384 1519 1656 1573 episcoporum

105 1589 170 1645 qni
197 1590 362 1630 aderant
394 1595 590 1629 conventu
619 1589 665 1628 de
692 1602 738 1628 eo
768 1588 1034 1642 quaestionem
1063 1588 1179 1628 habet
1202 1601 1246 1627 ac
1273 1587 1481 1640 diligenter
1510 1586 1660 1626 exami-

109 1665 192 1699 nat.
259 1657 364 1697 Tum
394 1657 549 1697 veritati
576 1657 715 1697 cedere
742 1657 1024 1697 detrectantem
1050 1656 1155 1697 eiicit
1188 1669 1240 1696 ex
1273 1655 1463 1705 ecclesia,
1505 1668 1550 1695 ac
1583 1661 1661 1694 tota

107 1727 264 1767 civitate
291 1725 522 1781 proscribit,
567 1740 652 1765 611111
678 1740 753 1779 qno
778 1731 813 1764 et
841 1725 1015 1778 virgines
1048 1725 1135 1764 illae
1157 1739 1202 1764 ac
1229 1723 1384 1774 6161161,
1419 1737 1516 1777 quos
1549 1729 1663 1762 antea

108 1794 438 1844 commemoravi,
486 1809 570 1833 611111
614 1793 760 1847 reliqua
803 1793 1049 1833 multitudine
1088 1793 1186 1833 haud
1227 1793 1373 1846 exigua
1415 1792 1461 1832 ab
1495 1790 1663 1831 ecclesia

108 1863 282 1904 distracti
315 1870 421 1903 sunt.

219 1930 323 1971 Hinc
347 1930 446 1971 Ario
478 1930 694 1984 longiorem
729 1930 765 1970 in
799 1929 893 1970 urbe
918 1944 1065 1971 moram
1099 1930 1277 1971 trahente
1307 1928 1473 1969 moritur
1502 1928 1656 1968 confes-
1682 1929 1763 1972 Cap.
1792 1929 1848 1962 IV·

109 2015 176 2042 sor
201 1998 389 2041 Meletius
413 2006 452 2040 61
474 2006 638 2054 martyr.
702 1997 860 2038 lnterim
893 1998 1012 2038 Arius
1040 1999 1248 2039 divortium
1277 2011 1322 2038 ac
1348 1997 1549 2037 dissidium
1581 1995 1665 2036 ubi-

111 2084 184 2124 que
212 2067 378 2119 saciens,
413 2075 451 2108 et
475 2068 512 2107 in
540 2067 846 2121 uniuscuiusque
869 2067 1020 2107 animos
1043 2067 1180 2107 callide
1208 2080 1297 2107 sese
1321 2066 1542 2115 insinuans,
1570 2064 1666 2104 mul-

112 2145 173 2179 tos
209 2137 391 2193 perdidit.
456 2134 534 2176 Sed
571 2135 633 2175 ubi
668 2135 960 2189 deprehensus,
1006 2142 1044 2175 et
1079 2137 1117 2175 in
1150 2135 1245 2175 urhe
1280 2135 1508 2184 convictus,
1550 2140 1665 2187 atque

113 2206 283 2247 omnium
310 2204 522 2260 praeconio
544 2204 744 2244 traductus
769 2211 849 2255 est,
885 2203 1132 2244 Alexandria
1161 2204 1312 2258 fugiens
1339 2204 1376 2243 in
1400 2201 1666 2242 Palaestinam

113 2274 222 2316 abiit.
288 2272 344 2314 lbi
373 2273 550 2327 singulos
578 2272 784 2327 episcopos
818 2272 948 2323 adire,
994 2287 1038 2313 ac
1063 2286 1273 2327 prensare,
1317 2270 1545 2323 adularique
1577 2282 1668 2309 eoe-

114 2343 192 2399 pit,
227 2357 301 2397 quo
331 2342 461 2396 plures
491 2341 563 2381 sibi
588 2342 872 2394 suffragatores
900 2341 1146 2394 adiungeret.
1211 2339 1278 2380 Ex
1302 2339 1361 2379 his
1386 2338 1537 2393 quidam
1563 2337 1666 2377 illum

115 2417 372 2465 receperunt,
409 2409 471 2450 alii
495 2423 590 2449 vero
614 2410 856 2464 repulerunt.
920 2408 1031 2462 Quae
1056 2424 1150 2449 mox
1176 2416 1216 2449 ut
1240 2409 1286 2448 ad
1313 2420 1427 2447 aures
1448 2405 1669 2446 Alexandri

117 2479 286 2535 episcopi
311 2478 458 2532 perlata
483 2485 596 2528 sunt,
631 2478 854 2533 encyclicas
884 2479 929 2518 ad
954 2478 1129 2531 singulos
1156 2476 1361 2531 episcopos
1386 2475 1522 2515 literas
1547 2473 1666 2523 dedit,

118 2561 216 2603 quae
243 2547 433 2601 hodieque
455 2546 718 2587 studiosorum
751 2546 788 2586 in
812 2546 988 2586 manibus
1012 2552 1245 2595 versantur,
1291 2557 1453 2583 munero
1489 2544 1571 2582 l'ere
1608 2555 1670 2582 se-

119 2615 337 2672 ptuaginta.
402 2614 570 2669 Scripsit
603 2615 705 2655 inter
734 2614 832 2656 alios
860 2615 904 2655 ad
929 2613 1143 2654 Eusebium
1173 2611 1396 2653 Caesareae
1429 2610 1669 2665 episcopum,

120 2685 183 2740 qui
212 2684 336 2725 adhuc
362 2690 590 2738 supererat,
636 2689 674 2723 61
698 2683 744 2723 1111
769 2681 990 2724 Mat-,arium
1018 2681 1408 2736 llierosolymorum,
1443 2678 1670 2733 Asclepium

122 2753 277 2803 Gazae,
296 2751 521 2807 Longinum
537 2751 762 2801 Ascalonis,
790 2750 1011 2792 Macrinum
1041 2748 1208 2790 lamniae
1227 2747 1468 2802 episcopum,
1497 2754 1535 2786 et
1556 2746 1671 2796 alios,

120 2822 214 2862 item
248 2821 286 2861 in
321 2819 573 2861 Phoeniciam
613 2819 658 2859 ad
692 2818 896 2860 Zenonem
931 2819 1122 2873 quendam
1162 2817 1361 2870 antiquum
1387 2815 1487 2870 Tyri
1522 2815 1675 2869 episco-

124 2905 235 2946 pum,
271 2889 450 2939 61111105;
496 2887 653 2942 scripsit
679 2894 717 2928 et
742 2888 777 2927 in
805 2885 954 2928 Coelen
984 2886 1157 2942 Syriam.
1221 2883 1360 2925 Missis
1389 2883 1447 2924 his
1480 2882 1672 2938 epistolis,

173 2969 249 3000 Cu.
270 2969 325 3000 lV.
351 2986 395 2991 —
435 2968 462 3000 1.
488 2966 523 3006 ἐς
547 2964 682 3009 ὕστερον
708 2968 773 2999 cod.
798 2968 877 2998 Rhe·
971 2967 1000 2998 ¹2.
1028 2963 1250 3006 ἀλεξανδρέας
1275 2965 1364 2996 codd.
1389 2973 1460 2995 mss.

125 3017 187 3055 dig.
246 3012 424 3055 ἐσύστερον
462 3015 528 3046 cod.
565 3016 626 3046 len.
690 3010 879 3055 εἰσύστερον
972 3012 1001 3043 3.
1030 3013 1178 3051 Suspicor
1200 3007 1304 3053 αὕη-ιζ).

126 3061 209 3092 editi.
973 3061 1003 3089 4.
1030 3053 1211 3099 Εὖσερείῳ
1236 3057 1306 3086 libri
1327 3057 1454 3095 scripti,
1479 3058 1510 3086 ut
1535 3056 1637 3085 solent.

196 3103 313 3140 Corpus
334 3102 515 3131 Haereseol.
537 3102 573 3130 n.
593 3103 617 3129 2.
1352 3104 1404 3144 38
