2030 3324
430 218 609 251 ΡΑΝΑΒΗ
636 217 777 249 Ltuu.
803 217 910 249 ToM.
931 218 969 248 tt.
998 216 1129 248 HAER.
1148 215 1274 247 [χιχ.
1549 203 1629 244 603

87 313 172 354 dem
210 309 406 367 posterius
439 308 620 349 obtinuit.
693 306 794 348 Nam
830 307 950 348 Arius
987 315 1102 347 noctu
1139 305 1289 347 ventris
1322 304 1477 346 levandi
1510 303 1636 359 gratia

89 379 268 436 progredi
296 384 472 427 coactus,
507 383 545 416 et
570 376 606 416 iu
638 389 837 417 secessum
864 375 1016 426 abiens,
1051 376 1088 415 in
1113 375 1193 429 ipsa
1220 374 1318 414 cella
1345 373 1527 413 desidens
1550 386 1635 412 cre-

86 448 182 502 puit,
217 461 261 487 ac
283 452 460 486 mortuus
483 451 542 484 est
566 444 764 484 inventus.
811 442 870 484 lta
900 443 1156 484 foetidissimo
1182 442 1219 481 in
1243 442 1329 481 loco
1352 448 1531 495 repertus
1557 447 1633 491 est,

87 529 172 556 cum
205 513 390 554 intestina
424 512 553 553 omnia
585 512 744 567 perinde
782 512 965 552 eiecisset
1006 518 1121 565 atque
1160 508 1463 564 impurissimum
1497 509 1634 562 dogma

85 589 306 624 vomuerat.

199 649 272 690 His
305 650 350 689 ad
386 663 472 689 cum
501 649 654 689 modum
682 649 804 702 gestis
827 650 1039 703 imperator
1061 646 1252 686 ecclesiae
1278 645 1515 694 consulens,
1549 658 1634 684 cum

84 719 159 759 iam
187 718 381 773 plerisque
407 731 427 757 a
453 731 495 758 se
522 717 688 756 invicem
713 715 991 756 dissidentibus
1016 715 1122 755 varia
1148 719 1283 754 essent
1308 712 1535 763 schismata,
1569 726 1636 752 oe-

86 785 326 827 cumenicam
354 786 545 840 synodum
576 785 722 838 colligit
744 781 1001 824 CCCXVlll
1035 783 1332 837 episcoporum,
1373 795 1535 834 quorum
1569 795 1639 820 no-

84 856 187 895 mina
212 854 258 894 ad
284 854 355 894 hoc
381 867 502 907 usque
525 861 675 907 tempus
701 859 853 892 extant.
919 850 967 891 Hi
991 849 1168 891 Nicaeae.
1192 850 1421 904 congregati
1451 849 1634 889 damnato

85 923 172 963 Arii
201 922 409 977 dogmatae
434 921 692 961 orthodoxam
733 927 882 974 patrum
919 920 1029 958 tidem
1059 917 1362 968 immutabilem,
1407 924 1445 957 et
1470 917 1516 957 ab
1544 931 1637 972 apo-

85 990 199 1032 stolis
228 1004 272 1030 ac
296 989 495 1044 prophetis
525 988 702 1028 traditam
730 988 977 1028 confirmant.
1042 984 1248 1026 Postremo
1284 985 1344 1025 ubi
1372 985 1641 1040 subscripsere

88 1058 286 1114 episcopi,
331 1065 368 1098 et
391 1058 576 1098 Arianam
615 1055 796 1096 haeresin
825 1055 1073 1095 anathemate
1099 1054 1322 1102 devovere,
1369 1055 1520 1108 synodo
1553 1053 1639 1093 finis

85 1133 147 1167 est
173 1126 394 1181 impositus.
460 1123 607 1165 Eadem
634 1124 670 1164 in
696 1124 848 1178 synodo
879 1136 1052 1163 canones
1079 1121 1231 1176 quidam
1260 1121 1518 1161 ecclesiastici
1544 1134 1637 1161 con·

86 1194 153 1235 diti
188 1201 293 1235 suut.
356 1192 444 1234 Nec
484 1207 561 1233 non
595 1200 634 1233 et,
667 1193 713 1232 de
747 1191 941 1247 paschatis
977 1190 1206 1231 celebritate
1231 1190 1543 1240 constituerunt,
1587 1189 1640 1229 uti

86 1269 223 1304 sancta
253 1263 316 1303 illa
348 1260 648 1316 religiosissima
676 1261 759 1300 dies
792 1261 928 1300 eodem
960 1266 1135 1314 tempore
1170 1272 1318 1298 summa
1357 1272 1442 1298 cum
1473 1271 1640 1298 consen-

85 1331 196 1373 sione
228 1345 274 1371 ac
309 1329 518 1371 concordia
553 1329 838 1370 celebraretur.
902 1326 1004 1368 Nam
1037 1334 1150 1367 antea
1183 1341 1258 1367 non
1293 1326 1429 1367 eadem
1467 1326 1638 1366 omnium

84 1407 171 1440 erat
199 1399 439 1440 observatio.
505 1396 672 1450 Quidam
704 1396 806 1437 euim
839 1395 1165 1446 antevertebant‚
1199 1395 1262 1435 alii
1288 1394 1416 1435 medio
1443 1401 1637 1449 tempore,

86 1468 151 1509 alii
176 1475 375 1522 postremo
411 1480 566 1507 sacrum
605 1466 708 1506 illum
737 1465 836 1505 diem
872 1464 1058 1518 agebant,
1105 1470 1143 1503 et
1172 1470 1212 1503 ut
1239 1477 1315 1503 uno
1353 1462 1473 1503 verbo
1497 1463 1638 1513 dicam,

88 1549 239 1576 summa
275 1543 358 1576 erat
390 1549 459 1590 per
490 1534 580 1574 illud
609 1542 759 1588 tempus
788 1532 983 1573 conlusio.
1048 1532 1161 1585 Quae
1196 1532 1325 1571 omnia
1360 1531 1464 1585 pacis
1497 1530 1642 1571 consti-

88 1604 256 1645 tuendae
283 1604 409 1657 gratia
435 1603 534 1643 beati
560 1600 810 1642 Constantini
839 1615 956 1656 opera
986 1616 1029 1641 ac
1054 1600 1182 1640 studio
1207 1600 1386 1654 componi
1413 1600 1507 1639 deus
1537 1598 1641 1654 paci-

88 1671 276 1726 ficarique
311 1672 448 1713 voluit.
524 1669 733 1724 Postquam
767 1670 887 1710 Arius
924 1669 1165 1724 proscriptus
1197 1676 1277 1718 est,
1327 1675 1537 1721 ceteraque
1571 1667 1641 1707 hoc

88 1741 202 1781 modo
228 1748 339 1794 gesta
368 1747 479 1789 sunt,
515 1739 650 1779 eodem
679 1752 781 1778 anno
804 1745 956 1778 mortuo
982 1737 1214 1777 Alexandro
1242 1736 1554 1777 Alexandrinam
1579 1748 1642 1775 ec-

88 1809 246 1850 ctesiam
278 1808 454 1849 Achillas
481 1807 668 1847 obtinuit:
705 1813 838 1846 contra
867 1819 979 1859 quem
995 1803 1198 1845 Meletiani
1223 1804 1428 1845 Theonam
1451 1817 1644 1859 opposue-

89 1884 192 1919 rant.
255 1876 410 1918 Achilla
438 1890 532 1916 vero
560 1882 644 1930 post
672 1883 750 1914 tres
785 1887 941 1914 menses
968 1874 1151 1913 defuncto
1178 1872 1420 1913 Athanasius
1452 1871 1644 1912 successit

89 1944 354 1986 Alexandrini
382 1945 591 1993 diaconus,
628 1944 675 1983 ab
700 1956 824 1996 eoque
849 1942 895 1982 ad
920 1941 1144 1982 comitatum
1175 1941 1342 1992 missus3
1377 1941 1436 1981 cui
1471 1940 1643 1980 moriens

92 2014 321 2054 Alexander
359 2013 622 2068 episcopatum
665 2011 851 2051 committi
895 2011 1161 2051 mandaverat.
1238 2008 1386 2050 Verum
1422 2023 1506 2049 cum
1550 2009 1646 2049 haec

89 2083 141 2123 sit
165 2082 436 2123 Alexandriae
471 2080 713 2120 consuetudo
743 2087 779 2118 ut
817 2087 902 2133 post
928 2079 1099 2134 episcopi
1126 2086 1288 2118 mortem
1327 2091 1537 2118 successor
1568 2092 1645 2118 non

90 2150 234 2191 diutius
255 2150 480 2199 differatur,
516 2149 584 2188 sed
616 2147 781 2188 subinde
810 2147 915 2201 pacis
949 2148 1116 2188 tuendae
1141 2147 1268 2201 gratia
1301 2146 1560 2200 subrogetur,
1597 2159 1645 2186 ne

90 2219 177 2260 aliis
202 2219 325 2269 hunc,
361 2218 447 2258 aliis
470 2217 574 2257 illum
598 2215 921 2270 amplectentibus
954 2216 1080 2270 iurgia
1107 2216 1143 2255 in
1172 2215 1338 2269 vulgens
1365 2221 1403 2254 et
1423 2214 1644 2254 contentio·

91 2301 161 2328 nes
199 2286 372 2327 existant
415 2285 578 2325 absente
610 2283 828 2324 Athanasio
865 2283 1058 2324 Achillam
1101 2283 1339 2324 substituere
1375 2283 1498 2323 coacti
1536 2290 1641 2323 sunt.

91 2354 308 2395 Enimvero
339 2354 454 2394 sedes
480 2354 514 2393 ei
541 2367 584 2393 ae
612 2352 859 2408 pontificatus
886 2351 1122 2402 debebatur,
1168 2352 1232 2406 qui
1258 2359 1295 2391 et
1329 2366 1349 2391 a
1379 2352 1451 2391 deo
1481 2358 1644 2391 vocatus

91 2430 131 2464 et
153 2437 174 2463 a
202 2422 316 2463 beato
345 2422 576 2463 Alexandro
600 2420 835 2461 constitutus
858 2422 1000 2461 fuerat.
1065 2418 1142 2474 Qui
1168 2434 1259 2460 mox
1295 2427 1335 2459 ut
1360 2419 1644 2460 Alexandriam

93 2491 201 2532 venit
223 2500 263 2532 et
286 2491 492 2546 episcopus
517 2497 672 2530 creatus
695 2495 769 2539 est,
806 2488 1028 2529 vehementi
1050 2487 1253 2541 religionis
1275 2487 1415 2527 ardore
1440 2494 1642 2538 aestuans,

92 2574 137 2600 ac
166 2559 405 2614 deplorando
433 2558 626 2598 ecclesiae
661 2564 766 2597 statu
800 2563 1043 2606 commotus,
1089 2570 1174 2596 cum
1201 2555 1342 2609 ubique
1371 2556 1645 2596 conventicula

93 2643 138 2669 ac
162 2627 291 2683 populi
315 2627 483 2667 divortia
505 2640 526 2666 a
549 2624 775 2666 Meletianis
797 2625 958 2675 fierent,
994 2625 1041 2665 ob
1065 2638 1150 2664 eam
1175 2636 1354 2663 caussam
1383 2637 1494 2677 quam
1527 2637 1645 2678 supra

94 2695 372 2751 exposuimus,
415 2709 502 2735 cum
529 2695 575 2734 de
597 2692 816 2734 Meletiano
842 2693 1053 2734 schismate
1084 2705 1315 2746 ageremuS,
1359 2691 1423 2731 ille
1455 2691 1646 2733 ecclesias

93 2764 324 2805 consociare
360 2771 399 2803 et
430 2763 475 2803 ad
509 2762 755 2802 concordiam
791 2761 972 2816 redigere
1000 2761 1160 2815 cupiens
1191 2759 1442 2814 increpandi,
1488 2760 1647 2800 commi—

93 2879 179 2901 νοιαν
211 2865 272 2909 τήν
303 2864 400 2909 ἁγίαν
435 2865 514 2899 beo-3
553 2864 728 2906 πανεόρτεν
759 2861 849 2905 ἦμέ-
943 2868 973 2897 4.
1000 2860 1189 2905 κομητάτον
1213 2864 1363 2901 scriptum
1383 2865 1424 2894 est
1446 2863 1566 2902 ubique.

96 2924 164 2954 ραν.
943 2910 973 2941 5.
1000 2905 1017 2941 ὁ
1039 2904 1259 2949 ἀλεξανδρεῦς
1282 2910 1406 2948 uterque
1430 2908 1495 2940 cod.
1519 2917 1596 2947 ms,
1621 2912 1648 2940 et

139 2958 171 2990 3.
195 2956 317 3000 φύρσις
341 2958 516 2989 emendatio
546 2960 589 2988 est
619 2957 749 2988 Petavii.
802 2955 847 2994 Cf.
895 2956 941 2986 ed.
966 2956 1064 2994 princ.

95 3004 180 3042 infra
205 3004 321 3034 adnou.
343 3004 387 3034 ud
416 3012 486 3042 cap.
510 3001 562 3034 31.
612 2998 756 3042 φύρασις
777 3001 847 3039 pla·
939 2999 969 3031 o.
1002 2996 1186 3040 ἐπισκοπῆν
1210 3000 1331 3030 restitui
1361 3008 1399 3030 ex
1430 3000 1516 3030 tibris
1548 3007 1647 3030 manu

95 3049 157 3080 cuit
177 3049 233 3080 los.
252 3049 421 3087 Scaliger-o.
471 3049 557 3079 Libri
578 3048 689 3079 habent
709 3043 845 3088 φράσις.
893 3046 1041 3078 exaratis.
1079 3046 1112 3076 In
1132 3048 1260 3085 utroque
1281 3045 1362 3077 edito
1379 3047 1421 3076 est
1441 3041 1645 3077 ἐπισκοπίαν.

1664 655 1742 698 Cap.
1755 655 1815 686 Xt.
