2066 3319
515 187 694 220 PANARn
719 188 802 220 Lm.
826 189 871 220 11..
887 189 992 221 ToM.
1016 191 1040 221 1.
1066 190 1194 222 HAER.
1217 191 1320 222 Lvn.
1609 183 1686 221 157

145 268 418 321 sincerumque
452 266 594 307 cultum
625 267 830 319 adhibent,
875 269 1015 323 quique
1047 269 1222 310 veritatis
1257 277 1296 309 et
1329 269 1440 310 unins
1473 269 1687 310 catholicae

145 336 335 377 ecclesiae
374 343 465 376 sunt
503 335 595 376 filii?
654 334 923 377 Vehementer
958 351 1084 379 erras.
1157 336 1254 390 Quis
1295 339 1395 378 enim
1429 353 1504 379 non
1536 346 1688 379 asserat

144 419 260 445 unum
287 405 398 444 deum
427 417 516 445 esse
545 403 721 444 veritatis
756 412 902 460 patrem
937 406 1266 461 omnipotentem,
1308 421 1326 446 a
1354 421 1428 460 qno
1466 407 1687 461 unigenitus

143 472 242 513 filius
266 485 360 513 vere
391 485 623 527 progressus
648 479 733 524 est,
768 474 862 514 deus
886 474 1072 525 verbum,
1106 474 1291 524 verbum,
1325 475 1502 528 inquam,
1538 476 1573 515 in
1601 490 1688 529 pro-

142 540 224 596 pria
250 554 415 596 persona
439 542 676 590 consistens,
712 548 749 581 et
772 556 792 581 a
816 549 924 596 patre
947 556 1085 583 revera
1109 543 1193 583 sine
1216 543 1293 582 ullo
1317 542 1426 582 initio
1450 558 1493 582 ac
1516 551 1688 599 tempore

142 609 342 664 genitum?
401 607 529 650 Unum
554 609 682 663 itaque
704 611 815 650 deum
840 617 951 651 caute
973 625 1019 650 ac
1043 611 1254 665 prudenter
1279 611 1445 651 ecclesia
1470 613 1681 665 praedicat,

142 684 292 733 patrem
322 677 502 718 videlicet
526 678 719 719 etlilium.
786 682 987 729 Quoniam,
1022 678 1166 732 inquit,
1200 693 1269 729 ego
1293 682 1330 717 2'11
1352 687 1482 730 pals-e,
1518 689 1553 718 et
1580 689 1891 732 J)(1!e1¹toan1=.14‚w.

143 748 180 785 in
201 761 257 786 me
282 754 351 794 est,
388 753 440 797 et,
474 748 596 786 Ambo
621 762 731 786 emam
753 762 894 794 sumus,
931 747 1002 787 hoc
1025 754 1084 786 est
1108 760 1183 786 una
1211 746 1410 797 divinitas,
1446 755 1484 787 et
1509 749 1686 789 voluntas
1708 759 1749 787 ld.
1772 760 1813 796 ιο,
1831 761 1870 787 30.

144 829 233 866 una,
267 821 307 855 et
331 829 406 855 una
426 815 652 855 dominatio,
719 812 906 856 Ceterum
929 829 980 855 cx
1001 822 1109 870 patre
1132 815 1290 869 spiritus
1317 829 1469 870 quoque
1497 817 1686 870 procedit,

143 890 277 937 suapte
301 890 486 924 constans
510 883 724 939 hypostasi,
759 897 804 923 ac
828 898 869 923 re
892 884 973 938 ipsa
996 884 1193 938 perfectus
1213 883 1390 925 veritatis
1412 885 1588 939 spiritns,
1623 887 1684 940 qni

142 954 331 993 illuminat
352 956 494 1000 omm‘a,
531 954 744 1005 que'astlz'o
769 955 927 1004 aceepit,
964 956 1153 1000 veritates,
1189 952 1367 1006 inquam,
1400 956 1577 1005 spernus,
1612 958 1888 1006 spi-Ioann.16.1⁴.

141 1024 240 1061 ritus
256 1025 395 1074 patris,
428 1024 585 1074 spiritus
607 1023 761 1060 Christi.
814 1019 947 1076 ltaque
974 1035 1088 1062 unam
1111 1021 1279 1062 ecclesia
1303 1021 1544 1063 divinitatem
1569 1037 1688 1077 agno-

143 1089 238 1141 scit,
279 1097 415 1145 estque
444 1090 539 1130 deus
570 1103 668 1130 unus
700 1089 879 1130 veritatis
914 1097 1045 1145 pater,
1087 1090 1284 1145 perfectus
1314 1098 1446 1145 pater,
1488 1091 1688 1146 hypostasi

142 1172 211 1200 sua
239 1159 458 1214 praeditus,
500 1159 696 1213 perfectus
727 1158 851 1210 filius,
892 1172 1002 1199 suam
1038 1172 1232 1214 peraeque
1265 1159 1411 1200 habens
1444 1159 1686 1215 hypostasin,

142 1228 341 1283 perfectus
375 1227 540 1281 denique
570 1227 728 1282 spiritus
761 1234 945 1278 sanctus,
988 1234 1025 1268 et
1059 1242 1168 1268 suam
1200 1228 1273 1268 sibi
1306 1229 1531 1284 hypostasin
1566 1229 1690 1269 vindi-

143 1310 259 1347 cans,
301 1311 377 1337 una
408 1295 616 1347 divinitas,
659 1310 810 1351 unaque
840 1296 1068 1337 dominatio.
1131 1295 1284 1350 Quibus
1315 1298 1361 1338 de
1394 1298 1543 1338 caussis
1576 1299 1688 1338 deum

142 1379 260 1406 unum
293 1378 429 1406 sacrae
457 1365 598 1419 ubique
628 1364 763 1406 literae
795 1365 1069 1420 pronuntiant,
1105 1365 1285 1406 nimirum
1316 1367 1688 1407 consubstantialem

142 1434 304 1474 triadem
340 1448 385 1474 ac
418 1447 573 1488 semper
598 1434 859 1484 existentem,
895 1434 955 1474 cui
990 1435 1123 1474 eadem
1150 1434 1332 1474 identitas
1358 1434 1535 1489 idemque
1567 1435 1688 1476 domi-

144 1509 258 1543 natus
288 1501 524 1542 attribuitur.
587 1500 651 1543 Ex
682 1517 756 1557 qno
784 1510 846 1543 tua
872 1503 959 1554 illa,
998 1502 1248 1543 stolidissime
1282 1503 1525 1554 mortalium,
1558 1504 1688 1559 inepta

142 1571 242 1611 ratio
271 1570 454 1611 concidit.
519 1570 591 1611 His
618 1570 901 1611 animadversis
935 1571 1124 1612 adversus
1157 1571 1242 1611 illas
1266 1570 1386 1612 Noe'ti
1418 1585 1538 1613 voees
1571 1587 1689 1628 oppo-

143 1640 310 1681 nendum
337 1640 449 1680 modo
473 1639 614 1693 aliquid
640 1647 678 1680 et
703 1639 749 1679 ab
774 1639 859 1694 ipso
883 1639 1069 1694 principio
1100 1640 1350 1694 repetendum
1378 1647 1461 1691 est,
1495 1648 1609 1696 atque
1641 1655 1687 1682 eo

144 1709 258 1749 modo
289 1708 439 1762 singula
470 1708 592 1763 capita
625 1708 857 1748 refellenda.

257 1775 370 1830 Quod
398 1777 516 1831 igitur
540 1776 715 1831 inprimis
740 1776 831 1817 illud
858 1775 1012 1817 obiicit:
1062 1779 1162 1816 Unus
1186 1785 1242 1816 est
1264 1779 1354 1816 deus
1379 1793 1427 1816 εκ
1450 1793 1521 1830 quo
1546 1781 1681 1826 omnia,

142 1853 182 1886 et
207 1861 274 1885 nos
305 1849 343 1885 in
372 1849 510 1898 ipsum,
545 1853 583 1884 et
606 1860 702 1884 unus
732 1848 902 1885 dominus
923 1849 1028 1884 Iesus
1054 1848 1247 1893 Christus,
1290 1853 1326 1884 el
1356 1861 1423 1885 7208
1450 1861 1521 1898 per
1550 1849 1683 1898 ipsum,

136 1922 295 1967 propter
318 1929 423 1967 quem
449 1917 593 1962 omnia,
629 1922 667 1953 et
688 1929 756 1953 nos
772 1929 844 1966 pet·
868 1918 1007 1966 zpsum,
1042 1928 1172 1954 nonne
1201 1914 1247 1954 iis
1273 1913 1369 1969 ipsis
1396 1914 1549 1965 verbis,
1590 1918 1690 1955 Unus

141 1986 232 2023 deus
260 1999 308 2023 ea·
334 1999 405 2036 quo
435 1987 577 2031 omnia,
613 1991 649 2022 el
677 1998 745 2022 nos
767 1986 804 2023 e'tz
827 1987 967 2035 ipsum,
1004 1997 1118 2023 unuin
1141 1983 1351 2038 significari
1379 1983 1606 2039 principium
1632 1983 1690 2024 vi-

143 2052 239 2093 des?
286 2050 350 2093 Ne
374 2052 542 2093 animum
567 2059 740 2092 nostrum
766 2052 812 2092 ad
838 2052 945 2106 plura
973 2052 1179 2106 cogitanda
1207 2051 1396 2107 principia
1421 2059 1687 2103 converteret,

143 2134 189 2162 ac
210 2120 431 2161 mortalium
458 2120 614 2175 ingenia
638 2120 851 2162 vanissima
878 2120 941 2161 illa
965 2121 1125 2161 deorum
1152 2121 1396 2161 multitudine
1419 2121 1580 2175 decepta
1604 2135 1689 2161 rur-

144 2203 210 2230 sus
235 2189 282 2230 ad
306 2190 468 2231 eandem
492 2190 744 2230 asserendam
769 2190 917 2245 copiam
942 2189 1167 2230 adduceret.
1230 2187 1354 2230 Vides
1379 2189 1480 2230 enim
1506 2190 1688 2243 quemad-

143 2258 296 2299 modum
320 2273 397 2300 uno
421 2258 578 2299 nomine
603 2258 654 2298 sit
683 2272 776 2299 usus
801 2265 838 2298 et
861 2258 1119 2313 appellatione
1141 2272 1240 2308 una,
1276 2273 1353 2298 non
1381 2265 1420 2298 ut
1447 2258 1686 2312 unigenitum

144 2328 256 2368 deum
283 2327 513 2383 abnegaret.
581 2325 786 2368 Dominum
812 2327 950 2382 quippe
974 2340 1063 2368 esse
1086 2327 1191 2367 illum
1215 2327 1410 2382 intelligit,
1445 2327 1686 2381 eundemque

144 2396 272 2437 deum.
337 2394 430 2437 Ideo
454 2396 644 2451 singulari
669 2396 830 2451 quadam
857 2395 1035 2436 cautione
1063 2395 1153 2436 illud
1177 2394 1341 2446 adiecit,
1375 2398 1427 2434 Et
1452 2410 1548 2434 emus
1572 2398 1687 2435 domi-

143 2479 214 2504 nus
242 2468 347 2505 Iesus
370 2468 564 2514 Christus,
594 2480 666 2518 per
687 2480 792 2518 quem
817 2468 952 2504 omnia.
1018 2463 1132 2518 Quod
1162 2479 1248 2504 cum
1269 2463 1356 2505 voci
1377 2463 1455 2514 illi,
1489 2467 1681 2513 Dominus,

144 2534 351 2589 praecipue
383 2534 556 2586 affinxit,
600 2548 677 2574 non
708 2533 872 2574 eundem
904 2533 1090 2574 indicavit
1122 2547 1210 2574 esse
1240 2539 1410 2587 patrem,
1445 2533 1686 2587 eundemque

145 2602 286 2654 filium,
321 2603 388 2643 sed
423 2617 508 2643 eum
544 2602 605 2657 qui
644 2609 753 2658 pater
780 2609 955 2643 estesse
987 2608 1160 2657 patrem,
1196 2601 1256 2656 qui
1284 2601 1407 2651 filius,
1441 2615 1536 2642 vere
1566 2602 1684 2642 filium

145 2684 232 2712 esse
255 2671 482 2712 declaravit.
543 2670 647 2712 Nam
673 2678 712 2711 et
736 2686 819 2711 cum
844 2671 890 2712 de
920 2677 1026 2726 patre
1050 2670 1212 2725 loquens
1240 2683 1356 2710 unum
1382 2670 1494 2710 deum
1519 2683 1608 2711 esse
1631 2670 1686 2710 di-

143 2739 225 2791 xit,
260 2754 501 2794 nequaquam
536 2740 612 2780 filio
646 2739 885 2780 divinitatem
925 2739 1109 2779 detraxit.
1172 2736 1274 2777 Nam
1310 2738 1342 2777 si
1372 2738 1466 2779 deus
1499 2753 1576 2779 non
1609 2746 1683 2790 est,

146 2821 270 2863 neque
292 2809 470 2849 dominus
491 2816 566 2860 est,
597 2823 681 2849 cum
706 2815 833 2849 autem
859 2808 1037 2849 (lominus
1061 2807 1125 2857 sit,
1160 2806 1253 2846 deus
1274 2820 1425 2860 quoque
1445 2807 1496 2847 sit
1514 2815 1682 2862 oportet.

145 2874 293 2917 Verum
324 2877 548 2932 apostolus,
589 2884 631 2918 ut
664 2877 709 2918 ad
748 2891 861 2918 unam
893 2875 1190 2931 appellationem
1224 2875 1453 2927 reduceret,
1496 2890 1517 2916 a
1549 2875 1685 2931 spiritu

146 2953 281 2986 sancto
305 2946 526 3001 compulsus
553 2946 606 2987 ita
641 2944 727 2986 fidei
754 2945 983 3001 mysterium
1007 2941 1120 2983 nobis
1145 2943 1318 2997 aperuit,
1353 2950 1393 2984 ut
1415 2957 1533 2984 unum
1565 2943 1685 2984 domi-

147 3027 254 3065 num,
287 3014 524 3069 proindeque
546 3021 585 3055 et
607 3015 737 3065 deum,
770 3020 903 3069 aperte
924 3018 1175 3052 monstraret.
1219 3009 1307 3052 Nec
1329 3019 1389 3053 est
1407 3019 1551 3065 tamen,
1585 3013 1685 3067 quod

1715 1786 1791 1827 Cap.
1821 1790 1859 1819 V.

1709 1832 1731 1858 1.
1744 1831 1812 1860 eor.
1823 1833 1848 1867 ε,
1869 1834 1893 1860 6.
