2030 3324
475 202 657 235 PANAnn
681 203 765 236 Lm.
782 205 820 237 11.
846 205 955 238 τοΜ.
975 207 1016 238 n.
1038 206 1169 239 mea.
1191 207 1318 240 inx.
1591 201 1668 242 681

120 290 217 333 xat‚
252 295 321 337 per
343 294 428 332 me,
463 281 759 338 adoptionisque
791 284 996 326 beneficio.
1060 284 1185 326 Deum
1216 301 1365 339 meum,
1400 287 1581 342 quoniam
1604 302 1672 330 ve·

121 357 240 391 stram
273 363 429 389 carnem
463 350 642 405 suscepi,
678 352 788 392 deum
823 361 1020 404 vestrum,
1056 355 1268 395 secundnm
1301 363 1503 406 naturam,
1549 363 1587 397 et
1619 371 1671 398 ex

120 417 178 458 rei
209 416 390 458 veritate.
455 415 542 470 Qua
576 419 727 460 ratione
761 421 967 461 manifesta
999 422 1127 462 omnia
1155 437 1199 463 ac
1224 424 1428 477 perspicua
1455 431 1567 475 sunt,
1603 438 1670 465 ne-

121 499 194 540 que
226 484 428 539 quicquam
464 486 700 527 contrarium
734 495 796 528 est
826 503 871 529 ac
903 503 1149 543 repugnans,
1184 504 1255 529 nec
1289 491 1387 530 ullus
1413 491 1449 530 in
1477 493 1670 547 scriptura

118 553 227 593 locus
261 553 501 593 mortiferum
536 555 760 609 quicquam,
806 564 844 596 et
881 557 1093 597 exitiosum
1134 557 1249 597 babet
1289 558 1501 599 admixtum
1536 567 1576 599 ut
1606 560 1671 600 1311

120 621 333 676 captandae
366 622 586 662 occasionis
616 623 741 676 gratia
773 624 896 664 videri
930 625 1087 675 volunt,
1123 625 1185 678 qni
1218 626 1289 665 sibi
1322 625 1416 681 ipsis
1449 627 1670 680 perniciosa

121 689 308 743 quaedam
343 690 572 744 excogitare
604 691 747 731 solent.
813 689 890 732 Sed
924 706 1009 732 cum
1037 692 1250 744 hactenus,
1285 701 1326 733 ut
1349 694 1502 748 opinor,
1538 696 1583 735 de
1611 695 1670 735 1113

119 756 271 798 abunde
304 757 354 797 sit
386 758 551 809 dictum,
586 773 687 799 nunc
719 760 763 799 ad
797 759 871 799 alia
905 759 1170 801 transibimus.

233 823 421 880 Spiritum
459 827 588 880 itaque
629 834 803 867 sanctum
840 835 1044 868 creaturae
1080 842 1167 869 esse
1205 835 1424 870 creaturam
1463 837 1661 881 asserunt,
1692 833 1875 877 Cap.LV1.

118 893 216 947 quod
240 909 310 945 per
328 895 460 945 fillum
483 898 604 934 onmia
618 897 731 948 sacta
752 899 842 943 sint,
880 903 919 936 nt
940 897 1133 951 scriptura
1160 904 1336 938 testatur.
1386 896 1427 938 ln
1453 913 1527 952 quo
1552 899 1669 940 stulte
1689 905 1871 939 loann.l,³.

119 962 325 1002 nonnullos
352 962 389 1001 in
425 976 599 1002 errorem
624 963 842 1013 abducunt,
878 965 965 1004 dum
999 965 1217 1018 scripturae
1251 966 1486 1006 sententiam
1520 981 1595 1007 non
1629 974 1670 1008 ut

119 1036 306 1084 concepta
342 1037 402 1069 est
427 1031 650 1084 proferunt,
685 1033 752 1071 sed
778 1045 980 1086 perperam
1015 1031 1304 1087 intelligentes,
1340 1035 1438 1087 quod
1467 1035 1668 1089 praeclare

118 1105 347 1152 conceptum
371 1105 432 1137 est
457 1099 554 1138 male
581 1098 808 1153 accipiendo
833 1100 1204 1154 interpretandoque
1231 1101 1461 1154 depravant.
1526 1101 1668 1156 Neque

118 1165 218 1205 enim
245 1166 490 1219 evangelium
515 1167 560 1206 de
596 1167 736 1221 spiritu
762 1167 957 1221 loquitur,
992 1168 1058 1207 sed
1085 1169 1130 1208 de
1159 1168 1303 1208 creatis
1331 1168 1446 1209 rebus
1471 1170 1667 1221 omnibus,

118 1233 232 1287 idque
260 1247 376 1273 unum
407 1235 603 1285 declarat,
637 1235 818 1290 quidquid
847 1242 1018 1275 creatum
1044 1242 1129 1287 est,
1165 1250 1234 1291 per
1256 1236 1418 1276 verbum
1442 1244 1481 1278 et
1502 1252 1522 1278 a
1547 1238 1668 1278 verbo

121 1302 240 1341 fuisse
276 1302 520 1356 productum.
585 1306 714 1342 Omnia
745 1307 839 1343 em'm
866 1319 937 1356 per
967 1307 1085 1356 ipsum
1120 1306 1228 1357 sacta
1258 1315 1366 1354 sunt,
1413 1314 1449 1345 el
1477 1310 1558 1346 sine
1588 1310 1667 1359 ipso

112 1371 256 1421 sactum
286 1378 344 1409 est
373 1373 481 1409 nihil.
546 1369 620 1412 Ubi
645 1372 839 1412 sententia
864 1373 908 1412 ad
933 1372 1030 1412 baec
1054 1387 1176 1426 usque
1197 1374 1340 1424 verba,
1388 1376 1495 1424 Quod
1510 1376 1664 1427 sactum

116 1445 192 1485 est,
230 1439 447 1478 continuari
471 1439 609 1490 debet,
645 1447 686 1480 ut
712 1441 762 1481 ita
795 1441 989 1480 discamus
1022 1441 1150 1481 omnia
1179 1455 1249 1496 per
1280 1441 1403 1496 ipsum
1427 1456 1516 1483 esse
1549 1445 1664 1495 facta,

117 1513 155 1546 et
187 1506 272 1546 sine
307 1506 390 1559 ipso
424 1508 563 1547 lactum
593 1508 702 1548 1111111.
766 1506 941 1549 Deinde:
990 1512 1035 1548 In
1066 1513 1144 1561 ipso
1176 1513 1251 1549 vita
1282 1518 1376 1549 erat.
1444 1510 1597 1566 Quippe
1628 1511 1667 1552 in

115 1573 187 1614 1100
221 1574 420 1615 institutae
459 1589 479 1615 a
518 1574 665 1616 loanne
702 1576 890 1616 orationis
935 1577 1255 1631 consequentiam
1293 1578 1445 1633 impleri
1477 1579 1665 1634 oportuit,

114 1642 218 1683 utin
248 1642 394 1693 verb0‚
439 1645 539 1698 quod
575 1651 656 1696 est,
702 1658 800 1698 quae
831 1652 921 1684 sunt
947 1646 1074 1686 omnia
1102 1647 1274 1701 perfecte
1311 1647 1441 1688 inesse
1472 1649 1667 1688 communi

115 1711 368 1751 confessione
408 1718 621 1753 constaret.
685 1715 729 1752 In
765 1716 955 1765 pre‘nczffl'o
986 1717 1081 1753 enim
1119 1722 1205 1753 erat
1232 1716 1405 1764 verbum,
1450 1724 1487 1755 et
1517 1718 1667 1756 verbum

116 1787 202 1818 erat
242 1783 344 1831 apud
379 1783 506 1828 deum,
551 1789 589 1819 et
616 1783 706 1820 deus
746 1789 830 1820 erac
867 1783 1031 1821 verbnm.
1107 1781 1429 1837 Quandoquidem
1462 1787 1581 1832 Erat,
1630 1791 1668 1825 et

115 1850 237 1895 Erat,
276 1855 314 1888 et
345 1851 463 1896 Erat,
500 1856 538 1889 et
571 1852 654 1888 Vita
686 1857 798 1888 erant
825 1864 919 1902 qnae
950 1853 986 1889 2¹12
1018 1853 1098 1902 ψει)
1127 1859 1229 1898 sunt,
1265 1858 1303 1891 et
1334 1855 1435 1891 Erat
1462 1855 1530 1892 lux
1560 1868 1662 1901 vera,

113 1923 177 1964 et,
214 1919 258 1955 In
290 1919 425 1955 mundo
456 1925 552 1965 erat,
589 1931 633 1957 ac
657 1931 754 1971 quae
778 1918 822 1958 ad
851 1918 921 1957 hoc
941 1917 1063 1972 ipsum
1088 1919 1320 1969 attinebant,
1356 1921 1479 1960 sancti
1508 1921 1666 1976 spiritus

113 1984 241 2024 afflatu
270 1984 404 2024 beatus
428 1983 596 2025 Ioannes
623 1986 810 2025 declarat.
874 1989 1018 2033 Omnia,
1048 1986 1187 2041 inquit,
1216 2002 1288 2039 per
1311 1990 1556 2042 z‘psumfioeta
1578 1998 1668 2029 sunt

111 2067 206 2105 quae
224 2055 338 2105 fizcta
368 2061 468 2092 sunt.
533 2051 660 2093 Porro
697 2067 814 2108 supra
847 2067 893 2094 ea
927 2068 1026 2108 quae
1064 2056 1163 2095 facta
1200 2063 1291 2096 sunt
1326 2056 1390 2097 ille
1429 2058 1664 2099 constitutus

110 2128 193 2170 est,
240 2134 261 2160 a
289 2135 364 2175 quo
398 2122 499 2161 sacta
522 2129 612 2162 sunt
637 2122 782 2162 omnia.
847 2121 962 2176 Quod
994 2130 1123 2164 autem
1155 2124 1350 2179 scriptura
1385 2138 1470 2166 cum
1497 2125 1665 2166 dixisset

98 2191 215 2242 sacla.
245 2204 325 2228 esse
350 2204 421 2241 per
444 2193 561 2242 ipsum
585 2193 720 2238 onmia,
757 2204 944 2244 quaenam
976 2191 1038 2231 illa
1067 2192 1192 2233 forent
1216 2193 1442 2234 nominatim
1469 2193 1566 2233 baud
1592 2207 1664 2235 ex-

111 2257 326 2312 presserit,
363 2257 457 2298 baec
482 2271 570 2298 esse
594 2271 732 2299 caussa
765 2259 918 2299 videtur
950 2260 1048 2313 quod
1084 2261 1187 2301 nulla
1222 2268 1299 2301 tum
1333 2269 1438 2302 esset
1472 2261 1663 2302 eiusmodi

110 2325 369 2380 improbitatis
393 2326 587 2381 suspicio:
623 2334 664 2367 ut
686 2327 860 2367 nonnulli
884 2328 978 2368 falsa
1002 2329 1190 2382 quaedam
1215 2329 1288 2370 sibi
1309 2330 1492 2384 opinione
1516 2333 1662 2385 lingen-

114 2401 171 2433 tes
195 2394 385 2434 adversus
411 2394 688 2435 immutabilem
713 2409 757 2435 ac
782 2403 958 2436 sanctum
984 2396 1044 2436 dei
1067 2397 1247 2452 spiritum
1273 2398 1568 2438 contumeliosis
1593 2413 1662 2439 vo-

109 2462 217 2502 cibus
246 2462 436 2502 auderent
465 2463 685 2516 insurgere.
752 2462 811 2504 De
846 2464 920 2504 illis
949 2465 1049 2504 enim
1075 2465 1298 2519 accipienda
1334 2473 1393 2506 est
1423 2466 1484 2506 illa
1516 2467 1661 2507 domini

108 2531 328 2572 sententia:
364 2534 412 2570 Se·
438 2534 521 2583 quis
551 2534 694 2571 delrerit
723 2533 872 2571 verbum
904 2536 941 2572 in
961 2535 1092 2585 fillum
1117 2535 1289 2581 homimis,
1326 2538 1539 2574 remittetur
1559 2539 1655 2588 221752':
1678 2553 1790 2582 Matth.

107 2602 165 2638 sire
196 2607 319 2638 autem
350 2602 495 2638 delrem't
530 2603 567 2638 in
605 2603 776 2652 spiritum
815 2609 984 2640 sanctum
998 2632 1007 2649 ,
1057 2617 1130 2640 non
1161 2605 1374 2641 remz‘ttelm‘
1403 2606 1496 2654 ipsi,
1544 2619 1662 2657 neque
1680 2589 1832 2652 εἷῖἶωῗέιὶο,

107 2669 189 2714 lzz'e,
223 2682 341 2719 neque
372 2669 570 2720 insutum
595 2670 735 2707 seculo.
800 2667 852 2708 Et
875 2682 972 2709 vero
995 2669 1248 2710 stolidissima
1272 2677 1331 2710 est
1354 2670 1506 2711 illorum
1541 2672 1656 2713 ratio.
1695 2657 1723 2693 ³⁷
1744 2659 1788 2685 ἰε’

108 2733 190 2774 11110
214 2749 309 2775 vero
335 2749 386 2775 ex
410 2735 478 2775 hac
505 2736 674 2791 ipsorum
702 2736 908 2790 opinione,
944 2751 1042 2790 quae
1069 2753 1154 2778 cum
1185 2752 1334 2778 summa
1365 2738 1402 2778 in
1430 2739 1542 2780 deum
1567 2755 1661 2781 eon-

108 2803 262 2843 tumelia
295 2803 501 2844 coniuncta
528 2811 611 2853 est,
646 2804 701 2844 sic
726 2818 794 2844 eos
814 2818 1055 2859 oppugnare,
1090 2813 1129 2845 et
1151 2807 1196 2845 ad
1221 2819 1307 2846 eum
1332 2807 1485 2847 modum
1510 2808 1658 2850 instare

106 2870 218 2911 licet:
255 2869 289 2912 Ο
314 2872 502 2927 praeclari
529 2872 749 2927 sophistae,
783 2887 827 2913 ac
852 2873 1206 2927 detorquendorum
1229 2874 1436 2915 verborum
1463 2876 1656 2918 artifices!

105 2973 199 3013 fnisse
217 2974 339 3005 videtur
359 2976 390 3006 in
413 2975 480 3006 cod.
504 2976 564 3007 len.
590 2984 720 3015 quoque,
745 2976 798 3006 sed
819 2977 858 3006 ab
905 2977 973 3007 bent
997 2977 1072 3007 editi
1098 2978 1177 3008 libri.

106 3019 214 3050 eudem
230 3028 328 3052 manu
349 3021 486 3062 effictum
507 3029 569 3053 esse
590 3020 684 3054 εἴποι.
717 3022 782 3053 Hoc
801 3022 858 3052 ha·
957 3022 1003 3053 10.
1033 3021 1108 3066 εἴπῃ
1134 3023 1222 3055 codd.
1248 3032 1320 3056 mss.
1344 3027 1373 3056 et
1396 3024 1442 3057 ed.
1467 3026 1568 3065 princ.
