2066 3319
234 1414 300 1441 pag.
322 1406 382 1432 810.

386 218 464 257 384
946 221 1104 254 SANGTI
1131 221 1355 253 EPlPHANn

388 302 463 343 Δια
486 305 600 343 τοῦτο
623 299 835 355 πρόςωπον
855 301 901 340 ἓν
925 297 991 340 τὸν
1013 298 1110 340 θεὸν
1132 298 1212 352 ἅμα
1237 302 1292 355 τῷ
1314 297 1414 354 λόγῳ
1448 298 1588 349 φασὶν,
1621 295 1674 346 ῶς
1702 295 1918 352 ἄνθρωπον

387 372 453 411 ἕνα
473 370 539 411 καὶ
560 367 627 410 τὸν
648 367 769 409 αὐτοῦ
791 366 925 422 λόγον,
958 365 1071 408 οὐδὲν
1090 368 1206 408 πλέον
1226 371 1303 407 τῶν
1325 364 1547 416 Ἰουδαίων,
1579 363 1632 414 ῶς
1653 367 1773 418 ἔφην,
1805 363 1916 414 δοξά-

387 443 534 488 ζοντες,
565 435 851 488 τυφλώττοντες
879 432 958 476 α’πό
991 439 1060 487 τῆς
1091 433 1297 487 ἀληθείας,
1336 434 1402 474 καὶ
1434 434 1711 486 κεκωφωμένοι
1740 431 1817 474 ἀπὸ
1848 437 1917 474 τοῦ

388 508 502 547 θείου
529 504 667 559 λόγου,
698 505 764 545 καὶ
786 502 1033 558 κηρύγματος
1059 507 1126 555 τῆς
1157 507 1256 555 ζωῆς
1286 506 1354 554 τῆς
1387 502 1560 542 αἰωνίου.
1625 500 1724 542 Οὔτε
1754 499 1828 556 γαρ
1860 502 1916 541 αἰ-

389 577 550 615 δοῦνται
570 571 637 614 τόν
660 570 791 624 οἷληθῆ
815 576 883 613 τοῦ
909 570 1132 625 εὐαγγελίου
1156 569 1271 625 λόγον
1292 568 1360 610 τόν
1383 569 1564 622 λέγοντα,
1598 566 1662 609 Ἐν
1690 567 1786 626 ἆρχῇ
1816 562 1866 621 ’ἦν
1896 565 1919 609 o‘

388 641 524 696 λόγος,
555 641 621 682 καὶ
647 638 668 681 6
690 639 804 694 λόγος
826 635 873 691 ἦν
896 637 995 693 πρὸς
1018 656 1085 680 τον
1116 637 1235 687 θεὸν,
1275 638 1341 678 καὶ
1373 635 1468 685 θεὸς
1500 632 1550 689 ἦν
1574 634 1597 678 6
1620 635 1754 691 λόγος·
1793 634 1920 677 πάντα

391 708 438 751 δι’
463 708 587 750 αὐτοῦ
621 709 790 763 ἐγένετο,
823 709 888 749 καὶ
917 707 1034 761 χωρὶς
1064 705 1185 747 αὐτοῦ
1215 706 1362 760 ἐγενετο
1396 704 1522 746 ουδὲ
1518 707 1560 745 ἐν
1591 722 1611 745 ο
1644 705 1808 759 γέγονεν.
1868 706 1924 745 Εἰ

391 796 462 833 γαρ
499 779 538 819 ἐν
562 775 659 834 αρχῆ
688 778 735 829 ἠν
769 774 791 817 6
815 775 948 830 λόγος,
985 776 1050 815 καὶ
1073 772 1095 815 ὁ
1117 773 1230 829 λόγος
1257 775 1307 826 ἠν
1338 790 1438 826 προς
1470 790 1538 814 τον
1569 770 1687 823 θεὸν,
1723 770 1766 813 τό
1801 770 1922 814 Ἇυῖον

392 844 489 888 εἷται
518 845 565 887 οὐ
595 862 694 885 κατα
722 862 792 897 την
820 860 1030 899 προφοραν
1054 841 1172 895 μόνον
1197 843 1319 891 ἐστὶν,
1350 839 1443 881 αλλα
1473 858 1572 881 κατα
1600 839 1670 893 τήν
1698 838 1920 882 ὑπόστασιν.

395 915 474 955 Καὶ
497 915 530 955 εἰ
553 912 575 955 6
599 912 714 968 λόγος
734 930 784 965 ην
807 911 906 967 πρὸς
929 929 995 952 τον
1018 909 1134 960 θεὸν,
1165 909 1234 963 οὐχ
1257 907 1279 950 6
1301 907 1415 963 λόγος
1439 910 1518 950 ἐστὶ
1542 926 1642 963 προς
1664 907 1710 950 ὃν
1731 902 1796 962 ἧν·
1829 906 1920 950 οὐδὲ

393 1002 465 1038 γαρ
491 980 511 1024 6
535 980 634 1036 πρὸς
656 999 702 1022 ον
726 976 775 1033 ἧν
799 982 877 1022 ε’στι
901 978 1025 1034 λόγος.
1084 980 1138 1018 Ει
1157 977 1227 1058 γαρ
1253 979 1293 1019 ἐν
1315 980 1457 1034 καρδία
1481 976 1598 1031 λόγον
1618 975 1716 1025 θεὸς
1739 977 1825 1030 ε’χει,
1856 978 1923 1018 καὶ

396 1050 443 1093 οὕ
468 1050 756 1106 γεγεννημένον,
789 1052 874 1096 πῶς
892 1051 1104 1101 πληροῦται
1124 1045 1165 1087 τό
1185 1048 1269 1096 Ην,
1301 1047 1367 1086 καὶ
1390 1044 1448 1086 ὅτι
1468 1043 1565 1093 θεὸς
1588 1047 1637 1098 ἠν
1661 1042 1683 1086 6
1708 1043 1841 1100 λόγος,
1874 1041 1922 1086 οὗ

395 1138 467 1175 γαρ
491 1137 510 1160 o
536 1123 604 1161 τοῦ
627 1115 845 1171 α’νθρώπου
865 1114 978 1169 λόγος
1005 1113 1218 1168 α’νθρωπος
1240 1112 1339 1168 πρός
1360 1111 1428 1154 τόν
1449 1112 1675 1168 ἄνθρωπον.
1729 1111 1830 1154 Ου’τε
1849 1131 1923 1168 γαρ

396 1193 458 1246 ζῇ,
491 1186 577 1229 οὔτε
602 1184 770 1237 ὑπέστη,
802 1186 964 1238 καρδίας
989 1183 1030 1223 δὲ
1054 1183 1176 1235 ζώσης
1201 1183 1266 1223 καὶ
1288 1179 1516 1234 ὑφεστώσης
1540 1179 1685 1234 κίνημα
1721 1186 1737 1210 3
1753 1182 1830 1223 ε’στι
1853 1179 1923 1234 μό-

397 1274 484 1306 νον,
516 1257 585 1296 καὶ
611 1252 680 1306 οὐχ
706 1251 963 1299 4ὖπόστασις.
1025 1251 1188 1305 Λέγεται
1214 1249 1285 1304 γὰρ
1320 1249 1400 1302 ἅμα
1432 1251 1498 1290 καὶ
1529 1254 1766 1304 παραχρῆμα
1795 1247 1926 1291 οὐκέτι

397 1327 518 1374 ἔστιν,
551 1321 644 1363 ἄλλα
675 1319 913 1372 λαλούμενος
945 1319 1130 1371 διαμένει·
1171 1322 1239 1359 τοῦ
1272 1317 1312 1358 δὲ
1345 1322 1444 1359 θεοῦ
1477 1315 1500 1358 0‘
1529 1317 1641 1373 λόγος
1671 1317 1725 1366 ῶς
1753 1331 1852 1370 φησι
1880 1316 1923 1359 vd

401 1392 512 1447 ἅγιον
539 1394 690 1443 πνεῦμα
717 1391 757 1431 ἐν
785 1386 945 1440 στόματι
968 1391 1037 1428 τοῦ
1064 1385 1289 1439 προφήτου,
1329 1383 1352 1426 6
1382 1384 1496 1440 λόγος
1526 1400 1595 1427 σου
1625 1387 1679 1434 εἰς
1707 1384 1774 1427 τὸν
1804 1387 1927 1427 αἰῶνα

398 1461 576 1513 διαμένει.
637 1456 872 1510 Συμφώνως
899 1456 939 1496 δὲ
966 1453 1089 1511 τούτῳ
1114 1451 1135 1495 6
1160 1452 1428 1509 εὖαγγελιστής
1458 1454 1574 1508 λέγει,
1605 1452 1701 1495 θεὸν
1727 1452 1926 1510 ὁμολογῶν

399 1527 679 1582 φανερωθέντα
701 1527 765 1567 καὶ
791 1522 1125 1579 παραγενόμενον,
1158 1521 1204 1563 οὕ
1226 1520 1622 1575 συμπαραλαμβάνων
1647 1527 1694 1580 τῇ
1715 1527 1786 1563 τοῦ
1807 1521 1926 1577 λόγου

399 1595 588 1651 σαρκώσει
619 1593 685 1636 τόν
708 1594 866 1647 πατέρα.
927 1589 969 1632 Ὁ
993 1590 1107 1646 λόγος
1135 1589 1227 1645 γάρ,
1259 1591 1376 1643 φησὶ,
1407 1588 1502 1644 σαρξ
1528 1591 1696 1645 ἐγένετο,
1726 1591 1794 1631 καὶ
1817 1588 1928 1643 ε’σκή-

398 1679 520 1707 νωσεν
544 1666 583 1706 ἐν
603 1661 713 1716 ημῖν·
745 1662 812 1702 καὶ
834 1658 906 1701 οὐκ
927 1658 1044 1709 εἶπεν,
1074 1657 1116 1699 O
1136 1657 1250 1713 λόγος
1273 1659 1339 1699 καὶ
1358 1656 1380 1699 6
1401 1656 1527 1713 πατὴρ
1549 1656 1681 1713 σαρξ’
1664 1658 1831 1713 εγένετο
1861 1658 1929 1699 καὶ

400 1733 478 1783 ὅτι,
516 1732 581 1772 ”Ει
609 1732 708 1788 ἀρχῇ
736 1725 784 1783 ἧν
809 1747 828 1770 0
849 1727 982 1783 λόγος,
1013 1728 1080 1769 καὶ
1112 1724 1133 1768 6
1156 1725 1268 1782 λόγος
1291 1744 1340 1780 ην
1364 1725 1463 1780 πρός
1497 1744 1563 1767 τον
1592 1724 1712 1777 θεόν,
1742 1727 1808 1768 καὶ
1833 1723 1930 1774 θεὸς

399 1796 448 1854 ἦν
480 1819 498 1842 ο
530 1799 659 1855 λόγος
691 1817 757 1840 και
787 1797 862 1839 οὐκ
894 1794 1019 1846 εἶπεν,
1049 1793 1113 1836 Εν
1142 1799 1226 1851 θεῷ
1255 1812 1305 1847 ην
1335 1792 1358 1835 6
1387 1793 1510 1850 λόγος.

520 2144 600 2185 Καὶ
630 2145 695 2184 ἵνα
726 2139 778 2195 μή
807 2157 906 2188 τινες
927 2142 1117 2193 νομίσωσι
1138 2136 1408 2191 κακοβούλως,
1440 2135 1486 2177 τοὶ
1508 2134 1678 2188 φωτεινὰ
1701 2136 1768 2176 καὶ
1792 2133 1930 2185 ζωτικοέ

405 2212 559 2266 ῥήματα
592 2209 890 2265 μεταβάλλοντες
920 2209 972 2256 εἰς
999 2211 1140 2249 κακίαν
1169 2208 1317 2248 ἑαυτῶν
1338 2207 1404 2247 καὶ
1431 2206 1485 2253 εἰς
1513 2203 1662 2257 βλάβην
1690 2201 1827 2256 (ἄλλως
1856 2201 1929 2258 γάρ

404 2283 469 2323 καὶ
493 2280 616 2328 ἄλλως
641 2280 806 2334 ἔγκειται
830 2275 856 2329 ἡ
879 2278 1019 2331 καρδία
1043 2281 1113 2317 τοῦ
1139 2273 1358 2329 ἀνθρώπου
1390 2275 1578 2327 ἐπιμελῶς
1609 2272 1672 2313 ἐπὶ
1701 2270 1748 2312 τοὶ
1777 2268 1931 2326 πονηροὶ

405 2352 447 2391 ε”κ
469 2347 685 2401 νεότητος),
716 2347 780 2387 καὶ
805 2344 995 2400 ἄρξωνται
1025 2345 1165 2398 λέγειν,
1209 2340 1291 2384 Οῦκ
1317 2339 1444 2392 εἶπεν,
1481 2339 1546 2381 Ἐν
1567 2344 1651 2398 θεῷ
1673 2334 1723 2392 ἦν
1753 2336 1777 2380 6
1804 2337 1931 2394 λόγος,

406 2416 459 2466 ὥς
481 2417 547 2458 καὶ
572 2414 619 2456 σι)
642 2412 742 2472 φῂς,
774 2411 888 2463 ἄλλα,
925 2410 1033 2466 Πρός
1059 2410 1157 2453 θεὸν
1181 2405 1229 2464 ἦν
1260 2408 1283 2452 ὁ
1312 2409 1442 2464 λόγος·
1481 2407 1584 2463 Ῑόἱρα
1607 2412 1701 2463 γοῦν
1730 2405 1801 2449 οὐκ
1831 2408 1932 2448 ἔστιν

406 2488 449 2528 ἐκ
470 2490 539 2538 τῆς
563 2482 813 2531 ὑποστάσεως
835 2484 905 2522 τοῦ
930 2478 1076 2533 πατρὸς
1100 2477 1122 2520 6
1144 2478 1278 2534 λόγος,
1311 2477 1403 2519 ἄλλα
1424 2474 1534 2525 ε’κτός
1555 2480 1655 2517 θεοῦ
1678 2473 1700 2517 o‘
1720 2474 1848 2531 λόγος,
1877 2501 1931 2506 -—

407 2552 523 2595 πάλιν
549 2552 771 2606 ἐπιστρέφει
802 2548 1069 2603 διορθουμένη
1092 2546 1184 2595 τους
1217 2548 1358 2599 ἑαυτῆς
1383 2544 1493 2594 υἷοὺς
1521 2542 1547 2597 ἦ
1577 2542 1762 2597 ἀλήθεια,
1794 2544 1930 2598 ἐξελέγ-

407 2635 530 2675 χουσα
560 2619 629 2668 τοὶς
660 2621 835 2666 διανοίας
856 2615 924 2665 τάς
946 2614 1027 2657 κατ’
1051 2613 1172 2667 αὐτῆς
1197 2612 1485 2669 πορνευούσας,
1523 2614 1589 2654 καί
1616 2626 1735 2663 φησιν
1764 2608 1882 2658 αὐτὸς
1910 2607 1933 2651 6

408 2687 641 2744 μονογενὴς,
669 2685 768 2742 Ἐγω
796 2687 837 2727 ἐκ
859 2689 927 2726 τοῦ
948 2681 1094 2737 πατρός
1125 2685 1309 2735 ἐξῆλθον,
1340 2683 1405 2723 καὶ
1427 2681 1528 2734 ἥκω·
1571 2680 1636 2721 καὶ
1662 2677 1797 2728 πάλιν,
1834 2676 1931 2732 Ἐγώ

409 2758 450 2798 ἐν
470 2761 523 2814 τῷ
549 2773 680 2809 πατρι,
711 2756 777 2796 καὶ
801 2771 821 2794 o
845 2751 971 2806 πατὴρ
994 2769 1036 2793 εν
1060 2752 1154 2803 ε’μοί.
1211 2748 1254 2790 O
1277 2751 1359 2791 δὲ’
1342 2767 1382 2791 εν
1401 2755 1483 2797 τοῖς
1506 2745 1729 2802 προφήταις
1751 2746 1839 2801 περὶ
1861 2750 1933 2787 τοῦ

409 2827 500 2866 υἱοῦ
527 2824 607 2865 2οὗ
631 2821 873 2875 σωματικοῦς
895 2822 991 2874 εχων
1012 2817 1167 2873 όγκους,
1198 2815 1459 2871 νοηματικοὺς
1478 2816 1551 2857 δὲ
1539 2816 1634 2868 ε’χων
1654 2812 1806 2869 λόγους,
1837 2811 1931 2855 ὕπο-

454 2953 484 2982 ·έ.
513 2949 582 2984 υἱὲ-ο
605 2960 675 2981 mea
698 2953 738 2980 est
761 2950 942 2990 emendatio:
990 2947 1073 2977 Libri
1095 2946 1151 2977 ha·
1241 2941 1272 2975 4.
1297 2940 1479 2976 ὑπόστασιν
1497 2942 1714 2980 cod.Rhedi9.‚
1737 2950 1806 2972 cum
1821 2949 1933 2972 rasura

409 2997 475 3027 beni
497 2991 542 3029 ὃν.
590 2997 736 3026 Petavius
758 2996 890 3026 coniecit>
905 2991 969 3025 οὖν.
1194 2990 1309 3021 litterae
1335 2990 1468 3019 ultimae.

456 3040 472 3056 9

454 3055 484 3073 d.
511 3039 579 3084 ἔχει
602 3041 668 3072 cod.
688 3041 816 3079 Rhediy.
