2066 3319
556 191 734 223 PANARu
759 191 839 223 Liss.
862 192 902 223 ιι.
928 191 1034 224 ΤοΜ.
1057 192 1079 223 1.
1105 192 1307 224 HAER.L1.
1649 182 1699 220 77

163 271 480 327 quemadmodum
508 271 621 326 paulo
647 277 735 311 ante
766 271 958 322 diximus,
994 286 1077 311 cum
1105 273 1155 312 ita
1183 270 1482 326 disputavimus:
1517 268 1628 310 Duos
1658 270 1703 309 il-

161 341 219 380 los
252 338 409 380 Ioannis
445 340 572 380 audita
608 353 704 379 voce
737 336 934 380 Christum
969 347 1150 390 secutos,
1185 353 1345 394 quorum
1376 353 1475 379 unus
1505 345 1588 378 erat
1620 337 1702 377 An-

161 409 291 449 dreas.
334 408 511 448 Alterum
539 421 674 448 verum
698 422 814 448 unum
837 422 857 448 e
881 407 1077 448 Zebedaei
1102 408 1233 448 liberis
1257 407 1396 457 luisse,
1432 414 1588 461 propter
1608 405 1702 446 artis

161 477 388 518 societatem
417 490 462 516 ac
486 477 797 516 communionem
829 476 1046 517 rectissima
1079 476 1302 517 coniectura
1336 476 1519 529 suspicati
1552 489 1700 515 sumus.

162 543 425 599 Quamobrem
460 545 605 585 relictis
642 545 824 600 deinceps
855 545 1056 595 omnibus,
1101 544 1275 597 adeoque
1308 543 1472 596 navigiis
1504 544 1622 598 ipsis,
1657 544 1702 584 ad

162 620 303 653 terram
337 621 503 668 quatuor
527 614 580 654 illi
614 614 735 654 secuti
769 621 878 665 sunt,
913 614 1013 667 quod
1039 611 1173 653 Lucae
1206 618 1372 652 testatur
1400 612 1575 652 historia.
1639 611 1702 652 Ex

161 681 299 736 quibus
325 682 502 722 omuibus
528 683 690 722 efficitur
711 683 802 722 nihil
826 682 864 722 in
887 681 1009 721 sacris
1033 679 1249 734 evangeliis
1272 693 1482 734 corumque
1505 680 1704 734 scriptori-

160 749 232 790 bus
273 750 500 805 perplexum
540 764 627 791 esse
665 751 727 791 vel
767 763 1016 805 repugnans,
1059 750 1126 789 sed
1169 749 1280 803 plana
1316 755 1354 788 et
1392 749 1574 802 expedita
1615 763 1702 789 esse

161 819 311 870 omnia,
346 818 379 859 si
404 826 618 874 temporum
642 819 846 860 intervalla
872 817 1104 872 distinguas.
1170 817 1240 858 His
1265 817 1316 857 ita
1342 817 1485 871 gestiS,
1521 831 1604 857 cuni
1630 818 1702 856 iam

160 884 302 927 Petrus
336 901 380 927 ac
414 885 582 928 loannes
620 888 816 941 ceterique
850 887 1001 942 penitus
1040 886 1311 926 adhaesissent
1347 900 1391 925 ac
1427 892 1701 939 sequerentur,

162 969 230 1010 per
262 962 379 996 totam
416 954 628 997 Galilaeam
660 970 705 996 ac
741 954 922 996 Iudaeam
959 956 1099 996 docere
1138 954 1279 1009 coepit.
1345 953 1474 1008 Atque
1505 954 1558 993 ita
1589 954 1704 1008 longe

162 1023 315 1078 lateque
344 1024 528 1078 dissipata
558 1024 749 1078 evangelii
777 1024 1064 1079 praedicatione
1091 1030 1219 1064 cetera
1246 1022 1419 1077 prodigia
1446 1022 1629 1076 perfecit:
1663 1030 1702 1063 ut
1718 1036 1906 1074 Maniam&

163 1092 222 1133 hic
242 1092 439 1133 subductis
461 1093 638 1133 omnibus
657 1107 786 1134 rerum
808 1100 1003 1148 gestarum
1027 1093 1138 1144 ordo,
1167 1107 1212 1133 ac
1231 1092 1356 1132 series
1380 1092 1615 1132 instituenda
1636 1091 1701 1132 sit.

275 1159 455 1215 Inprimis
480 1161 698 1216 baptizatus
722 1169 805 1213 est,
838 1162 870 1202 si
898 1162 1183 1217 Aegyptiorum
1210 1161 1399 1201 mensium
1425 1160 1614 1200 rationem
1639 1160 1704 1200 ha-
1722 1164 1800 1209 Cap.
1816 1167 1908 1198 ΧΠ.

161 1230 280 1281 beas,
319 1230 449 1285 Athyr
474 1228 574 1270 XII.
612 1244 648 1270 a.
677 1231 713 1270 d.
745 1229 818 1270 VI.
852 1229 909 1270 Id.
935 1229 1154 1281 Novemb„
1199 1229 1271 1270 hoc
1305 1235 1364 1270 est
1397 1227 1491 1269 LX.
1528 1235 1617 1269 ante
1650 1230 1704 1269 fe-

162 1305 261 1339 stum
286 1297 592 1354 Epiphaniorum
615 1299 690 1349 die,
725 1313 798 1353 qua
819 1299 852 1339 is
875 1300 1086 1340 secundum
1116 1312 1272 1339 carnem
1297 1305 1408 1339 natus
1435 1304 1509 1348 est,
1544 1298 1578 1338 id
1605 1298 1705 1352 quod

163 1381 213 1408 ex
238 1367 443 1421 evangelio
467 1365 603 1407 Lucae
632 1375 812 1408 constare
847 1375 990 1423 potest.
1054 1367 1122 1408 Sic
1147 1368 1248 1408 enim
1281 1366 1438 1408 scribit:
1472 1369 1573 1406 Erat
1599 1369 1705 1405 Iesus

162 1439 341 1488 incipiens
363 1451 442 1475 esse
462 1439 573 1489 quasi
587 1451 768 1476 annorum
790 1439 918 1484 XXX,
942 1439 1070 1488 filius,
1100 1445 1142 1475 ut
1155 1437 1376 1488 putabatur,
1404 1437 1564 1487 Iosephz'.
1601 1433 1704 1474 Nam

163 1504 195 1545 si
217 1512 438 1545 accuratam
466 1505 651 1560 temporis
677 1505 865 1546 rationem
891 1505 1021 1555 ineas,
1056 1504 1211 1545 nonnisi
1231 1502 1383 1544 XXIX
1407 1518 1595 1544 annorum
1622 1510 1707 1544 erat

162 1587 207 1613 ac
230 1571 273 1613 X
297 1573 510 1624 mensium,
546 1588 628 1614 cum
655 1575 700 1614 ad
728 1574 956 1628 baptismum
989 1587 1078 1614 sese
1110 1572 1295 1623 contulit,
1331 1579 1370 1613 ut
1395 1572 1552 1626 triginta
1584 1587 1706 1612 anno-

163 1656 273 1693 rum,
308 1656 385 1682 non
410 1649 537 1682 tamen
573 1642 797 1697 plenorum,
834 1642 954 1682 fuisse
985 1642 1148 1682 dicatur.
1212 1640 1382 1696 Ideoque
1414 1641 1597 1695 scriptum
1631 1648 1704 1691 est,

162 1714 349 1763 Incipiens
372 1713 484 1763 quasi
501 1725 681 1750 annorum
703 1714 829 1751 XXX.
887 1709 1084 1766 Deinceps
1106 1709 1185 1752 XL
1211 1709 1435 1750 tentationis
1467 1709 1548 1750 dies
1582 1709 1706 1750 secuti

164 1786 269 1820 sunt.
335 1778 437 1819 Tum
464 1779 723 1820 hebdomades
750 1780 833 1834 plus
861 1780 986 1819 miuus
1014 1780 1134 1829 duae,
1169 1793 1263 1833 quas
1286 1777 1479 1819 Nazareti
1512 1785 1598 1833 post
1625 1785 1707 1818 ten-

164 1847 348 1888 tationem
373 1847 526 1901 exegit:
564 1855 657 1899 tum,
691 1849 788 1903 apud
812 1847 996 1888 Ioannem
1022 1848 1144 1903 prima
1164 1848 1362 1901 alteraque
1386 1847 1483 1897 dies,
1513 1861 1573 1898 ac,
1603 1852 1708 1902 post-

165 1931 276 1971 quam
298 1931 320 1956 a
340 1914 487 1956 Ioanne
513 1916 707 1967 discessit,
744 1917 919 1967 totidem,
952 1931 1036 1957 cum
1060 1917 1242 1957 Andreas
1265 1916 1370 1957 illum
1395 1930 1468 1956 una
1492 1930 1576 1956 cum
1599 1915 1708 1956 socio

164 1991 430 2035 secutusest,
466 1985 603 2026 deinde
631 1984 766 2026 Simon
791 1984 947 2026 Petrus.
1013 1985 1153 2026 Altera
1176 1999 1270 2026 vero
1297 1985 1379 2036 die,
1414 1992 1454 2026 ut
1485 1991 1522 2024 et
1554 1998 1625 2024 nos
1652 1983 1708 2024 di-

163 2054 293 2094 ximus
316 2061 355 2094 et
378 2053 629 2108 evangelicae
659 2055 896 2095 narrationis
919 2055 1014 2095 ordo
1039 2054 1221 2109 postulat,
1255 2052 1453 2109 Philippus
1476 2061 1639 2095 vocatus
1662 2066 1706 2092 ac

163 2120 403 2163 Nathanael.
452 2121 590 2163 Tertio
616 2131 749 2178 postea
773 2123 834 2163 die
856 2123 1010 2179 nuptiae
1035 2125 1159 2163 factae
1183 2129 1274 2163 sunt
1297 2122 1335 2162 in
1358 2120 1465 2163 Cana
1489 2120 1703 2170 Galilaeae,

165 2198 252 2246 post
274 2191 427 2232 biduum
452 2191 558 2242 illud,
595 2192 706 2246 idque
727 2191 889 2246 primum
913 2192 1174 2247 prodigiorum
1197 2191 1365 2232 omnium
1389 2190 1533 2240 extitit,
1562 2204 1606 2230 ac
1626 2196 1705 2229 tum

164 2274 352 2301 annorum
391 2258 522 2300 XXX
562 2274 746 2301 numerus
784 2260 829 2301 ab
872 2261 955 2302 eius
995 2261 1112 2301 natali
1156 2260 1369 2316 completus
1410 2266 1483 2300 est.
1555 2256 1705 2298 Eadem

165 2329 303 2384 quippe
335 2329 419 2380 die,
455 2344 526 2384 qua
553 2330 764 2370 secundum
793 2343 947 2370 carnem
977 2337 1089 2370 natus
1113 2331 1261 2380 fuerat,
1296 2329 1457 2384 primum
1492 2327 1582 2367 illud
1615 2340 1706 2366 con-

103 2410 109 2413 ·
163 2412 305 2438 versae
341 2397 378 2438 in
412 2397 543 2438 vinum
578 2412 699 2452 aquae
737 2398 961 2439 miraculum
993 2398 1161 2439 edidisse
1196 2398 1388 2447 creditur,
1430 2411 1514 2437 cum
1548 2394 1705 2448 triginta

164 2467 238 2506 iam
266 2481 389 2507 annos
416 2467 561 2508 solidos
588 2467 634 2506 ab
665 2474 750 2507 ortu
785 2481 855 2508 suo
889 2468 1099 2508 secundum
1135 2480 1289 2507 carnem
1324 2467 1568 2518 adventuque
1601 2463 1707 2504 clau-

166 2535 305 2586 sisset3
339 2535 374 2575 id
400 2536 498 2590 quod
527 2549 643 2591 saepe
668 2536 1083 2587 commemoravimus,
1117 2543 1156 2576 et
1179 2542 1218 2575 ut
1243 2535 1288 2574 ad
1315 2548 1401 2574 cum
1426 2533 1578 2572 modum
1605 2532 1706 2572 acci-

166 2603 314 2659 piamus
337 2604 588 2657 evangelicae
615 2604 852 2645 narrationis
878 2611 1019 2645 exacta
1046 2604 1170 2645 series
1193 2603 1389 2658 postulare
1411 2601 1576 2642 videtur.
1625 2599 1704 2640 Iam

165 2680 252 2727 post
280 2672 441 2726 primum
467 2672 556 2713 illud
581 2673 815 2713 miraculum·
832 2673 980 2728 reliqua
1006 2673 1181 2728 prodigia
1203 2671 1432 2721 subsecuta,
1467 2684 1538 2710 nec
1563 2683 1638 2709 non
1667 2675 1707 2709 et

167 2740 348 2781 coelestis
380 2741 579 2781 doctrinae
610 2741 868 2795 praedicatio,
902 2749 941 2782 et
971 2741 1007 2781 id
1031 2755 1153 2796 genus
1179 2747 1310 2780 cetera
1336 2752 1433 2792 quae
1463 2738 1509 2778 ad
1534 2737 1704 2791 singula-

166 2823 247 2850 rem
278 2809 315 2849 in
351 2823 422 2850 nos
457 2809 732 2851 humanitatem
773 2809 1041 2864 evangeliique
1077 2808 1274 2849 mirificam
1306 2805 1382 2846 vim
1415 2820 1459 2847 ac
1490 2805 1704 2847 doctrinam

167 2878 437 2932 praestandam
461 2891 506 2918 ac
529 2879 868 2920 demonstrandam
894 2877 1104 2932 pertinent.
1168 2874 1282 2928 Quod
1306 2889 1390 2915 cum
1416 2889 1438 2915 a
1460 2889 1520 2916 me
1545 2882 1605 2915 est
1628 2888 1705 2914 non

214 2979 290 3011 Cu.
316 2980 408 3012 XVI.
434 2998 475 3004 —
526 2980 554 3012 1.
580 2983 629 3013 Ita
653 2966 802 3014 correxi.⁸
830 2983 917 3012 Libri
964 2980 1033 3011 bulo
1054 2979 1129 3018 quid
1148 2978 1327 3018 faciendum
1351 2981 1424 3010 esset
1443 2979 1599 3009 dubitasse
1620 2978 1707 3008 vide·

167 3027 272 3065 scripti
293 3029 320 3057 et
340 3027 413 3058 editi
435 3026 545 3058 habent
554 3024 706 3070 πλήρης,
741 3036 801 3067 quo
823 3035 917 3059 voca-
963 3028 1012 3056 tur
1035 3025 1203 3064 Petavius5
1228 3025 1349 3056 uncinis
1372 3025 1453 3056 enim
1477 3024 1555 3055 illud
1578 3024 1706 3055 notavit.

1724 1375 1796 1403 Luc.
1816 1378 1848 1412 3,
1867 1378 1909 1405 23.

1726 2131 1827 2161 Ioann.
1843 2132 1870 2168 2,
1886 2134 1911 2161 1.
