2066 3319
489 187 668 220 PANARH
692 188 775 220 Lm.
792 190 832 221 11.
859 188 966 221 ΤοΜ.
988 191 1010 221 1.
1033 190 1164 222 HAER.
1187 190 1305 222 inv.
1587 182 1665 222 253

136 270 175 309 in
197 279 314 308 carne
337 266 444 308 velut
470 267 624 322 propria
656 268 842 322 quaedam
873 275 964 309 nota
997 277 1080 310 erat
1108 270 1360 325 impressum,
1396 270 1467 310 boc
1498 269 1596 310 idem
1629 269 1667 309 in

138 335 299 391 spiritali
332 348 495 389 corpore
527 335 831 389 consignandum
865 336 953 378 erit.

251 401 364 456 Quod
388 417 480 443 vero
506 404 550 443 ad
572 417 639 444 eos
661 404 876 458 scripturae
903 405 1009 446 locos
1030 406 1168 447 attinet
1187 406 1249 461 qui
1274 422 1292 446 a
1321 406 1502 447 fratribus
1524 406 1668 447 nostris

138 471 386 521 obiiciuntur‚
420 472 472 511 ita
492 471 666 512 breviter
689 486 896 513 occurrere
916 488 1134 528 possumus,
1167 483 1281 528 atque
1303 474 1476 529 inprimis
1497 475 1530 514 ei
1557 488 1668 528 quem

138 553 190 580 ex
215 538 428 580 Ezectniete
463 541 678 594 proferunt.
742 539 895 581 Etenim
935 543 965 582 si
998 543 1192 583 rudiorum
1231 550 1395 582 mentem
1431 557 1475 581 ac
1511 557 1668 597 scopum

138 607 301 648 velimus
325 608 542 657 attendere,
577 622 688 662 quem
709 609 746 649 in
769 609 977 664 prophetae
1001 611 1129 651 verbis
1153 610 1224 650 sibi
1248 617 1547 665 proposuerunt,
1578 624 1669 650 eon-

137 690 305 731 sequens
336 683 396 716 est
424 690 471 717 ne
494 677 608 716 ullam
635 677 786 731 quidem
815 677 942 718 carnis
974 679 1301 722 resurrectionem
1327 679 1473 728 videri,
1509 679 1574 718 sed
1608 693 1670 719 os-

137 746 235 786 sium
268 746 478 796 duntaxat,
511 745 764 786 cuticularum
792 753 906 799 atque
933 759 1157 787 nervorum.
1221 744 1299 787 Sed
1331 753 1369 786 et
1395 746 1485 786 illud
1515 746 1672 786 demon-

139 814 337 855 strandum
363 813 455 868 ipsis
478 820 558 864 est,
594 821 739 854 temere
762 814 847 854 illos
873 814 911 853 in
939 827 1111 854 errorem
1138 813 1277 869 abripi,
1312 814 1398 854 dum
1424 814 1556 869 scripti
1584 829 1672 854 sen-

139 882 296 922 tentiam
321 895 561 936 nequaquam
589 882 819 937 percipiunt.
880 880 1020 936 Neque
1047 881 1148 922 enim
1173 897 1258 923 cum
1291 896 1380 923 ossa
1407 882 1670 933 nominantur,

139 950 234 991 haec
259 951 340 1005 ipsa
369 963 467 1004 quae
493 950 677 990 habemus
708 964 798 990 ossa
823 965 891 1005 par
916 957 977 990 est
999 950 1145 1005 accipi,
1179 951 1231 991 uti
1261 964 1386 1005 neque
1417 951 1453 990 in
1489 950 1546 991 his
1578 951 1673 991 locis

138 1019 202 1060 ubi
236 1019 419 1073 scriptum
447 1025 530 1068 est,
563 1022 742 1071 Dispersa
771 1027 859 1058 sunt
883 1022 1004 1058 omnia
1030 1034 1113 1059 ossa
1138 1034 1230 1059 mea.
1296 1019 1423 1060 Tum:
1469 1022 1571 1059 Sana
1602 1035 1670 1067 me,

139 1090 310 1141 quoniam
333 1088 554 1126 conturbata
574 1095 666 1126 suut
683 1102 766 1126 ossa
793 1101 882 1126 mea.
949 1085 1046 1128 Cum
1073 1088 1123 1128 sit
1147 1088 1391 1128 manifestum
1426 1102 1501 1128 non
1536 1102 1674 1128 secun-

140 1157 227 1196 dum
266 1155 462 1209 vulgarem
502 1155 697 1195 notionem
731 1156 874 1196 ossium
911 1170 1051 1196 nomen
1083 1156 1280 1211 usurpari.
1342 1154 1513 1196 Proinde
1545 1157 1674 1197 statim

141 1224 275 1265 eadem
298 1224 335 1264 iu
364 1224 539 1264 oratione
565 1224 831 1278 subiungitur,
864 1227 920 1264 Eo
943 1227 1042 1277 quod
1069 1228 1147 1277 ipso
1171 1227 1319 1273 dicunt,
1357 1228 1536 1275 Quoniam
1566 1228 1673 1264 arebla
1693 1212 1742 1274 {321
1760 1213 1863 1276 {ik-15.

136 1295 243 1347 facta
273 1301 363 1333 sunt
390 1308 473 1332 ossa
504 1301 646 1332 nostra.
709 1291 815 1332 Num
848 1292 920 1333 hoc
950 1293 1067 1345 igitur
1101 1292 1255 1344 dicunt,
1294 1297 1420 1333 Arida
1454 1296 1560 1347 sucta
1589 1302 1679 1333 sunt
1695 1282 1805 1352 ξῇρζῗ

141 1377 225 1402 ossa
247 1370 391 1409 nostra,
426 1361 526 1415 quod
550 1362 683 1402 eadem
707 1361 745 1401 in
771 1376 886 1401 unum
914 1362 1075 1402 collecta
1099 1362 1235 1402 volunt
1257 1364 1492 1416 resurgere?
1552 1362 1672 1417 Atqui

143 1431 225 1471 fieri
260 1430 360 1470 istud
396 1444 471 1470 non
506 1437 646 1484 potest.
710 1428 843 1483 Quare
870 1430 976 1470 arida
1007 1430 1095 1470 ideo
1128 1444 1197 1470 sua
1223 1430 1353 1470 dicunt
1385 1445 1474 1471 ossa
1505 1432 1603 1485 quod
1635 1431 1673 1471 in

143 1497 430 1552 captivitatibus
459 1498 521 1538 diu
548 1497 664 1538 habiti
688 1498 845 1538 vitalem
875 1512 1025 1538 omnem
1054 1498 1251 1538 humorem
1285 1499 1501 1539 amiserint.
1563 1497 1675 1540 Unde

145 1574 182 1608 et
207 1567 296 1607 ittud
325 1567 520 1607 inferunt:
563 1569 681 1605 Periit
707 1581 789 1618 spes
818 1575 966 1614 nostra,
1000 1568 1160 1605 abscissi
1184 1582 1324 1607 sumus.
1389 1566 1583 1621 Quocirca
1615 1581 1677 1608 re·
1696 1578 1770 1606 ibid.

143 1635 398 1676 surrectionis
421 1635 485 1675 itta
512 1634 652 1689 populo
675 1635 773 1675 facta
801 1635 1005 1689 promissio
1033 1635 1079 1675 ab
1114 1636 1176 1675 itta
1203 1635 1313 1676 ruina
1337 1650 1381 1676 ac
1406 1636 1513 1676 velut
1537 1649 1676 1676 eneca-

144 1704 248 1744 tione
264 1735 274 1754 ,
309 1717 382 1757 qua
404 1703 566 1743 extincti
591 1710 702 1754 sunt,
737 1717 822 1743 cum
847 1711 1003 1758 propter
1023 1703 1172 1744 scelera
1194 1704 1231 1743 in
1255 1704 1420 1745 hostium
1445 1711 1674 1759 potestatem

144 1772 274 1812 traditi
305 1778 416 1822 sunt,
451 1771 636 1825 quaedam
663 1778 722 1812 est
748 1771 931 1811 excitatio
963 1773 1105 1812 futura.
1169 1769 1271 1825 Quin
1302 1773 1415 1812 etiam
1449 1779 1677 1827 peccatores

145 1854 167 1881 a
191 1840 387 1880 salvatore
412 1838 616 1893 sepulchra
641 1853 729 1880 esse
753 1839 931 1880 dicuntur
960 1841 1137 1891 ossibus,
1172 1847 1285 1894 atque
1308 1840 1410 1880 omni
1437 1840 1678 1880 immunditia

146 1908 272 1963 plena.
335 1906 414 1948 Sed
446 1907 536 1947 ittud
570 1904 723 1948 divinae
755 1908 946 1948 maiestati
975 1909 1179 1959 convenit,
1214 1915 1255 1949 ut
1280 1908 1519 1963 singulorum
1551 1909 1679 1964 sepul-

146 1977 237 2018 chra
264 1976 490 2032 patefaciat,
525 1982 562 2016 et
593 1990 663 2017 nos
691 1977 737 2016 ad
762 1977 878 2017 vitam
911 1976 1147 2018 instauratos
1184 1991 1204 2018 e
1233 1978 1492 2018 monumentis
1524 1978 1676 2028 educat,

145 2045 303 2100 perinde
335 2059 379 2085 ac
409 2043 606 2085 Lazarum
642 2045 747 2085 soras
778 2045 953 2086 salvator
984 2046 1172 2086 extraxit.

258 2111 339 2154 Iam
365 2127 461 2154 vero
487 2113 586 2167 quod
618 2112 718 2153 hunc
743 2113 868 2154 locum
894 2113 1103 2165 obiiciunt,
1145 2115 1208 2153 Ibi
1228 2117 1302 2153 erit
1319 2117 1441 2168 fletus
1471 2122 1510 2153 et
1535 2116 1678 2153 stridor
1697 2117 1773 2160 Cap.
1792 2119 1881 2150 ΧΠ.

146 2185 322 2230 dentium,
357 2181 414 2222 sic
436 2181 624 2222 adversus
646 2182 733 2222 ittos
756 2181 1022 2237 disputandum
1046 2189 1120 2223 est.
1184 2180 1282 2224 Cum
1306 2182 1344 2223 iu
1366 2182 1435 2223 hac
1454 2182 1537 2223 vita
1561 2196 1679 2222 mem-
1691 2161 1880 2198 Manh'ss’n‘

146 2250 256 2292 hrum
283 2263 396 2291 omne
422 2249 468 2290 ad
492 2264 601 2291 usum
625 2250 790 2304 aliquem
817 2265 838 2291 a
859 2265 1008 2292 summo
1031 2251 1096 2291 illo
1120 2251 1256 2306 opifice
1280 2251 1330 2292 sit
1355 2251 1565 2302 conditum,
1601 2258 1680 2291 tum

148 2333 244 2360 vero
268 2319 402 2359 dentes
426 2318 549 2358 solido
576 2317 661 2359 cibo
684 2318 978 2359 comminuendo
1002 2327 1090 2359 sunt
1122 2320 1226 2360 facti.
1291 2318 1392 2373 Quid
1417 2319 1534 2374 igitur
1557 2320 1681 2360 denti-

149 2387 219 2428 bus
244 2401 339 2442 opus
367 2387 442 2428 illis
470 2394 530 2428 est
555 2387 617 2442 qui
643 2387 741 2442 apud
765 2388 912 2428 inferos
937 2387 1183 2428 cruciantur?
1240 2386 1334 2428 Non
1365 2387 1490 2438 enim,
1524 2387 1677 2443 opinor,

150 2455 350 2511 quicquam
383 2455 461 2496 illic
488 2456 785 2496 manducaturos
808 2469 894 2496 esse
920 2456 1106 2497 dixerint.
1169 2455 1232 2497 Ad
1259 2456 1351 2496 haec
1382 2456 1543 2496 docendi
1574 2463 1678 2506 sunt,

150 2538 226 2564 non
251 2523 378 2564 omnia
403 2523 563 2578 perinde
586 2524 809 2578 accipienda
832 2537 919 2564 esse
940 2538 984 2564 ac
1009 2525 1151 2580 scripta
1173 2531 1277 2565 sunt.
1342 2522 1474 2577 Quare
1498 2524 1573 2564 atio
1595 2525 1681 2565 loco

150 2592 332 2646 scriptum
366 2598 448 2632 est:
491 2595 628 2631 Dentes
657 2600 895 2644 peccatorum
929 2596 1151 2632 contrivisti.
1215 2591 1336 2633 Item:
1380 2594 1505 2632 Molas
1537 2595 1679 2632 leonum
1698 2593 1853 2659 33:337&-

150 2662 340 2714 confregit
368 2663 549 2700 dominus.
613 2659 717 2700 Nam
749 2661 833 2715 quis
861 2661 956 2701 adeo
985 2661 1147 2702 stolidus
1181 2668 1241 2701 est
1274 2668 1314 2700 ut
1347 2660 1419 2701 sihi
1450 2661 1682 2715 persuadeat
1802 2652 1810 2664 ’

152 2728 262 2768 deum
287 2729 500 2769 reservatis
524 2738 771 2784 peccatorum
794 2729 1021 2784 corporibus
1046 2729 1151 2770 solos
1178 2729 1312 2769 dentes
1341 2730 1572 2770 conterere?
1631 2728 1684 2772 Ut

152 2795 270 2850 igitur
295 2796 358 2851 qui
387 2796 482 2838 haec
507 2797 560 2837 ita
590 2811 632 2838 se
657 2797 799 2838 habere
828 2798 922 2838 velit
947 2797 984 2838 in
1012 2797 1210 2852 angustias
1236 2797 1434 2838 coniectus
1459 2798 1504 2837 ad
1536 2798 1682 2853 allego-

155 2920 269 2960 Vulyo:
304 2919 359 2954 ἐπὶ
388 2918 426 2955 τὸ
460 2916 537 2955 ὅσον
570 2918 623 2965 ἐφ’
645 2921 694 2961 οἷς
726 2921 897 2967 βούλονται
940 2925 1016 2963 lego.
1074 2923 1139 2953 Vox
1171 2918 1347 2964 ἐπίστησον
1379 2932 1474 2963 quam
1506 2924 1596 2964 facile
1627 2933 1683 2964 po-

154 2969 218 2997 cett.
275 2967 422 2998 Petamus
457 2969 608 3000 ariolatus
639 2972 682 3000 est
714 2967 786 3002 ἐπεὶ
818 2965 895 3003 ὅσον
941 2970 1030 3000 tuerit
1053 2969 1207 3007 corrumpi
1229 2969 1261 2999 in
1285 2966 1339 3003 ἐπὶ
1362 2966 1398 3002 τὸ
1423 2964 1500 3003 ὅσον
1521 2972 1555 3001 in
1579 2973 1684 3010 aperto

155 3006 206 3052 ἐφ’
233 3007 281 3049 οἷς
307 3009 477 3055 βούλονται
504 3017 569 3045 cett.
616 3015 705 3054 Quod
727 3025 788 3047 non
811 3016 898 3047 intel·
944 3017 995 3045 est.
