2066 3319
467 198 648 231 PANARu
676 198 759 230 ΜΒ.
781 199 820 230 u.
844 199 950 231 TOM.
975 200 1014 230 11.
1042 200 1172 231 HAER.
1195 200 1337 230 van.
1608 191 1687 230 563

133 280 187 322 illi
215 286 329 330 sunt,
365 285 496 333 utpote
526 277 622 317 labis
648 278 774 318 omnis
800 285 1002 333 expertes.
1066 277 1156 318 Nisi
1183 278 1283 318 enim
1316 278 1405 317 illud
1435 276 1691 327 obtinuerint,

134 355 280 389 tantum
312 346 386 386 illis
421 345 559 385 malum
587 345 765 385 dominus
803 346 1064 396 consciverit,
1113 346 1222 385 euius
1252 359 1391 386 caussa
1425 345 1550 385 necati
1584 351 1689 385 suut.

134 414 248 469 Quod
280 414 312 455 si
338 414 384 454 ob
411 413 576 453 eundem
604 412 710 467 prius
735 413 930 453 interfecti
959 422 1049 454 suut
1083 428 1194 467 quam
1230 413 1266 452 in
1305 420 1503 453 certamen
1529 413 1693 452 deseen-

133 483 272 524 derent
299 497 342 522 ac
367 481 579 536 praemium
611 490 945 535 assequerentur,
990 494 1236 535 consequens
1271 487 1329 520 est
1361 481 1460 520 illius
1485 480 1692 520 adveutum

134 551 277 592 mundo
313 549 440 605 potius
465 548 741 589 detrimentum
771 549 976 599 attulisse,
1012 549 1194 603 quoniam
1221 547 1374 602 quidem
1408 562 1587 588 caussam
1617 547 1692 586 illis

135 618 359 674 praebuerit
391 630 460 657 eur
493 624 529 656 et
564 617 769 656 immatura
804 624 928 656 morte
954 617 1071 656 vitam
1094 630 1163 671 per
1186 616 1372 670 supplicia
1397 616 1692 670 profunderent,

136 694 175 727 et
196 685 306 740 regio
335 684 587 725 nihilominus
613 684 822 725 interdicto
857 698 876 723 a
904 685 1117 725 certamine
1143 683 1303 738 perinde
1333 698 1377 723 ae
1403 683 1576 738 praemio
1608 696 1696 737 pro-

136 754 244 795 hibiti
279 754 438 794 suerint.

251 819 330 862 Sed
363 828 401 861 et
433 821 506 860 alia
542 828 747 875 praetcrea
788 821 1005 860 videamuS.
1071 818 1241 859 Prodeat
1275 819 1321 858 ad
1348 818 1556 858 Hieracam
1589 817 1695 857 illum

137 890 383 931 refutandum
408 889 545 928 beatus
575 902 619 928 ac
642 888 956 943 sapientissimus
978 887 1041 927 ille
1063 886 1268 927 Salomon.
1313 886 1422 926 Ades
1451 885 1585 939 igitur,
1611 898 1699 939 pro-

137 959 339 1014 phetarum
367 957 616 1006 beatissime,
652 956 713 1010 qui
748 970 767 995 a
794 955 951 995 domino
985 963 1126 994 tantam
1150 958 1276 993 cordis
1304 968 1349 992 ac
1379 956 1585 1005 sapientiae
1608 955 1695 990 late‘-
1713 960 1835 1021 341³&-

138 1029 301 1066 tudinem
327 1034 461 1065 nactas
487 1040 526 1063 es
549 1032 689 1076 quanta
712 1032 769 1063 est
789 1038 991 1062 arenarum
1015 1026 1052 1062 in
1079 1026 1195 1061 nau-is
1220 1024 1343 1069 litore,
1380 1022 1440 1060 die
1464 1020 1576 1060 nobis
1600 1032 1698 1073 quae
1760 1016 1767 1027 '
1825 1013 1829 1016 ’

140 1102 204 1135 tua
231 1094 281 1134 sit
307 1094 352 1133 de
383 1092 514 1147 pueris
550 1092 705 1147 opinio,
755 1090 828 1131 llic
858 1091 999 1146 igitur,
1035 1094 1237 1138 Senectus,
1274 1088 1420 1142 inquit,
1455 1089 1692 1133 venerabilis,
1717 1096 1786 1131 Sapo
1807 1097 1832 1129 1ἲ
1854 1097 1876 1121 e.

139 1178 212 1203 non
235 1165 438 1214 longaeva,
472 1175 540 1199 nee
562 1175 745 1200 annornm
771 1175 925 1199 namet-o
954 1167 1189 1212 compntata5
1235 1159 1393 1196 emn‘n'es
1421 1170 1506 1194 vero
1534 1157 1702 1207 pruden-

141 1234 193 1270 tia
217 1238 274 1269 est
297 1230 529 1276 hominibus,
577 1237 615 1267 et
637 1237 743 1267 aetas
767 1232 970 1267 senectutis
998 1231 1072 1267 vita
1096 1229 1349 1266 immaculata.
1417 1226 1507 1262 Cam
1538 1226 1619 1261 sine
1644 1237 1703 1261 re-

136 1301 386 1351 prehensione
409 1305 527 1345 esset,
563 1312 585 1336 a
608 1300 674 1335 (leo
701 1299 859 1336 dilectus
882 1305 957 1345 est,
1002 1305 1038 1335 et
1063 1299 1186 1335 vivens
1211 1298 1311 1334 [nter
1338 1300 1558 1345 peccatores
1581 1299 1705 1329 trans·

143 1370 243 1406 latus
266 1375 343 1414 est,
378 1374 511 1418 raptas
535 1374 611 1413 est,
647 1381 693 1404 ne
718 1367 864 1404 malitia
896 1373 1061 1404 mutaret
1083 1366 1335 1408 intellectmn,
1370 1369 1441 1400 cent
1470 1361 1579 1398 dolas
1605 1361 1705 1397 (leci-

135 1443 246 1488 peret
267 1438 427 1474 animam
453 1437 584 1486 ipsias.
652 1437 866 1473 Faseinatio
893 1437 1027 1485 qnippe
1057 1434 1290 1483 nugacitatis
1316 1431 1493 1468 obscurat
1520 1429 1635 1473 bona,
1671 1433 1707 1463 et

142 1506 395 1543 inconstantia
420 1505 745 1554 concupiscentiae
769 1506 990 1541 transvertit
1011 1509 1164 1540 mentem
1188 1503 1268 1538 sine
1292 1500 1451 1537 malitia.
1500 1493 1552 1536 Ut
1575 1500 1704 1535 autem

144 1571 190 1612 de
216 1571 347 1626 pueris
377 1571 479 1624 loqui
506 1570 610 1610 illum
639 1578 850 1625 appareat,
886 1570 1015 1611 statim
1044 1568 1197 1618 adiicit,
1234 1570 1518 1605 Consammatns
1542 1566 1579 1601 in
1603 1563 1711 1600 brevi

145 1642 329 1692 explevit,-
365 1638 474 1693 quasi
499 1638 624 1688 dieat,
660 1645 836 1678 mortuus
863 1638 1015 1678 iuvenis
1039 1636 1214 1691 implevit
1239 1642 1412 1689 tempora
1438 1631 1573 1672 multa.
1621 1631 1708 1668 Pla-

145 1711 220 1747 cita
243 1711 339 1747 enim
372 1715 457 1747 erat
481 1710 628 1746 domino
659 1710 783 1746 anima
811 1709 940 1753 ilaus,-
978 1713 1182 1757 propterea
1208 1705 1407 1755 festinavit
1438 1714 1519 1739 enm
1553 1700 1710 1737 educere

148 1779 193 1815 de
225 1779 342 1815 medio
376 1778 554 1815 malitiae.
622 1774 726 1829 Quin
763 1782 800 1814 et
832 1775 930 1829 apud
958 1773 1197 1813 Hieremiam
1231 1770 1433 1820 domiuus,
1475 1770 1704 1818 Antequam,
1722 1777 1805 1806 Hier.
1828 1779 1853 1809 1,
1873 1777 1898 1804 5.

149 1844 290 1898 inquit,
325 1847 362 1884 in
394 1852 501 1883 utero
520 1845 733 1897 formarem
768 1851 822 1890 te,
859 1845 949 1882 novi
971 1850 1025 1890 te,
1061 1848 1098 1880 et
1127 1847 1324 1892 antequam
1356 1839 1482 1876 eoeires
1512 1837 1557 1874 de
1582 1835 1706 1879 valva,

149 1914 391 1965 sanetfieave'
418 1920 465 1951 te.

265 1979 344 2022 Sed
366 1981 412 2021 ad
438 1980 676 2020 salvatorem
700 1978 851 2034 ipsum,
888 1984 925 2018 et
950 1991 994 2017 os
1018 1976 1110 2017 illud
1135 1988 1280 2030 expers
1304 1971 1493 2014 mendacii
1520 1969 1714 2011 omnium-
1757 1973 1835 2015 Cap.
1855 1973 1894 2005 V.

152 2062 226 2103 que
250 2063 381 2089 rerum
407 2048 631 2103 cognitione
660 2046 875 2102 praeditum
902 2046 1122 2086 veniamus.
1167 2043 1288 2084 Adsis
1312 2041 1446 2096 igitur,
1482 2054 1504 2079 0
1530 2036 1708 2078 domiue!

152 2123 192 2157 et
212 2117 496 2172 intelligentiae
527 2123 686 2156 nostrae
716 2128 829 2169 opem
862 2115 994 2154 ferens
1020 2112 1229 2153 Hieracam
1260 2110 1366 2150 illum
1402 2108 1563 2161 eiusque
1588 2113 1710 2145 teme·
1733 2152 1834 2179 mah

152 2185 305 2226 ritatem
336 2199 472 2239 argue.
536 2188 816 2230 Accesserant,
852 2182 998 2236 inquit,
1032 2184 1083 2220 ad
1107 2182 1212 2220 illam
1233 2180 1407 2231 pueruli,
1443 2183 1484 2214 ut
1509 2188 1639 2213 manas
1665 2173 1711 2210 il·
1732 2173 1844 2221 i9‚13.'

155 2256 202 2293 lis
225 2257 433 2306 imponeret
452 2268 497 2292 ac
522 2254 778 2291 benediceret:
822 2253 1002 2303 discipali
1025 2264 1110 2288 vero
1134 2248 1366 2300 repellebant
1391 2247 1498 2290 illos,
1533 2250 1570 2281 et
1586 2243 1716 2293 prohi-

155 2323 312 2370 bebant,-
354 2325 431 2373 ipse
455 2336 539 2360 vero
563 2324 665 2360 dzlrit
683 2323 761 2359 illis
775 2351 784 2367 ‚
821 2322 944 2358 Sinite
959 2320 1165 2370 parvulos,
1200 2323 1237 2355 et
1261 2330 1307 2354 ne
1327 2313 1522 2365 prohibete
1546 2312 1632 2348 illos
1656 2323 1716 2347 ve—

154 2394 238 2430 nire
259 2393 310 2429 ad
332 2405 410 2429 me:
456 2392 586 2428 taliam
618 2392 713 2428 enim
746 2396 803 2427 est
825 2402 983 2439 regnam
1016 2389 1218 2426 coelorum.
1287 2381 1366 2423 Sed
1394 2394 1440 2419 ne
1465 2377 1718 2433 puerulorum

157 2458 451 2508 tantummodo,
486 2472 529 2496 ac
555 2471 630 2497 non
668 2457 840 2510 reliquae
866 2455 1029 2506 aetatis,
1072 2453 1246 2494 eoeleste
1272 2462 1434 2503 regnum
1460 2459 1549 2486 esse
1582 2444 1718 2484 crede-

156 2540 314 2577 remus,
349 2525 406 2566 sic
441 2526 488 2565 ab
518 2525 593 2565 illis
620 2538 787 2564 exorsus
820 2531 881 2564 est
916 2531 956 2563 ut
984 2534 1230 2562 communem
1264 2532 1350 2558 oum
1386 2516 1432 2555 iis
1461 2512 1719 2553 hereditatem

156 2595 311 2635 illorum
337 2593 529 2634 similibus
563 2592 768 2632 tribueret.
834 2590 914 2632 lam
944 2604 1038 2631 vero
1073 2589 1104 2630 si
1142 2588 1199 2627 his
1232 2584 1327 2640 ipsis
1361 2583 1423 2637 qui
1460 2580 1639 2636 proxime
1672 2578 1719 2618 ad

157 2663 246 2704 illos
273 2662 516 2703 accesserint
548 2660 722 2701 eoeleste
750 2674 913 2714 reguum
942 2657 1205 2713 promittitur,
1241 2659 1385 2706 quanto
1420 2650 1456 2689 id
1489 2648 1561 2703 ipsi
1595 2646 1719 2700 magis

159 2737 422 2785 assequentur
443 2743 605 2783 quorum
635 2728 682 2769 ad
708 2728 910 2783 exemplar
937 2741 981 2767 ae
1005 2725 1260 2778 archetypum
1298 2717 1479 2773 expressi
1513 2722 1603 2757 sunt
1630 2713 1720 2754 alii?

160 2799 274 2840 Adeo
302 2798 430 2839 nullus
455 2796 568 2837 istius
597 2796 750 2836 fabulae
784 2797 892 2836 loeus
927 2802 987 2834 est
1022 2793 1198 2832 relictus.
1263 2785 1446 2828 Omnium
1477 2783 1617 2838 quippe
1650 2781 1721 2821 11ιί-
1884 2841 1891 2848 .

161 2875 315 2909 seretur
338 2865 539 2906 dominus:
577 2867 798 2903 castodiens
820 2866 915 2901 enim
937 2862 1118 2913 paruulos
1144 2859 1327 2896 dominas.
1395 2852 1514 2893 ltem:
1550 2852 1720 2889 Laadate
1740 2842 1790 2903 {J}
1803 2842 1904 2908 111]ζῖ

157 2940 273 2988 pnet‘i
295 2937 495 2975 dominum.
562 2931 715 2972 Deinde
741 2929 1006 2985 praedicatum
1031 2927 1122 2966 illud
1154 2940 1174 2963 a
1200 2923 1330 2977 pueris
1364 2928 1447 2972 est,
1495 2924 1651 2958 Ozanna
1684 2919 1927 2961 instante-zm.

161 3019 238 3055 gata
270 3010 390 3048 αὐτῶν.
439 3014 637 3052 scripturam
669 3012 832 3043 annotavit
861 3011 913 3040 Fr.
940 3008 1080 3039 schottus
1105 3014 1142 3037 esc
1166 3005 1280 3042 scripto
1305 3003 1381 3032 libro
1405 3001 1506 3031 nescio
1531 3007 1600 3037 quo.

1353 3055 1444 3098 36*
