2066 3319
1583 211 1657 250 451

123 314 212 340 num
236 299 281 340 ad
300 299 526 354 supplicium
549 299 768 354 perveniat.
810 301 871 340 Ac
894 314 977 340 cuni
1003 308 1177 342 nostrum
1200 301 1300 341 istud
1325 314 1464 355 corpus
1487 300 1531 340 ad
1552 297 1667 340 Prin-

123 368 228 423 cipes
258 367 536 422 materiamque
569 367 784 422 pertineat,
821 369 883 422 qui
910 367 1108 409 Persicam
1141 369 1319 410 arborem
1347 370 1514 425 plantat,
1550 368 1666 408 multa

122 437 156 477 ei
182 450 345 491 corpora
374 436 549 477 obeunda
574 443 678 487 sunt,
714 438 838 477 donec
864 435 1019 478 Persica
1043 437 1104 478 illa
1131 438 1332 478 deciderit.
1397 436 1472 491 Qui
1498 437 1569 477 sibi
1596 437 1666 492 ipsi

122 505 275 546 domum
295 506 477 556 exstruit,
510 505 548 545 in
573 506 756 546 universa
780 520 944 561 corpora
965 506 1215 547 distrahetur.
1267 504 1343 558 Qui
1368 507 1404 546 in
1427 521 1524 561 aqua
1547 507 1664 556 lavat,

121 580 313 614 suammet
340 574 460 628 ipsius
495 573 662 614 animam
699 575 920 629 adstringit.
987 573 1063 628 Qui
1100 574 1234 615 electis
1262 574 1382 630 ipsius
1414 575 1569 630 pietatis
1600 575 1668 615 ali-

122 643 221 696 quod
246 656 385 682 munus
412 656 488 682 non
515 643 688 694 dederit,
722 657 791 699 per
819 644 958 684 multas
983 643 1260 697 generationes
1285 657 1429 697 poenas
1454 644 1665 698 expendet,

122 718 236 765 atque
265 711 303 750 in
328 711 696 752 catechumenorum
719 726 882 767 corpora
908 712 1102 761 transibit,
1137 712 1260 752 donec
1286 726 1446 752 munera
1470 711 1667 766 quamplu-

121 779 217 819 rima
250 779 452 833 largiatur.
517 777 578 821 Ob
606 780 641 821 id
667 780 838 821 ciborum
869 780 1087 835 exquisitos
1112 794 1286 834 quosque
1318 780 1455 821 electis
1482 781 1664 820 offerunt.

120 845 266 888 Panem
292 855 499 902 antequam
528 850 755 900 comedant,
793 850 1009 890 orationem
1034 849 1084 889 ita
1110 849 1333 904 concipiunt
1356 849 1401 888 ad
1426 862 1560 903 panem
1587 863 1669 888 ser-

122 930 237 956 mone
264 931 482 957 convcrso:
528 931 654 972 neque
685 931 759 972 ego
793 926 829 958 te
857 918 1001 958 messui
1036 931 1163 972 neque
1190 918 1330 967 motui,
1366 931 1437 958 nec
1470 916 1665 972 expressi,

120 999 193 1026 nec
220 985 258 1025 in
289 984 480 1026 clibanum
514 985 703 1041 imposui:
749 987 847 1027 alius
875 987 970 1027 haec
1001 987 1128 1027 omnia
1159 986 1373 1041 praestitit,
1409 986 1575 1040 mihique
1602 986 1668 1026 ob-

122 1053 228 1094 tulit:
263 1067 337 1109 ego
366 1054 412 1094 ab
437 1055 540 1095 omni
567 1055 675 1110 culpa
700 1054 890 1095 innocens
912 1069 1071 1096 vescor.
1137 1053 1248 1108 Quae
1274 1069 1359 1094 cum
1388 1055 1487 1110 apud
1514 1068 1556 1096 se
1581 1069 1668 1110 pro-

121 1122 335 1173 nuntiavit,
370 1130 448 1163 tum
481 1123 761 1164 catechumeno
795 1123 908 1174 dicit,
944 1122 1024 1164 Pro
1060 1131 1098 1164 te
1132 1124 1264 1164 oravi!
1310 1124 1362 1164 ita
1393 1123 1456 1164 ille
1488 1123 1665 1164 discedit.

121 1189 222 1231 Nam
244 1198 286 1232 ut
305 1191 416 1232 vobis
440 1193 552 1247 paulo
577 1200 666 1233 ante
688 1193 768 1233 dixi
793 1192 854 1248 qui
879 1193 1088 1234 messuerit
1111 1200 1149 1233 et
1171 1193 1293 1247 ipsum
1317 1206 1404 1233 esse
1428 1193 1665 1244 metendum,

120 1260 173 1300 ita
200 1260 262 1314 qui
288 1260 326 1300 in
354 1261 656 1302 instrumentum
687 1261 838 1316 aliquod
873 1262 1107 1303 frumentum
1132 1262 1334 1313 iniecerit,
1369 1261 1599 1302 iniiciendus
1631 1268 1670 1301 et

121 1328 204 1383 ipse
234 1336 316 1380 est,
351 1336 391 1370 ut
422 1329 485 1384 qui
518 1344 686 1371 massam
721 1330 944 1385 subegerit,
979 1331 1239 1385 subigendus,
1274 1331 1575 1385 coquendusque
1607 1330 1667 1385 qui

122 1411 259 1452 panem
288 1398 457 1439 coxerit.
501 1396 718 1454 Propterea
743 1398 847 1439 omni
870 1413 989 1454 opere
1013 1399 1088 1440 illis
1112 1399 1370 1439 interdicitur.
1420 1397 1525 1453 Quin
1552 1398 1668 1440 etiam

121 1466 185 1506 alii
210 1474 322 1517 sunt,
357 1466 557 1521 inquiunt,
594 1468 723 1508 mundi
752 1482 803 1508 ex
828 1468 965 1522 quibus
995 1468 1171 1508 oriuntur
1200 1468 1352 1518 sidera,
1388 1482 1486 1521 quac
1518 1467 1565 1508 ab
1597 1467 1668 1508 hoc

123 1542 259 1576 nostro
285 1536 498 1576 occidendo
528 1537 727 1577 recedant.
791 1534 834 1578 Si
864 1537 949 1591 quis
977 1536 1081 1577 humi
1108 1536 1329 1587 ambulent,
1364 1543 1508 1576 terram
1534 1536 1665 1587 laedit,

123 1610 163 1643 ut
185 1611 225 1644 et
242 1609 372 1645 ae'rem
399 1604 516 1645 laedit
540 1605 601 1659 qui
626 1619 779 1646 manum
806 1605 941 1659 agitat,
977 1619 1060 1646 cum
1087 1610 1156 1645 a‘e'r
1175 1605 1371 1646 bominum
1397 1613 1436 1646 et
1457 1605 1665 1645 bestiarum

123 1687 166 1712 ac
190 1673 392 1713 volucrum
421 1680 459 1713 et
483 1673 644 1728 piscium
670 1681 706 1714 et
730 1673 923 1729 reptilium
951 1674 1080 1714 anima
1104 1675 1168 1715 sit.
1234 1672 1479 1728 Quicumque
1503 1687 1599 1715 vero
1629 1674 1667 1714 in

123 1741 265 1781 mundo
289 1748 370 1792 est,
407 1742 478 1782 hac
504 1742 651 1797 ipsum,
686 1749 728 1783 ut
752 1743 857 1795 dixi,
892 1757 1031 1798 corpus
1056 1757 1133 1784 non
1157 1743 1242 1794 dei,
1278 1744 1346 1784 sed
1376 1742 1566 1784 materiae
1590 1749 1665 1793 est,

122 1816 162 1850 et
192 1809 365 1851 tenebris
397 1810 535 1851 obduci
568 1825 731 1853 necesse
763 1820 838 1853 est.

467 219 649 252 PANARH
675 219 758 252 [ΑΒ.
783 220 824 250 ΙΙ.
849 219 956 252 ΤΟΜ.
978 221 1016 252 ll.
1040 220 1172 252 HAER.
1195 220 1317 252 LXVI.

746 2019 801 2050 DE
827 2019 1052 2050 PARADlSO.

237 2084 350 2139 Quod
379 2086 425 2127 ad
450 2083 679 2126 Paradisum
710 2087 901 2141 pertinet,
936 2087 1100 2127 mundus
1130 2087 1163 2127 is
1193 2086 1424 2142 appellatur.
1486 2086 1664 2128 Arbores

122 2168 239 2209 porro
264 2155 301 2194 in
327 2168 373 2194 ea
396 2162 508 2206 sunt,
545 2155 757 2210 cupiditas,
791 2156 973 2210 aliaeque·
993 2157 1168 2207 fraudes,
1204 2155 1342 2210 quibus
1365 2155 1518 2196 illorum
1545 2155 1666 2196 homi-

124 2237 213 2263 num
246 2230 547 2279 corrumpuntur
569 2224 701 2265 animi.
766 2221 879 2278 Quae
912 2232 1040 2266 autem
1065 2224 1104 2265 in
1126 2223 1316 2265 Paradiso
1340 2224 1490 2265 consita
1515 2233 1574 2265 est
1605 2239 1667 2265 ar-

123 2291 209 2343 bor,
243 2292 353 2332 cuius
376 2291 566 2333 beneficio
593 2292 735 2333 bonum
759 2293 1009 2346 discernitur,
1047 2292 1156 2335 lesus
1183 2301 1258 2344 est,
1293 2293 1454 2348 eiusque
1478 2293 1663 2348 cognitio,

123 2374 219 2415 quae
245 2362 283 2401 in
315 2362 457 2402 mundo
483 2368 564 2412 est,
599 2376 712 2416 quam
746 2362 810 2418 qui
843 2363 1005 2419 percipit
1037 2363 1180 2404 bonum
1213 2363 1430 2417 malumque
1462 2362 1663 2402 discernit.

1716 2090 1793 2131 Cap.

1690 2135 1822 2168 XXlX.

125 2512 294 2543 Carnarius
313 2513 461 2543 convertit
484 2509 658 2542 Paradisus
682 2522 783 2553 porro
808 2522 871 2543 vo-

124 2563 216 2588 catur
247 2555 409 2593 Mundus;
446 2566 535 2596 quem
570 2560 690 2588 secutus
724 2558 872 2590 Petavius

122 2605 263 2643 spurium
283 2611 346 2634 esse
367 2603 520 2634 iudicavit
540 2603 620 2633 illud
644 2597 681 2635 οὗ
703 2606 730 2634 et
752 2605 873 2635 uncinis

121 2649 255 2680 inclusit.
302 2649 423 2679 Residet
455 2649 531 2679 mihi
563 2650 698 2687 suspicio
727 2658 763 2680 ne
796 2650 872 2689 [orte

122 2695 309 2725 mutandum
330 2697 369 2725 sit
401 2692 488 2734 Περὶ
513 2691 550 2727 δὲ
574 2692 632 2726 τοῦ
653 2692 810 2734 Παραδέ
801 2705 872 2728 ’.σου

124 2750 160 2772 ου
199 2741 262 2781 (vel
295 2735 353 2777 ὃς,
389 2740 490 2770 soluta
519 2740 644 2771 relativi
673 2740 871 2783 attractione)

123 2785 273 2818 καλεῖται
299 2785 410 2827 (intell.
435 2796 452 2815 a
469 2784 714 2838 Manichaeis),
744 2784 873 2829 κόσμος

126 2828 207 2863 ἐστί.
245 2823 352 2863 ’Έστι
375 2828 413 2863 δὲ
438 2827 480 2863 τὰ
505 2828 594 2873 φυτὰ
618 2834 684 2862 cett.

168 2876 200 2907 2.
225 2877 373 2916 Suspicor
396 2873 447 2908 ἐπ.
439 2875 579 2917 Saittai..
602 2879 786 2916 praesertim
804 2888 874 2910 cum

125 2922 218 2952 etiam
242 2922 477 2961 Vet.1nterpres
501 2922 614 2954 habeat
635 2922 873 2966 concupiscen-

125 2965 202 2997 tiae.

170 3011 202 3043 3.
227 2999 350 3052 Repo'no
371 3007 434 3045 εἰνὶ*
416 3023 566 3055 ρωπω).
613 3009 698 3046 Εκε
702 3017 747 3048 sva
771 3012 810 3048 δὲ
833 3012 870 3047 τὸ

126 3054 159 3089 ἐν
184 3055 272 3099 Παρ.
320 3058 401 3089 Nam
422 3060 551 3098 quinam
579 3061 641 3092 sint
666 3058 713 3092 illi
736 3061 873 3092 homines

916 2521 954 2544 ne
973 2513 1113 2544 divinari
1132 2513 1255 2553 quidem
1275 2513 1352 2543 ticet.
1387 2512 1590 2551 Suffrayatur
1606 2512 1666 2543 Vet.

917 2560 1068 2598 Interpres
1100 2560 1153 2599 qui
1185 2559 1273 2589 habet
1307 2555 1524 2598 cogitationes
1554 2556 1661 2589 homi-

918 2614 1007 2635 num.
1055 2603 1114 2635 llla
1139 2610 1249 2635 antem
1273 2602 1372 2633 arbor
1396 2606 1461 2634 cett.

963 2648 994 2682 4.
1028 2651 1169 2682 Rescribe
1198 2645 1300 2685 αὐτὸς
1331 2657 1368 2679 ex
1402 2650 1484 2679 Actis
1512 2650 1667 2689 Archelai,

918 2705 997 2735 quae
1018 2697 1164 2735 praebent
1189 2694 1258 2736 ipse
1283 2700 1334 2725 est
1357 2694 1466 2731 lesus,
1492 2698 1520 2726 et
1542 2704 1580 2726 ex
1601 2697 1666 2727 laco

917 2742 1044 2781 yemella
1069 2751 1138 2780 cap.
1160 2741 1214 2772 54.

965 2787 996 2818 ὁ.
1022 2785 1080 2819 καὶ
1100 2787 1257 2826 particula
1281 2786 1475 2817 desideratur
1504 2787 1537 2818 in
1566 2789 1665 2818 omni-

919 2834 975 2864 bus
1007 2834 1102 2863 libris.
1161 2832 1281 2862 Reduxi
1316 2841 1382 2862 eam
1417 2832 1454 2862 de
1485 2835 1664 2865 auctoritate

921 2879 983 2909 leh
996 2879 1169 2916 Inter-prelis
1188 2878 1241 2916 qui
1262 2877 1372 2908 habent
1394 2883 1428 2908 et
1444 2876 1579 2909 scientia
1597 2878 1664 2909 eius

919 2923 1001 2965 (cad.
1023 2924 1094 2954 Bab.
1119 2921 1245 2963 iltius),
1282 2923 1356 2953 olim
1385 2925 1561 2962 suspicatus
1595 2921 1665 2965 Ἰη-

920 2979 957 3001 aa
961 2968 998 3005 ὗς
1001 2962 1057 3008 ,η’
1077 2980 1098 3009 η
1121 2966 1242 3009 γνῶσις
1261 2963 1322 3000 α3τ
1326 2967 1372 3000 οὗ.
1408 2969 1576 3000 Carnarius
1596 2979 1663 3001 ver-

919 3016 953 3045 tit
988 3019 1037 3044 est
1068 3013 1138 3055 ipse
1174 3013 1279 3051 tesus;
1316 3012 1462 3056 cognitio
1495 3013 1595 3057 ipsius
1630 3014 1661 3045 in

917 3057 1042 3090 mundo
1066 3065 1128 3090 est.

1300 3114 1390 3158 29*
