2066 3319
508 214 687 246 PANARu
712 214 795 246 Lm.
814 214 854 246 11.
880 214 986 246 TOM.
1007 215 1030 246 1.
1059 215 1188 246 men.
1208 214 1330 246 inv.
1614 203 1693 242 267

157 307 342 352 peccasse
366 293 462 334 citra
485 307 626 348 corpus
649 293 795 333 animas
819 295 1108 344 concessisses,
1142 308 1185 334 ac
1208 294 1427 334 mandatum
1455 304 1543 332 esse
1570 298 1695 331 trans-

156 377 340 418 gressas,
375 369 488 416 atque
516 361 564 401 ob
595 361 630 401 id
662 369 858 416 peccatum
884 370 1059 402 scortcas
1086 362 1160 402 illis
1189 361 1338 401 tunicas
1365 360 1552 400 obtulisse
1584 360 1694 399 deum

155 439 197 472 ut
220 445 265 472 ea
289 437 527 471 mortuorum
553 430 772 483 gestatione
802 443 947 484 poenas
975 430 1266 484 persolverent,
1301 429 1448 468 tunicas
1477 428 1577 468 enim
1600 427 1694 467 istas

156 500 201 540 de
233 499 462 554 corporibus
495 498 789 552 interpretaris,
824 513 908 538 cum
939 498 1057 548 haec,
1091 498 1268 552 inquam,
1303 497 1566 545 asseruisses,
1608 509 1694 550 pro-

155 567 358 621 grediente
394 566 576 621 deinceps
612 566 815 616 oratioue,
858 566 963 606 velut
996 580 1129 606 eorum
1162 579 1257 619 quae
1293 571 1405 604 autea
1438 577 1695 619 proposueras

156 635 323 685 oblitus,
358 649 434 675 non
460 648 574 690 posse
599 648 667 689 per
691 648 778 675 sese
803 634 967 674 animam
992 647 1154 688 peccare
1181 633 1412 682 confirmas,
1447 646 1569 685 neque
1593 632 1693 672 enim

154 704 202 744 ad
226 703 261 743 id
293 717 314 743 a
339 709 477 743 natura
505 716 594 742 esse
619 709 904 758 comparatam,
937 703 1003 741 sed
1031 702 1218 741 malorum
1253 700 1421 740 omnium
1455 714 1629 740 caussam
1659 700 1693 740 ei

153 785 294 827 corpus
318 770 509 811 attulisse,
557 768 691 823 Quare
716 784 763 810 ne
785 771 831 810 ad
856 769 1139 824 improbitatem
1166 769 1304 808 iterum
1329 767 1527 818 incitetur,
1562 782 1693 821 quem—

154 839 356 881 admodum
389 845 503 879 antea
536 852 588 879 ex
619 839 849 892 contagione
881 837 1056 892 corporis
1092 837 1312 886 acciderat,
1350 837 1405 875 sic
1437 836 1537 876 illam
1570 836 1615 876 ab
1647 850 1692 875 eo

151 914 367 963 separatam
395 913 582 961 perpetuo
607 908 788 947 suturam.
852 906 971 961 Atqui
992 906 1103 961 paulo
1125 912 1214 945 ante
1238 905 1397 945 dixeras
1419 905 1584 944 animam
1604 911 1693 944 ante

151 989 291 1032 corpus
315 975 351 1015 in
373 973 580 1025 Paradiso,
615 975 702 1015 dum
725 975 848 1015 adhuc
874 974 968 1014 felix
989 981 1026 1014 et
1049 988 1068 1013 a
1093 974 1226 1014 dolore
1249 973 1429 1013 immunis
1451 979 1570 1023 esset,
1605 986 1693 1012 sese

151 1043 412 1086 obstrinxisse
438 1050 614 1098 peccato.
678 1040 830 1098 Quippe
855 1043 1000 1083 violato
1025 1042 1084 1082 dei
1110 1043 1312 1091 mandato,
1346 1056 1431 1082 cum
1456 1042 1530 1082 iam
1560 1054 1695 1095 pecca-

152 1120 246 1163 tum,
280 1126 348 1166 pro
371 1125 417 1151 eo
444 1112 542 1165 quod
568 1111 738 1165 serpenti
765 1118 961 1166 paruerat,
996 1111 1241 1160 invaluisset,
1276 1124 1417 1165 corpus
1442 1110 1494 1149 illi
1519 1109 1692 1164 supplicii

151 1181 237 1222 loco
258 1180 401 1220 vinculi
426 1180 552 1220 instar
576 1180 870 1220 circumdatum.
921 1178 1044 1233 lgitur
1063 1179 1124 1219 vel
1148 1179 1267 1233 prius,
1304 1179 1364 1219 vel
1389 1177 1582 1233 posterius
1607 1191 1693 1231 per-

151 1263 283 1306 peram
305 1263 326 1289 a
353 1256 388 1289 te
412 1248 577 1303 positum
602 1255 676 1288 est.
738 1246 842 1288 Nam
867 1255 933 1288 aut
957 1254 1047 1288 ante
1072 1261 1213 1302 corpus
1237 1247 1410 1301 deliquit,
1445 1261 1505 1296 ae,
1541 1244 1694 1286 tametsi

151 1332 292 1374 corpus
321 1317 478 1357 minime
502 1324 699 1368 resumat,
734 1316 984 1357 nibilominus
1009 1316 1205 1371 peccabit,
1240 1323 1278 1356 et
1305 1314 1430 1355 inanis
1461 1315 1536 1355 erit
1569 1314 1693 1355 omnis

150 1387 213 1428 illa
247 1393 383 1427 contra
413 1386 589 1437 eorporis
615 1386 944 1425 resurrectionem
972 1399 1016 1425 ac
1044 1398 1336 1440 supervacanea
1364 1383 1594 1439 disputatio:
1629 1389 1696 1423 aut

151 1469 236 1495 cum
261 1467 425 1509 corpore
453 1452 649 1508 peccavit,
683 1461 798 1507 atque
823 1453 873 1493 ita
897 1461 1075 1493 scorteae
1104 1453 1191 1493 illae
1215 1453 1368 1492 tunicae
1394 1453 1438 1492 ad
1472 1465 1611 1506 corpus
1634 1465 1695 1492 re-

153 1523 245 1564 serri
273 1537 349 1562 non
379 1528 585 1578 poterunt,
620 1522 808 1576 siquidem
831 1529 1033 1575 antequam
1065 1521 1152 1561 illae
1183 1528 1489 1571 consuerentur,
1524 1521 1695 1560 divinum

153 1592 200 1631 ab
226 1590 379 1631 bomine
405 1591 590 1631 violatum
616 1603 704 1630 esse
736 1597 982 1645 praeceptum
1008 1589 1369 1629 animadvertimus.
1433 1587 1555 1629 Cuius
1589 1589 1695 1629 insu-

154 1674 223 1716 per
247 1673 386 1700 caussa
412 1665 658 1712 comparatae
683 1658 770 1699 illae
801 1659 956 1698 tunicae
983 1665 1095 1708 sunt,
1130 1657 1266 1711 quibus
1295 1664 1495 1698 contracta
1526 1671 1578 1697 ex
1607 1671 1696 1712 pec-

153 1735 239 1768 cato
276 1727 431 1767 nuditas
465 1727 731 1780 obtegeretur.
795 1725 899 1767 Num
927 1726 1077 1766 tandem
1105 1725 1171 1765 tibi
1198 1726 1270 1766 ista
1307 1727 1548 1779 persuadeo,
1582 1726 1695 1780 idque

152 1796 248 1836 adeo
272 1795 411 1846 sentis,
445 1796 765 1850 quemadmodum
790 1803 914 1835 tecum
936 1794 1018 1850 ipse
1040 1794 1193 1834 ratione
1213 1801 1274 1834 tua
1297 1793 1548 1844 dissenseris,
1583 1801 1696 1848 atque

152 1865 224 1905 hoc
257 1879 278 1904 a
311 1878 371 1904 me
406 1863 471 1904 tibi
508 1871 569 1904 est
599 1863 802 1918 perspicue
837 1864 1120 1904 monstratum?
1180 1863 1243 1903 An
1278 1863 1445 1902 nondum
1478 1864 1578 1917 qnod
1611 1863 1696 1903 dico

151 1931 345 1989 percipis,
382 1932 641 1986 Aglaophon?
701 1931 787 1985 Ego
822 1945 916 1971 vero
951 1931 1146 1986 percipio,
1188 1931 1333 1985 inquit,
1369 1945 1440 1970 nec
1469 1932 1603 1971 audire
1635 1945 1697 1971 se-

152 2002 277 2042 cundo
301 2014 464 2041 necesse
491 2007 565 2040 est.
630 2001 707 2040 Sed
738 2000 870 2041 nescio
894 2015 969 2054 quo
996 2000 1108 2039 modo
1138 1999 1362 2056 imprudens
1391 2013 1591 2055 perperam
1624 2000 1697 2039 ista

151 2069 306 2110 iactavi.
370 2068 550 2110 Necesse
573 2068 674 2109 euim
701 2084 784 2109 cnm
811 2068 994 2124 pelliceas
1020 2068 1103 2108 illas
1129 2068 1279 2108 tunicas
1305 2082 1468 2123 corpora
1491 2082 1578 2109 esse
1604 2082 1697 2108 con-

152 2139 364 2188 cesserim,
398 2138 563 2178 animam
594 2151 768 2191 quoque,
811 2137 1030 2192 priusquam
1058 2136 1095 2176 in
1125 2151 1265 2192 corpus
1297 2137 1467 2188 subiret,
1510 2150 1695 2192 peccasse

152 2206 351 2257 confiteri,
385 2213 590 2261 propterea
622 2206 722 2260 quod
754 2206 957 2256 delictum,
990 2213 1194 2260 autequam
1228 2205 1316 2246 illae
1346 2206 1505 2255 tierent,
1540 2213 1600 2245 est
1630 2205 1696 2245 ad-

153 2276 328 2316 missum.
378 2273 482 2315 Nam
511 2274 558 2314 ob
578 2275 703 2329 legem
725 2274 906 2315 violatam
933 2273 1086 2314 tunicae
1107 2274 1184 2314 illis
1209 2274 1361 2314 oblatae
1383 2281 1487 2321 suut,
1522 2274 1569 2313 ob
1592 2287 1695 2313 eam-

153 2358 226 2399 que
252 2351 454 2394 consutae,
490 2357 614 2397 neque
643 2349 800 2398 propter
822 2342 970 2382 tunicas
992 2342 1054 2382 illa
1082 2349 1142 2382 est
1166 2344 1263 2382 sacta
1292 2342 1530 2383 commissio.
1584 2340 1695 2395 Quae

153 2427 237 2454 cum
268 2412 434 2468 professi
461 2412 664 2462 fuerimus,
698 2411 880 2452 assentiri
907 2425 983 2451 una
1013 2418 1051 2451 et
1076 2410 1167 2451 illud
1192 2411 1393 2461 debemus,
1428 2424 1475 2450 ne
1504 2410 1590 2450 liuic
1614 2411 1696 2464 qui-

152 2481 237 2522 dem
274 2480 428 2536 corpori
462 2488 640 2534 tanquam
672 2493 833 2520 caussae
865 2479 950 2520 mali
986 2488 1134 2534 partem
1169 2480 1281 2520 ullam
1316 2493 1403 2519 esse
1436 2478 1693 2530 tribuendam,

152 2550 219 2590 sed
253 2548 374 2604 ipsam
402 2563 470 2604 per
501 2563 590 2590 sese
617 2548 782 2589 animam
815 2555 930 2588 totam
964 2548 1066 2588 illam
1101 2548 1312 2588 sustinere.
1377 2545 1510 2600 Quare
1542 2548 1695 2588 tametsi

154 2632 294 2674 corpus
327 2632 403 2658 non
430 2624 625 2666 resumat,
658 2617 905 2657 nibilominus
928 2616 1125 2672 peccabit,
1161 2631 1244 2656 rum
1274 2622 1311 2655 et
1343 2623 1455 2655 antea
1488 2616 1583 2657 citra
1610 2631 1696 2657 cor-

155 2701 224 2742 pus
254 2686 490 2742 peccaverit.
555 2684 803 2740 Omninoque
830 2687 1009 2726 stolidum
1045 2693 1103 2724 cst
1135 2698 1280 2737 negare
1311 2684 1358 2723 ob
1391 2684 1426 2723 id
1459 2698 1599 2739 corpus
1632 2693 1696 2725 aut

153 2768 307 2795 carnem
336 2768 451 2810 posse
486 2768 720 2808 resurgere,
755 2769 802 2795 ue
827 2754 979 2809 corpori
1005 2761 1211 2806 utcumque
1244 2752 1295 2792 sit
1325 2765 1462 2792 caussa
1494 2754 1693 2807 peccandi.

152 2821 338 2864 Peccabit
360 2823 461 2864 enim
488 2823 619 2877 utique
647 2822 772 2877 posito
801 2837 989 2878 corpore,
1025 2829 1065 2862 ut
1091 2829 1128 2861 et
1157 2828 1248 2861 ante
1275 2834 1414 2874 corpus
1446 2830 1692 2875 peccaverat,

155 2891 226 2931 etsi
260 2906 400 2947 corpus
433 2907 509 2933 non
545 2891 706 2932 subinde
742 2891 919 2947 recipiat.
982 2889 1048 2930 Ex
1083 2904 1157 2943 quo
1190 2902 1352 2928 necesse
1389 2895 1449 2929 est
1479 2904 1603 2944 neque
1635 2905 1694 2931 me

155 2958 300 3013 ipsum,
346 2974 468 3015 neque
508 2961 670 3000 alterum
698 2975 718 3001 a
750 2974 808 3001 me
849 2960 1001 3015 probari
1037 2957 1099 3012 qui
1136 2964 1311 2998 scorteas
1347 2958 1498 2998 tunicas
1530 2973 1694 3013 corpora
