2066 3319
208 2251 273 2279 pag.
292 2243 350 2272 651.

365 170 445 209 460
931 173 1092 207 SANCTI
1115 174 1340 207 EPIPHANH

365 252 533 303 πάντας,
565 251 636 300 οὓς
660 253 801 306 ἔφερον
824 250 951 308 αὐτῷ,
982 253 1318 305 σεληνιαζομένους
1344 253 1411 294 καὶ
1439 252 1719 306 κατεχομένους
1742 253 1782 295 ἔν
1806 270 1893 295 ποι-

366 323 489 368 κίλαις
511 319 653 368 νόσοις.
715 320 969 375 Προςέφερον
991 317 1095 377 αὐτῷ
1117 319 1310 372 τυφλοῦς,
1341 319 1525 372 κωφούς,
1555 319 1740 371 κυλλούς,
1768 338 1893 376 παρα-

365 387 563 439 λυτικούς,
595 385 840 442 ἀναπήρους,
871 388 937 429 καὶ
963 388 1027 429 ἐπὶ
1051 386 1198 438 πάντας
1218 387 1345 442 ἥπλου
1372 387 1442 442 τὴν
1466 386 1588 429 αὐτοῦ
1611 386 1827 443 εὐεργεσίαν
1855 405 1896 430 τε

366 458 433 497 καὶ
458 457 638 510 ἰατρείαν,
671 453 851 508 οὐδαμοῦ
873 456 914 497 δὲ
936 457 1147 511 γέγραπται
1167 456 1227 498 ὅτι
1249 456 1515 512 προςήνεγκαν
1538 453 1643 513 αὐτῷ
1664 460 1752 506 ζῶα.
1794 453 1896 497 Εἶτα

366 522 481 565 πάλιν
505 523 633 565 ἐλθών
661 525 714 572 εἷς
733 522 779 564 τοὶ
803 524 899 578 μέρη
919 528 988 577 τῆς
1015 529 1033 553 ⁸
1050 529 1317 579 Γεργεσηνῶν,
1349 523 1401 573 ὥς
1421 523 1442 566 ὁ
1463 523 1633 579 Μάρκος
1661 524 1778 579 λέγει,
1805 522 1833 577 ἢ
1855 525 1896 566 ἐν

367 597 449 640 τοῖς
482 590 604 646 ὁρίοις
634 596 712 633 τῶν
733 596 1000 647 Γεργεσηνῶν,
1034 590 1086 641 ὥς
1111 590 1134 634 ὁ
1158 597 1322 642 Λουκᾶς
1350 607 1468 646 φησι,
1499 591 1525 645 ἢ
1550 593 1810 646 Γαδαρηνῶν,
1842 589 1896 640 ὥς

366 657 388 701 ό
411 664 649 710 Ματθαῖος,
680 658 706 713 ἢ
734 664 751 688 ⁹
767 664 805 700 Γ
803 663 1019 715 εργεσαίων,
1053 658 1106 709 ὥς
1126 658 1347 716 ἀντίγραφά
1368 678 1451 702 τινα
1474 661 1544 713 ἔχει
1572 664 1664 712 (τῶν
1684 658 1757 715 γάρ
1780 663 1897 715 τριῶν

365 726 520 783 κλήρων
541 725 564 769 ό
584 727 705 777 τόπος
734 725 808 769 ἄνα
832 729 948 781 μέσον
971 724 1054 781 ἦν),
1085 729 1149 769 καὶ
1181 727 1269 770 ἰδοῦ
1302 728 1375 771 δύο
1402 726 1712 782 δαιμονιζόμενοι
1739 728 1896 781 χαλεποὶ

366 798 464 846 λίαν,
495 797 538 837 ἐκ
560 801 637 837 τῶν
656 799 851 850 μνημείων
872 795 1124 851 ἐξερχόμενοι,
1155 798 1221 838 καὶ
1242 798 1400 851 ἔκραζον
1421 797 1612 851 λέγοντες,
1631 793 1719 848 ’Έα,
1749 798 1785 837 τί
1804 793 1898 849 ἡμῖν

365 865 431 905 καὶ
451 864 527 915 σοὶ,
555 862 740 918 1οἸησοῦ
763 864 822 906 υἱὲ
838 869 910 906 τοῦ
930 869 1043 915 θεοῦ,
1070 864 1129 906 ὅτι
1151 863 1226 920 πρὸ
1247 869 1388 920 καιροῦ
1410 859 1529 917 ’ἦλθες
1546 866 1751 917 βασανίσαι
1772 861 1896 918 ἡμᾶςς

367 933 528 985 οἴδαμέν
549 947 590 974 σε
610 935 666 982 τίς
690 930 736 983 εἷ,
768 931 791 974 ὅ
811 931 923 988 ἅγιος
944 937 1014 974 τοῦ
1037 937 1146 975 θεοῦ.
1199 927 1272 974 ῗΗν
1294 934 1335 974 δὲ
1358 931 1472 988 ἀγέλη
1494 935 1636 987 χοίρων
1659 933 1741 974 ἐκεῖ
1758 934 1896 985 βοσκο-

368 1001 483 1053 μένη,
513 1002 578 1042 καὶ
604 1000 851 1056 παρεκάλουν
873 999 993 1042 αὐτόν
1015 1003 1055 1042 οἷ
1075 1003 1255 1054 δαίμονες
1276 1002 1466 1056 λέγοντες,
1498 1002 1553 1041 Εἰ
1581 999 1774 1053 ἐκβάλλεις
1794 997 1898 1053 ἡμᾶς

371 1070 413 1109 ἐκ
436 1073 514 1110 τῶν
540 1067 790 1124 ἀνθρώπων,
821 1067 1051 1111 α’πόστειλον
1077 1067 1179 1122 ἡμᾶς
1204 1071 1257 1118 εἰς
1285 1067 1376 1117 τούς
1402 1072 1575 1123 χοίρους·
1614 1069 1679 1110 καὶ
1712 1067 1898 1123 ὥρμησαν

370 1138 424 1185 εἰς
445 1136 515 1190 τήν
536 1137 754 1189 θάλασσαν,
779 1139 845 1179 καὶ
866 1136 1067 1178 ἀπώλοντο
1089 1139 1129 1178 ἐν
1150 1143 1232 1185 τοῖς
1255 1136 1405 1178 ὕδασιν.
1448 1138 1499 1178 Οἱ
1519 1137 1559 1177 δὲ
1577 1135 1786 1189 βόσκοντες
1803 1137 1898 1188 ἔφυ-

370 1222 454 1259 γον,
486 1206 553 1246 καὶ
574 1204 811 1260 α’πήγγειλαν
832 1207 886 1253 είς
905 1204 976 1258 τήν
997 1204 1121 1246 πόλιν.
1165 1205 1245 1245 Καὶ
1267 1205 1305 1246 ἐν
1329 1204 1397 1257 μὲν
1418 1209 1470 1261 τῷ
1489 1207 1693 1261 Ματθαίῳ
1715 1205 1804 1259 περὶ
1825 1202 1898 1245 δύο

368 1273 514 1328 λέγεται
535 1274 878 1326 δαιμονιζομένων,
909 1275 1065 1327 χοίρους
1088 1272 1130 1313 δὲ
1154 1274 1332 1325 σημαίνει
1355 1270 1502 1323 ἁπλῶς,
1533 1273 1599 1313 καὶ
1625 1269 1673 1313 οὗ
1696 1270 1764 1314 τόν
1785 1270 1900 1326 ἄριθ-

370 1340 445 1393 μόν
466 1343 586 1394 δηλοῖ.
644 1339 688 1381 Ὁ
711 1341 752 1382 δὲ
774 1340 948 1394 Μάρκος
973 1341 1038 1381 καὶ
1061 1338 1131 1393 τὴν
1154 1338 1353 1395 ἀκρίβειαν
1375 1345 1444 1382 τοῦ
1467 1338 1643 1395 ἀριθμοῦ
1662 1344 1738 1382 τῶν
1759 1342 1900 1395 χοίρων

688 1407 695 1421 l
747 1407 768 1422 P!

368 1408 577 1463 διηγήσατο
601 1410 722 1450 εἰπων
746 1426 818 1459 οτι,
842 1403 968 1449 ςΗλθε
991 1409 1030 1449 δὲ
1055 1410 1109 1457 εἰς
1128 1407 1175 1449 τοὶ
1195 1409 1292 1463 μέρη
1313 1413 1383 1461 τῆς
1399 1413 1436 1449 Γ
1434 1413 1661 1463 εργεσηνῶν,
1691 1409 1758 1450 καὶ
1776 1407 1899 1462 ἀπήν-

367 1491 480 1529 τησεν
503 1475 608 1534 αὐτῷ
629 1475 968 1530 δαιμονιζόμενος,
999 1475 1042 1525 ὃς
1066 1478 1259 1529 ἕδεσμεῖτο
1278 1474 1433 1518 ἁλύσεσι
1452 1479 1642 1531 σιδηραῖς,
1673 1479 1738 1519 καὶ
1763 1478 1901 1519 διέσπα

369 1544 415 1587 τοὶ
438 1544 580 1598 δεσμοὶ,
611 1547 677 1587 καὶ
700 1547 740 1588 ε’ν
764 1551 846 1593 τοῖς
867 1547 1070 1598 μνημείοις
1095 1547 1222 1600 διῆγε,
1254 1546 1320 1586 καὶ
1343 1546 1517 1600 ἔκραζεν,
1538 1543 1633 1596 ’Έα,
1662 1547 1698 1586 τί
1717 1543 1811 1599 ἡμῖν
1833 1547 1900 1587 καὶ

368 1615 452 1665 σοὶ,
492 1617 505 1641 ¹
519 1619 533 1642 ¹
548 1612 676 1668 Ἰησοῦ
697 1614 757 1655 υἱὲ
780 1618 849 1655 τοῦ
876 1617 993 1663 θεοῦς
1023 1608 1143 1666 ἦλθες
1163 1612 1240 1668 πρὸ
1262 1617 1403 1668 καιροῦ
1425 1615 1634 1665 βασανίσαι
1654 1611 1767 1666 ἡμᾶς.
1819 1615 1900 1655 Καὶ

369 1680 570 1737 ἠρώτησεν
591 1680 711 1723 αὐτόν
737 1679 759 1724 ὁ
780 1679 949 1735 Ἰησοῦς,
979 1684 1015 1723 τί
1039 1695 1097 1723 σοι
1122 1680 1249 1735 ὄνομά
1271 1683 1369 1732 ἐστι,
1399 1683 1466 1723 καὶ
1488 1679 1595 1723 εἶπεν
1617 1680 1697 1732 ὅτι,
1728 1680 1900 1738 Λεγεών,

369 1749 430 1791 ὅτι
454 1749 576 1792 πολλοὶ
607 1749 790 1802 δαιμόνια
820 1752 995 1803 εἰςῆλθεν
1020 1752 1075 1798 εἷς
1100 1749 1231 1792 αὐτόν.
1293 1751 1372 1791 Καὶ
1395 1747 1644 1805 παρεκάλουν
1674 1747 1816 1802 αὐτόν,
1847 1748 1901 1804 μὴ

369 1817 634 1872 ἀποσταλῆναι
657 1820 728 1868 ἔξω
751 1823 820 1871 τῆς
845 1817 992 1872 χώρας,
1025 1817 1116 1860 ἄλλα
1139 1820 1318 1867 εἰςελθεῖν
1346 1820 1399 1867 εἰς
1421 1817 1513 1867 τούς
1537 1821 1709 1873 χοίρους·
1746 1814 1797 1872 ἧν
1825 1816 1900 1874 γάρ

371 1888 451 1928 ἐκεῖ
470 1885 584 1941 ἀγέλη
605 1889 747 1941 χοίρων
767 1887 1007 1940 βοσκομένη,
1037 1888 1105 1928 καὶ
1128 1889 1339 1942 ἐπέτρεψεν
1360 1885 1491 1935 αὐτοῖς
1520 1889 1701 1936 εἶςελθεῖν
1729 1889 1783 1935 εἰς
1809 1884 1902 1936 τοῦς

369 1957 538 2008 χοίρους.
599 1955 679 1995 Καὶ
709 1953 886 2008 ὥρμησεν
910 1953 936 2007 ἦ
958 1954 1072 2010 ἆγέλη
1093 1955 1192 1997 κατα
1215 1960 1285 1997 τοῦ
1307 1960 1484 2010 κρημνοῦ
1509 1957 1565 2004 εἷς
1587 1953 1656 2008 την
1684 1953 1900 2006 θάλασσαν,

371 2017 470 2075 ἦσαν
492 2021 565 2077 γαρ
591 2021 643 2071 ὥς
668 2025 859 2075 διςχίλιοι,
891 2025 958 2064 καὶ
983 2025 1190 2079 ἒπνίγησαν
1218 2025 1258 2066 ἐν
1286 2029 1333 2081 τῇ
1357 2023 1556 2081 θαλάσσῃ,
1587 2024 1654 2064 καὶ
1677 2024 1716 2064 οἱ
1737 2022 1900 2076 βόσκον-

370 2107 431 2139 τες
452 2088 595 2139 αὕτοῦς
616 2092 778 2145 ἔφυγον,
809 2092 873 2131 καὶ
897 2090 1126 2147 ἆνήγγειλαν
1151 2094 1191 2134 έν
1212 2097 1259 2150 τῇ
1282 2091 1401 2134 πόλει.
1452 2087 1552 2145 ςΑρα
1577 2086 1647 2133 οῦν
1669 2089 1718 2132 δι’
1739 2089 1902 2146 ἄγνοιαν

372 2156 503 2212 ἥρω’τα
531 2156 554 2200 ό
575 2157 670 2207 θεὸς
693 2157 827 2213 λόγος,
859 2156 881 2200 o‘
902 2158 950 2201 δι’
974 2158 1077 2212 ἧμᾶς
1100 2159 1316 2214 ἅνθρωπος
1338 2158 1524 2216 γεγονώς,
1556 2160 1622 2201 καὶ
1648 2157 1721 2201 οὐκ
1749 2157 1836 2217 ’ᾔδει
1857 2157 1900 2201 τό

371 2225 494 2280 ὄνομα
516 2232 586 2268 τοῦ
607 2229 813 2279 δαιμονίου
836 2228 929 2280 πρὶν
950 2230 1160 2282 ἐρωτῆσαι,
1192 2227 1284 2269 ἄλλα
1308 2231 1424 2270 εἴωθε
1444 2227 1487 2269 τὸ
1511 2233 1624 2269 θεῖον
1645 2229 1687 2269 ἐκ
1713 2226 1902 2280 στόματος

369 2299 446 2336 τῶν
477 2296 735 2350 ἔρωτωμένων
764 2294 833 2344 τοὶς
859 2295 1076 2349 προφάσεις
1105 2295 1268 2349 ἑκάστης
1299 2295 1529 2345 ὑποθέσεως
1557 2295 1743 2349 ἐκδήλους
1777 2313 1902 2351 παρα-

369 2362 576 2413 σκευάζειν.
641 2362 754 2405 Οῧτω
780 2365 848 2404 καὶ
871 2365 1065 2415 ἐνταῦθα,
1095 2367 1160 2405 ἰ’να
1191 2367 1294 2422 δείξῃ
1323 2363 1366 2406 τό
1388 2363 1560 2419 φοβερὸν
1582 2365 1648 2405 καὶ
1675 2362 1716 2406 τό
1747 2369 1902 2417 πλῆθος

370 2436 446 2473 τῶν
471 2430 682 2484 δαιμόνων,
713 2430 756 2473 τὸ
786 2431 966 2485 ἐρώτημα
989 2439 1167 2483 ποιεῖται,
1198 2435 1263 2474 ἵνα
1289 2435 1331 2474 ἐκ
1355 2432 1545 2486 στόματος
1565 2434 1714 2474 ἐκείνου
1735 2431 1778 2474 τὸ
1798 2439 1901 2474 θαυ-

372 2499 519 2552 μαστὸν
540 2502 655 2555 ἔργον
676 2498 1014 2553 ὗποδειχθήσεται.
1076 2502 1155 2542 Καὶ
1176 2500 1423 2555 παρεκάλουν
1446 2499 1565 2542 αὐτόν
1588 2502 1628 2542 οἱ
1645 2503 1825 2553 δαίμονες
1844 2501 1901 2542 λέ·

371 2585 523 2622 γοντες,
556 2567 631 2621 Μὴ
654 2570 814 2626 πέμψῃς
839 2566 943 2621 ἡμᾶς
973 2570 1027 2616 εἰς
1054 2567 1124 2621 τήν
1157 2567 1351 2622 ἄβυσσον,
1383 2567 1458 2609 ἀλλ’
1483 2570 1694 2623 ἐπίτρεψον
1715 2566 1808 2621 ἡμῖν
1835 2569 1901 2609 ἵνα

375 2637 605 2689 εἰςέλθωμεν
630 2638 682 2685 εἰς
706 2636 798 2685 τούς
818 2639 984 2691 χοίρους.
1036 2637 1116 2677 Καὶ
1141 2638 1352 2692 ἐπέτρεψεν
1374 2635 1517 2685 αὐτοῖς.
1570 2637 1651 2677 Καὶ
1679 2637 1902 2689 12ἐξῆλθον

413 2762 444 2795 8.
467 2764 651 2805 γεργεσὲἅν
672 2765 760 2795 codd.
774 2773 846 2795 mss.
867 2767 1001 2803 uterque.
1027 2763 1113 2794 Ger-
1160 2762 1298 2805 plarium
1320 2763 1423 2794 omnis
1442 2762 1559 2794 aetatis
1572 2761 1739 2794 varietate.
1773 2761 1898 2793 Deinde

371 2807 557 2849 gesthornm
586 2811 675 2841 vertit
700 2811 878 2840 Carnarius.
924 2810 1002 2839 Bene
1029 2810 1114 2840 Gote-
1161 2807 1364 2840 verisimilius
1395 2808 1430 2839 fit
1454 2807 1620 2850 scripsisse
1652 2818 1724 2838 eum
1754 2806 1899 2839 secundo

371 2856 423 2885 ler.
446 2855 486 2884 ad
509 2855 648 2893 Hesychii
672 2856 807 2893 Quaesll.
830 2856 863 2885 in
884 2855 964 2885 Eccl.
982 2855 1034 2884 Gr.
1048 2855 1114 2884 Μο-
1159 2852 1376 2895 Γερασηνῶν,
1403 2860 1437 2884 ut
1449 2860 1515 2885 tres
1531 2859 1635 2884 sortes
1650 2851 1786 2889 faceret,
1813 2853 1900 2884 Ger-

371 2908 455 2930 num.
480 2902 550 2929 lom.
572 2901 633 2938 111,
665 2909 739 2939 pag.
761 2898 846 2932 526.-
883 2905 1032 2937 „temere
1057 2910 1112 2929 ar-
1159 2909 1373 2940 gesenorum,
1400 2899 1659 2935 Gerasenorum,
1692 2904 1725 2929 et
1748 2897 1898 2929 Gadare-

373 2943 481 2986 guitur
504 2950 634 2974 sanctus
656 2944 793 2982 doctor,
828 2943 860 2975 in
884 2949 977 2975 tanta
1001 2955 1113 2976 exem—
1159 2954 1293 2983 norum,
1328 2954 1423 2986 quam
1452 2943 1500 2975 bis
1531 2941 1773 2986 Γεργεσηνῶν,
1808 2942 1900 2986 quasi
