2066 3319
468 187 647 221 PANARn
671 187 756 219 Lm.
774 187 815 219 Π.
840 186 948 220 ToM.
969 187 1009 219 11.
1034 187 1166 222 HAER.
1186 187 1292 221 va.
1569 179 1650 219 389

115 269 360 311 constitutos.
423 266 497 309 Est
521 267 621 307 enim
650 273 757 307 certa
780 266 845 307 illa
867 274 906 306 et
928 266 1174 308 immutabilis
1196 267 1411 318 sententia,
1446 273 1536 307 ante
1561 280 1650 307 coe·

114 339 191 380 lum
217 351 262 378 ac
287 344 428 377 terram
454 335 548 376 nihil
571 335 727 375 omnino
751 334 991 375 conditarum
1014 350 1143 376 rerum
1166 336 1368 386 extitisse,
1403 335 1582 390 quoniam
1606 339 1649 375 In
1678 344 1753 372 Gen.
1771 345 1797 377 1,
1813 344 1836 371 1.

106 409 294 459 principio
322 407 465 444 creavit
485 407 574 443 deus
598 406 737 442 eoelum
762 411 797 442 el
819 412 971 442 terram.
1038 402 1087 444 L't
1118 403 1207 443 illud
1238 403 1287 443 sit
1322 403 1479 444 creandi
1511 403 1651 459 prinei-

111 474 213 530 pium
245 480 334 514 ante
366 472 467 527 quod
499 472 641 513 creatis
673 486 725 512 ex
756 471 872 512 rebus
907 472 1064 512 omnino
1097 471 1200 511 nulla
1232 472 1364 511 suerit.

223 541 484 596 Quamobrem
507 555 582 580 non
606 547 747 596 potest,
783 541 835 580 uti
857 540 1041 590 diximus,
1076 539 1174 594 quod
1196 539 1299 579 inest
1321 539 1359 578 in
1385 539 1538 579 homine
1562 553 1650 580 ver-

110 611 197 652 bum
225 610 337 650 homo
369 609 606 664 nuncupari,
648 609 715 649 sed
745 608 910 649 bominis
945 607 1121 648 verbum.
1186 604 1301 660 Quod
1332 607 1365 646 si
1398 607 1458 647 dei
1490 607 1650 649 verbum

111 679 204 719 deus
230 685 304 729 est,
339 677 589 719 subsistentia
615 677 769 717 minime
796 684 918 728 caret,
953 677 1127 729 adeoque
1152 676 1247 715 deus
1270 675 1430 716 verbum
1456 675 1647 727 subsistit,

109 762 132 787 a
154 747 226 787 deo
248 746 425 801 genitus,
459 747 544 787 sine
570 745 680 786 initio
703 745 779 786 ullo
804 759 846 785 ac
870 752 1066 799 tempore,
1103 745 1259 782 l'erbzzm
1282 747 1375 782 enim
1397 757 1486 782 caro
1507 745 1648 794 factum
1664 751 1853 786 tonantia.

109 823 186 864 est,
220 823 258 854 et
277 816 459 854 habitavi!
481 818 517 854 in
543 816 662 861 nobis,
698 822 735 852 et
759 816 914 852 vidimus
936 815 1101 863 gloriam
1123 815 1217 859 ez'ch,
1249 814 1413 863 glorium
1436 816 1547 863 quasi
1568 816 1650 851 uni—

105 886 230 936 geniti
248 898 270 922 a
296 891 427 935 patre,
459 886 608 935 plenum
632 886 786 934 gratiae
811 890 846 920 et
870 884 1050 920 veritatis.
1117 884 1274 919 Ioannes
1304 883 1348 919 de
1378 881 1443 918 illo
1474 888 1646 928 testatur,

109 960 149 992 et
170 954 308 991 elamat
331 955 478 999 dicens,
515 954 585 990 He'c·
608 959 663 990 est
684 966 789 1003 quem
811 952 896 989 Δία-ι’
918 950 1042 988 vobis:
1076 952 1144 1001 qui
1154 956 1245 1000 post
1263 963 1317 987 me
1338 951 1457 996 venit,
1492 956 1578 987 ame
1597 964 1651 987 me

104 1023 232 1073 faetus
252 1028 330 1069 est,
366 1024 452 1073 qaia
469 1023 579 1072 prior
599 1035 654 1058 me
674 1027 778 1058 erat:
813 1021 873 1057 lzz’e
896 1021 994 1057 vem'l
1015 1021 1051 1056 in
1074 1020 1262 1064 muudum,
1298 1025 1341 1055 ut
1357 1019 1524 1056 salvetur
1546 1031 1650 1057 mun—

108 1092 177 1128 dus
205 1104 276 1141 per
303 1092 442 1141 ipsum:
485 1092 522 1127 ίΙι
554 1091 687 1127 mando
719 1095 821 1135 erat,
854 1095 889 1125 e!
918 1089 1075 1126 mundus
1100 1101 1170 1138 per
1198 1089 1316 1138 ipsum
1336 1088 1472 1139 suetus
1503 1093 1580 1133 est,
1616 1094 1652 1125 et

108 1160 264 1197 mundus
299 1172 378 1196 eum
411 1172 483 1196 uon
520 1159 706 1209 cognonit.
772 1153 894 1196 Vides
933 1154 1175 1209 unigenitum
1209 1154 1398 1195 verbum?
1458 1152 1578 1195 Vides
1610 1154 1648 1194 in

108 1226 290 1267 mundum
316 1225 544 1280 completum
570 1225 672 1265 inter
696 1223 896 1275 homines,
931 1238 975 1264 ac
998 1224 1146 1278 plenam
1173 1237 1194 1263 a
1217 1229 1323 1277 patre
1355 1222 1545 1277 unigeniti
1567 1223 1650 1277 glo-

108 1295 204 1336 riam
237 1294 500 1335 obtinentem?
557 1291 649 1334 Nou
684 1300 725 1333 ut
756 1300 867 1347 pater
899 1293 981 1347 ipse
1011 1292 1062 1332 sit
1091 1291 1278 1343 verbum,
1312 1298 1378 1331 aut
1410 1306 1494 1332 cum
1527 1291 1648 1333 verbo

109 1364 335 1405 coalescens
360 1362 605 1417 apparuerit,
639 1362 744 1402 velut
767 1363 881 1402 homo
907 1375 992 1401 cum
1015 1359 1137 1401 verbo
1160 1360 1282 1415 ipsius
1308 1367 1490 1415 apparet3
1524 1374 1650 1415 neque

108 1432 209 1473 illius
239 1431 398 1472 verbum
434 1443 621 1485 apparere
650 1437 799 1484 potest,
834 1429 907 1470 nisi
937 1428 1037 1469 adsit
1069 1428 1132 1482 qui
1162 1428 1255 1468 illud
1284 1428 1493 1482 eloquitur.
1556 1426 1651 1470 Cui-

108 1515 194 1541 uam
219 1500 336 1554 igitur
358 1499 521 1540 adhibeo
543 1498 683 1539 fidem?
744 1495 908 1538 Cuinam
935 1496 1156 1537 assentiar?
1215 1497 1253 1536 A
1276 1496 1504 1550 quibusnam
1529 1497 1646 1538 vitam

107 1570 145 1609 in
176 1568 387 1623 disciplinis
422 1567 632 1622 accipiam?
690 1566 796 1607 Num
824 1566 870 1607 ab
897 1566 1042 1607 sanctis
1069 1564 1360 1618 evangeliorum
1393 1565 1647 1620 scriptoribus

109 1645 145 1678 et
172 1637 297 1677 afflatu
324 1636 447 1677 sancti
479 1635 638 1691 spiritus
669 1635 866 1690 impulsis,
902 1635 966 1688 qui
993 1633 1154 1675 verbum
1179 1647 1199 1673 a
1225 1640 1334 1688 patre
1365 1633 1525 1674 missum
1559 1648 1647 1675 esse

108 1705 384 1760 prodiderunt?
443 1704 508 1745 An
551 1718 572 1744 a
605 1702 715 1745 Pauli
753 1702 1000 1745 Samosateni
1038 1701 1257 1757 discipulis,
1307 1701 1369 1756 qui
1409 1716 1494 1742 cum
1525 1703 1646 1744 verbo

108 1775 243 1825 deum,
278 1781 425 1814 etcum
459 1775 530 1813 deo
557 1772 717 1814 verbum
752 1786 840 1813 esse
868 1771 1026 1812 dicunt?
1067 1771 1129 1826 qui
1164 1770 1284 1826 patris
1314 1785 1399 1810 cum
1431 1770 1576 1821 verbo,
1611 1778 1649 1811 et

107 1842 215 1884 verbi
245 1857 329 1883 cum
359 1849 466 1897 patre
501 1841 712 1896 comparati
747 1855 860 1882 unam
896 1854 983 1881 esse
1017 1853 1224 1895 personam
1259 1839 1471 1879 definiunt?
1528 1838 1580 1879 At
1615 1839 1646 1880 si

107 1911 221 1952 unica
255 1911 441 1951 duntaxat
470 1917 529 1950 est
560 1923 752 1965 persona,
787 1909 978 1964 quomodo
1004 1908 1064 1948 hic
1087 1907 1225 1959 mittit,
1259 1907 1321 1948 ille
1346 1921 1441 1948 vero
1466 1907 1643 1948 mittitur.

106 1983 262 2019 Emittes
290 1982 407 2026 em‘m,
443 1978 496 2018 ait
519 1978 727 2034 propheta,
762 1979 929 2026 verbam,
965 1985 1004 2016 et
1030 1978 1226 2030 lz'qlzesaez't
1250 1991 1314 2015 ea.-
1348 1977 1470 2030 flabit
1489 1980 1646 2029 spiritus
1666 1986 1713 2014 Ρε.
1734 1987 1776 2021 14,
1796 1988 1835 2015 18.

105 2052 204 2097 eius,
239 2056 277 2087 et
285 2051 417 2102 fluent
436 2062 566 2100 aquae.
632 2045 753 2098 Item,
787 2049 944 2086 Eoez‘ve'a
962 2054 1074 2098 patre
1097 2060 1196 2092 meo,
1232 2053 1270 2084 et
1290 2048 1418 2093 vem'0‚·
1459 2053 1520 2096 et,
1556 2049 1846 2089 Vivoioannifige.

106 2133 195 2170 ego,
239 2125 278 2156 et
303 2119 395 2156 vivit
427 2119 464 2155 ite
493 2131 548 2154 me
579 2119 646 2168 qul
671 2118 770 2154 melei!
799 2130 854 2155 nze
882 2122 1006 2167 paler.
1071 2111 1276 2168 Quomodo
1311 2112 1373 2168 qui
1409 2113 1550 2154 missus
1585 2089 1846 2154 estloann'fi'ffl'

108 2185 204 2226 mitti
232 2191 380 2240 potest,
415 2191 453 2224 et
480 2184 517 2224 in
552 2198 669 2225 carne
698 2184 877 2239 prodire?
936 2187 1052 2222 Deum
1083 2185 1177 2221 enim
1209 2196 1312 2221 nemo
1344 2184 1436 2221 vz'dz't
1465 2197 1637 2234 unquam.
1664 2181 1806 2249 ''gnffn'

112 2257 331 2307 Unz'gem'cus
362 2256 452 2292 deus
483 2256 551 2305 qui
574 2261 631 2292 est
655 2256 692 2292 in
723 2255 807 2291 sitm
835 2255 978 2305 patris,
1014 2254 1078 2291 ille
1108 2254 1300 2299 narravit,
1336 2250 1389 2290 ait
1420 2249 1643 2304 unigenitus

107 2323 224 2364 deus:
265 2321 444 2377 quoniam
474 2321 633 2361 verbum
665 2335 685 2361 a
716 2328 826 2376 patre
858 2321 1029 2375 genitum
1064 2326 1146 2370 est,
1188 2326 1296 2374 pater
1326 2325 1454 2359 autem
1485 2332 1507 2359 a
1538 2318 1643 2359 nullo

106 2391 284 2446 genitus,
318 2390 366 2431 ob
396 2389 434 2431 id
465 2389 688 2444 unigenitus
720 2396 779 2431 est
808 2389 922 2430 filius.
1501 2395 1509 2403 ·

219 2526 376 2569 Etenim
398 2527 529 2568 divina
549 2526 712 2568 scientia
733 2541 802 2582 pro
825 2540 893 2568 sua
915 2525 1158 2583 providentia
1178 2524 1382 2566 veritatem
1402 2537 1508 2564 suam
1531 2538 1641 2580 prae·
1671 2526 1747 2570 Cap.
1769 2528 1823 2559 vt.

107 2597 236 2638 dicare
259 2603 349 2637 ante
374 2596 520 2647 voluit,
554 2610 628 2650 quo
653 2595 802 2637 animas
829 2603 984 2637 nostras
1009 2595 1188 2636 cautione
1212 2608 1257 2634 ac
1284 2592 1494 2634 securitate
1520 2593 1642 2634 muni-

108 2672 182 2706 ret.
244 2663 424 2710 Noverat
452 2665 554 2706 enim
586 2671 624 2705 et
649 2662 940 2706 Samosatensis
961 2664 1207 2714 vecordiam,
1243 2669 1281 2702 et
1303 2661 1541 2702 Arianorum
1571 2662 1642 2703 im-

108 2734 209 2788 pium
236 2733 397 2788 dogma,
432 2740 470 2774 et
495 2733 787 2774 Anomoeorum
814 2733 1122 2789 improbitatem,
1156 2739 1194 2772 et
1218 2729 1538 2771 Manichaeorum
1562 2731 1639 2772 rui-

109 2815 219 2853 nam,
252 2809 291 2842 et.
323 2809 539 2843 ceterarum
570 2802 786 2843 haereseon
813 2802 1058 2843 calliditatem
1091 2814 1135 2840 ac
1164 2800 1360 2850 fraudem,
1403 2799 1640 2854 proindeque

110 2870 155 2910 de
194 2870 356 2925 singulis
391 2871 664 2925 propemodum
702 2870 862 2912 vocibus
900 2868 1098 2911 securitati
1138 2875 1295 2908 nostrae
1326 2867 1479 2909 divinus
1510 2882 1640 2909 sermo

111 2938 289 2979 consulit.
351 2937 506 2980 Patrem
543 2939 645 2980 enim
674 2940 911 2994 unigenitum
946 2952 1021 2978 non
1052 2937 1241 2992 appellat,
1285 2936 1505 2991 unigenitus
1537 2937 1637 2977 enim

154 3029 184 3063 5.
210 3027 243 3065 ἐν
267 3032 349 3063 abest
372 3040 393 3062 a
415 3031 481 3063 cod.
502 3031 631 3071 Rhediy.
