2066 3319
477 188 656 220 PANAssu
684 187 767 218 ΜΒ.
785 187 825 217 11.
850 186 958 218 ΤΟΜ.
979 187 1020 218 n.
1044 185 1174 216 mea.
1195 185 1317 215 LXVI.
1592 175 1665 213 541

235 266 403 308 Praeter
421 267 515 306 hacc
541 280 659 316 vero,
696 273 736 305 ut
764 266 858 305 duas
886 278 1073 319 personas
1100 265 1335 314 introducat,
1370 277 1413 302 ac
1438 277 1547 303 suum
1570 260 1854 336 ³¹¹¹¹²¹¹1x‘{}''s'<'11

123 343 347 376 naturarum
385 343 423 375 et
453 334 728 389 principiorum
766 333 917 386 origiue
957 333 1171 372 carentium
1206 347 1249 371 ac
1282 332 1451 371 radicum
1482 330 1672 371 binarium
1709 328 1727 335 ”
1796 332 1800 335 “
1861 330 1868 337 ’

123 403 308 454 affirmet,
349 403 526 456 idemque
560 402 597 441 in
631 401 747 441 rebus
781 401 874 455 ipsis
905 400 1110 440 divortium
1148 401 1380 448 constituat,
1425 399 1518 439 llaec
1552 400 1669 450 enim,

123 477 162 510 ut
185 478 299 510 antea
325 470 520 519 diximus,
556 483 742 523 separare
767 469 988 518 contendit,
1024 475 1062 507 ut
1085 468 1156 507 lioc
1179 468 1297 521 igitur
1320 467 1567 521 comprobet,
1604 467 1671 506 ol»-

121 537 240 578 iicere
274 537 363 578 illud
390 552 466 577 uon
490 545 664 577 veretur.
731 536 877 587 Vetus,
911 536 1059 590 inquit,
1093 542 1366 576 testamentum
1403 536 1452 574 ita
1485 536 1668 589 loquitur,

121 608 247 645 Meum
273 614 329 645 est
348 621 503 654 aarum,
539 621 654 644 meum
689 613 744 644 est
771 613 991 655 argentean.-
1037 618 1179 643 novum
1210 610 1369 652 contra,
1406 607 1515 641 Beati
1531 619 1670 655 paupe·
1692 617 1762 651 Agg.
1780 617 1842 650 ⁴49.

123 689 184 713 res
209 677 369 725 spiritu,
405 677 577 726 quoniam
606 677 768 725 ‘psoram
791 681 847 711 est
869 687 1025 723 regnum
1050 673 1250 710 coelorum.
1315 669 1402 710 Nec
1426 671 1515 710 illud
1550 672 1669 721 videt,
1687 667 1835 699 ‘'mm-5*
1853 669 1874 694 ³¹*

121 741 237 782 etiam
260 741 297 782 iu
320 749 455 782 vetere
480 742 569 782 illud
598 755 686 781 esse
711 742 850 781 dictum
867 772 875 787 ‚
920 743 1030 778 Dives
1060 747 1095 777 et
1117 754 1262 790 pauper
1291 748 1541 778 ocem-rerem!
1571 743 1665 778 ιἠυί-
1689 753 1834 785 ι’πογμη,
1850 755 1874 779 2.

123 825 226 858 cem,·
260 813 430 849 dominus
461 818 583 849 autem
615 810 741 848 ambos
765 810 877 861 feeit.
945 805 1018 847 Cui
1045 814 1081 846 et
1111 821 1253 847 novum
1279 814 1551 847 testamcutum
1580 808 1670 847 asti-

120 877 297 933 pulatur,
331 880 367 918 in
392 893 467 932 quo
493 891 767 931 nonuunquam
802 875 864 929 qui
892 875 1020 929 reipsa
1055 889 1243 929 pauperes
1271 882 1362 915 sunt
1390 875 1524 915 l'elices
1561 889 1672 930 prae—

122 945 325 997 dicantur,
359 947 455 986 alias
484 946 547 999 qui
581 945 719 1000 spiritu
747 956 936 998 pauperes
964 950 1075 992 sunt,
1122 958 1196 996 quo
1223 943 1401 983 nimirum
1430 944 1581 998 utrique
1615 945 1673 985 vis

121 1027 191 1054 sua
216 1021 430 1054 constaret.
495 1013 625 1067 Atque
651 1020 690 1053 ut
719 1011 857 1052 Petrus
883 1026 967 1051 cum
995 1011 1192 1051 sodalibus
1218 1012 1297 1051 suis
1323 1026 1455 1052 veram
1484 1013 1671 1053 bonorum

120 1081 289 1136 inopiam
322 1082 548 1136 praedicare
584 1080 787 1135 gloriando
820 1086 976 1132 posset,
1021 1082 1257 1130 Argentum,
1293 1079 1438 1133 inquit,
1473 1088 1509 1119 et
1538 1095 1671 1119 aarum
1693 1096 1753 1121 Aci.
1774 1096 1800 1125 3,
1820 1096 1835 1121 o·

122 1165 194 1189 uon
227 1158 285 1189 est
305 1152 414 1198 me'lu‘,
460 1152 560 1202 quod
582 1158 704 1188 autem
734 1150 849 1187 habeo
882 1150 951 1186 hoc·
977 1149 1048 1186 tc'be'
1064 1151 1131 1186 do:
1177 1151 1214 1187 ιἰι
1249 1151 1395 1187 nomine
1425 1151 1510 1187 lesa
1533 1151 1679 1188 Chresti

122 1232 252 1269 surge,
287 1226 324 1257 et
347 1219 510 1257 ambula.
560 1216 610 1259 Ut
633 1217 732 1272 quod
758 1223 920 1271 egentes
945 1230 989 1255 ac
1015 1230 1206 1270 pauperes
1234 1215 1335 1256 beati
1364 1230 1451 1257 esse
1475 1217 1670 1268 dicuutur,

124 1300 208 1327 cum
241 1299 288 1326 eo
317 1301 391 1326 non
418 1293 633 1341 repugnet,
680 1286 778 1339 quod
814 1284 948 1324 eadem
981 1284 1043 1324 illa
1073 1283 1209 1339 spiritu
1245 1284 1476 1340 pauperibus
1509 1285 1674 1327 beatitas

123 1354 330 1405 tribuitur,
365 1355 428 1409 qui
459 1368 543 1394 cum
570 1353 755 1394 nonnulla
786 1352 870 1393 iure
907 1352 1155 1406 possideant,
1199 1367 1391 1408 pauperes
1427 1354 1676 1395 nihilominus

122 1423 240 1463 animi
266 1422 533 1463 moderatione
560 1429 599 1461 et
622 1421 838 1461 humilitate
863 1421 1062 1473 dicuntur3
1096 1421 1142 1461 (le
1167 1421 1304 1475 quibus
1332 1422 1425 1462 haec
1449 1422 1673 1478 accipienda

1693 1487 1725 1514 M
1732 1492 1772 1514 ³111
1780 1486 1806 1514 Ιι.

1698 1523 1741 1556 ¹23,
1762 1523 1803 1550 35.

123 1500 235 1532 sunt:
280 1494 439 1530 Esm’e'vz'
454 1499 491 1530 et
509 1493 664 1529 dedistis
687 1492 781 1528 mihi
801 1492 1049 1528 manducare:
1082 1493 1206 1537 se'tz've',
1241 1498 1277 1528 et
1296 1497 1423 1541 potum
1456 1494 1551 1529 milei
1571 1494 1668 1530 dedi-

121 1562 204 1599 stis.
271 1558 374 1599 Tum
399 1559 487 1599 illud
513 1558 666 1607 adiicit,
702 1572 753 1597 ex
785 1557 842 1596 his
869 1572 967 1611 quac
998 1557 1070 1597 sibi
1101 1558 1359 1612 suppetebant
1393 1558 1480 1599 illos
1516 1560 1672 1600 secisse.

122 1626 269 1677 Vides,
306 1633 345 1667 ut
370 1628 407 1667 iu
434 1633 568 1667 vetere
593 1640 637 1666 ac
666 1640 767 1665 novo
795 1632 1030 1665 testamento
1056 1640 1153 1666 unus
1186 1626 1363 1680 idemque
1397 1627 1556 1681 spiritus
1585 1643 1676 1682 pau-

123 1709 254 1750 perem
286 1695 522 1749 divitemque
548 1693 748 1748 designet,
783 1700 897 1747 atque
922 1701 962 1734 ut
985 1693 1097 1733 ambo
1126 1708 1145 1733 a
1178 1694 1375 1735 salvatore
1402 1697 1675 1736 commenden-

122 1765 211 1804 tur?
272 1761 371 1805 Cum
397 1763 497 1803 enim
530 1763 566 1803 in
589 1762 910 1817 gazophylacium
936 1763 1179 1813 intenderet,
1213 1763 1489 1804 animadvertit
1511 1777 1579 1803 eos
1611 1764 1883 1818 quimrcum.

121 1832 258 1887 stipem
286 1832 322 1872 in
347 1831 671 1886 gazophylacium
692 1830 959 1880 immitterent,
996 1844 1066 1870 nec
1090 1830 1250 1870 divitum
1277 1845 1438 1872 munera
1464 1832 1674 1886 prohibuit,

121 1901 190 1941 sed
219 1907 257 1940 et
281 1900 433 1940 viduam
458 1899 561 1939 illam
587 1898 848 1948 collaudavit,
884 1912 980 1952 quae
1010 1899 1156 1939 minuta
1185 1899 1258 1939 duo
1288 1899 1457 1950 iecerat,
1494 1900 1541 1940 ob
1573 1899 1674 1940 illam

122 1982 235 2023 quam
259 1968 428 2008 diximus
454 1974 744 2022 paupertatem,
781 1973 818 2006 et
846 1973 885 2006 ut
913 1966 1141 2021 impleretur
1165 1968 1265 2022 quod
1288 1967 1473 2023 scriptum
1500 1976 1576 2020 est,
1610 1972 1677 2008 Dt-

122 2051 183 2076 ves
213 2044 250 2075 ee
281 2051 428 2089 pauper
451 2044 701 2075 occurrerunt
727 2038 900 2081 mm'eem,
936 2037 1107 2075 domums
1130 2044 1252 2075 autem
1284 2038 1410 2076 ambos
1431 2039 1538 2090 feeit.
1604 2038 1676 2077 At-

123 2118 196 2159 que
230 2111 272 2144 ut
297 2105 493 2159 intelligas
530 2104 694 2144 eundem
737 2117 826 2144 esse
859 2103 1006 2144 veteris
1037 2118 1082 2144 ac
1115 2105 1204 2144 novi
1233 2105 1456 2146 testamenti
1481 2105 1673 2160 spiritum,

122 2172 210 2214 vide
247 2172 334 2227 quid
370 2173 568 2228 apostolus
603 2173 649 2212 de
684 2171 884 2212 veteribus
922 2172 1120 2227 prophetis
1151 2173 1373 2228 scripserit:
1429 2176 1589 2225 Deficiet
1621 2181 1883 2213 membr-lh&-

125 2249 289 2293 tempuS,
328 2241 476 2295 iuquit,
511 2248 727 2279 narrantem
751 2243 796 2279 de
819 2243 986 2288 Gedeon,
1021 2244 1167 2289 Barac,
1202 2245 1382 2289 Samson,
1417 2245 1566 2294 Iephte,
1602 2244 1678 2281 Da-

122 2312 206 2357 vid,
250 2324 295 2348 ac
327 2313 462 2349 ceteris
482 2311 699 2361 prophetis,
735 2311 1053 2360 qm'ez‘mm'emmt
1079 2313 1116 2349 ile
1145 2313 1308 2358 melotis,
1353 2314 1391 2349 ἰιι
1421 2312 1584 2362 pellibus
1615 2326 1675 2350 ca-

117 2381 264 2430 prinis,
300 2380 454 2431 afflicti,
490 2380 720 2429 angustiati,
756 2380 902 2425 νεα-(ιη’,
938 2379 1072 2430 quibus
1105 2381 1244 2430 (leguas
1278 2394 1350 2418 non
1386 2387 1469 2418 erat
1501 2382 1672 2418 muudus.

124 2443 326 2500 Siquidem
357 2452 394 2485 et
429 2443 593 2494 lsaiam‚
629 2452 668 2485 et
698 2443 822 2485 Ellam
858 2445 1023 2486 cilicium
1049 2445 1223 2487 induisse
1249 2447 1428 2501 legimus.
1493 2448 1680 2488 Animad-

124 2514 244 2555 vertis
271 2514 437 2568 denique
466 2513 516 2553 uti
547 2521 622 2553 tam
664 2513 700 2552 in
728 2520 861 2553 vetere
897 2528 1010 2568 quam
1044 2514 1081 2554 in
1117 2529 1218 2555 novo
1255 2522 1488 2555 testamento
1519 2523 1557 2556 et
1588 2531 1679 2570 pau-

125 2595 240 2637 peres
272 2582 427 2637 pietatis
459 2596 503 2622 ac
535 2580 759 2635 religionis,
804 2589 841 2622 et
873 2582 1013 2623 divites
1052 2582 1222 2623 iustitiae
1262 2583 1417 2623 nominc
1457 2583 1559 2624 beati
1592 2598 1679 2626 esse

125 2650 315 2691 dicantur.

1738 2696 1816 2739 Cap.

240 2718 413 2759 Rursum
450 2732 544 2758 vero
574 2716 833 2758 Manichaeus
858 2718 1000 2770 instat,
1046 2725 1084 2759 et
1110 2718 1241 2759 obiicit
1268 2725 1379 2759 vetus
1405 2725 1677 2761 testamentum
1692 2741 1886 2775 [χχχιιι.

127 2822 298 2861 Petamus,
322 2831 454 2861 quorum
479 2822 526 2852 hic
551 2819 805 2857 animadvertit,
832 2823 882 2852 ille
929 2823 995 2852 beret
1021 2817 1170 2862 Ἰεφῧαὲ.

127 2865 211 2897 vidit
242 2868 460 2906 interpretatus
494 2870 545 2898 est.
604 2870 639 2897 At
674 2866 750 2896 nihil
782 2867 882 2898 obstat
972 2871 1003 2897 ἔτ’.
1030 2865 1272 2908 κακοχούμενοι
1291 2868 1357 2898 cod.
1376 2876 1432 2899 ms.
1446 2871 1570 2909 uterque
1592 2872 1618 2900 et
1635 2870 1681 2901 ed.

127 2913 290 2950 quominus
311 2914 499 2943 retineamus
523 2912 754 2951 imperativum.
926 2912 1024 2951 princ.

172 2955 203 2987 fi·
231 2953 387 2998 δόγματα
411 2958 478 2988 cod.
500 2958 629 2995 Rhedae‘q.
973 2957 1003 2988 ἱ).
1031 2955 1088 2989 καὶ
1112 2958 1308 2990 desideratur
1332 2960 1363 2991 in
1383 2959 1430 2990 ed.
1441 2960 1549 2992 Petav.
1577 2961 1679 2991 (solon.

175 3000 204 3033 Τ.
233 3002 279 3032 lta
310 3005 434 3042 uterque
466 3003 556 3034 codd.
589 3012 660 3033 mss.
710 3002 794 3034 Educ·
826 3003 882 3033 ha-
927 3005 1019 3041 repet.
