2066 3319
437 197 618 230 PANARn
642 197 724 229 ΜΒ.
744 198 784 230 n.
808 198 914 230 TOM.
937 198 976 230 n.
1004 197 1133 229 HAER.
1156 197 1311 229 vanr.
1563 188 1642 227 573

91 279 137 320 lis
161 277 464 327 constituamus,
508 284 550 317 ut
577 276 622 316 ad
659 276 864 318 ecclesiam
891 277 1112 327 assideant,
1161 290 1286 331 neque
1319 283 1383 316 aut
1416 276 1542 330 ipsos,
1579 282 1643 315 aut

93 346 259 387 clericos
287 359 518 386 aversemur
546 345 624 397 (his
649 345 750 385 enim
778 345 907 385 verbis
933 360 1043 385 usum
1070 358 1158 385 esse
1187 345 1379 384 constanti
1416 346 1517 384 sama
1549 342 1644 383 didi-

93 414 257 466 cimus),
301 427 349 454 ne
372 420 409 453 et
433 413 580 467 pudore
605 419 644 453 et
672 413 855 452 dilatione
882 413 942 453 illa
969 413 1178 467 temporis,
1214 412 1277 466 qui
1303 412 1423 452 semel
1452 425 1541 466 prae
1574 411 1642 451 im-

91 481 302 522 becillitate
331 488 368 521 et
396 481 553 534 ignavia
582 494 602 520 a
632 480 784 520 diabolo
820 482 1002 521 concussi
1033 495 1076 520 ac
1109 480 1329 520 labefactati
1367 487 1457 520 sunt
1492 479 1644 534 penitus

91 549 325 599 desciscant,
351 563 423 589 nec
448 549 659 589 remedium
689 549 804 589 ullum
831 549 1061 598 adliibeant3
1094 548 1414 601 quemadmodum
1442 561 1579 587 sacrae
1604 547 1646 587 li-

92 625 200 658 terae
229 616 493 672 praecipiunt,
528 620 613 656 Non
635 619 1011 669 perverticlaudum,
1046 619 1114 655 scd
1132 619 1268 654 sanari
1289 619 1430 667 potius.
1496 614 1644 668 Quam-

92 684 224 726 obrem
254 683 362 725 Pctri
393 684 544 738 quidem
583 685 707 725 oratio
740 685 786 724 ad
824 684 1068 724 clementiam
1104 683 1458 737 humanitatemque
1492 690 1644 738 specta—

93 753 179 803 bat,
213 751 366 793 Meletii
393 767 488 793 vero
521 767 565 793 ac
591 754 781 793 santorum
808 753 891 792 eius
916 751 1093 793 veritatis
1123 766 1168 792 ac
1196 752 1314 791 divini
1341 750 1494 791 ardoris
1519 759 1647 805 patro-

91 820 234 861 cinium
265 828 510 876 susceperat.
576 818 673 862 Cum
711 834 806 875 ergo
841 835 862 861 a
886 834 928 860 se
964 820 1130 860 invicem
1158 820 1314 860 diversa
1340 819 1554 869 sentirent,
1593 832 1642 859 ex

91 902 338 943 eorumquae
359 889 551 943 utrimque
576 888 637 943 pie
665 903 708 928 ac
729 888 914 942 religiose
938 888 1238 943 proferebantur
1263 887 1471 928 occasione
1497 894 1533 927 et
1558 901 1645 942 spc-

90 956 149 997 cie
178 956 345 997 schisma
372 957 578 997 conflatum
603 963 676 997 est.
745 955 899 997 Etenim
929 954 1070 996 Petrus
1095 955 1411 1010 archiepiscopus
1448 970 1533 995 cum
1563 956 1645 995 ani-

90 1025 355 1066 madverteret
380 1024 583 1064 consilium
614 1038 725 1065 suum
756 1023 1007 1065 humanitatis
1033 1023 1298 1079 plenissimum
1324 1021 1550 1063 Melctianis
1576 1023 1645 1062 mi-

91 1092 192 1133 nime
213 1092 422 1148 placuisse,
457 1092 556 1145 quod
580 1091 805 1133 ardentiore
826 1091 945 1133 divini
973 1092 1134 1132 honoris
1158 1091 1286 1132 studio
1311 1090 1538 1145 flagrarent,
1563 1104 1644 1130 me-

91 1160 152 1201 dio
181 1160 217 1201 in
246 1173 405 1201 carcere
427 1160 606 1214 pallium,
641 1161 741 1214 quod
765 1160 945 1201 lodicium
973 1160 1134 1210 dicitur,
1167 1158 1245 1200 veli
1270 1159 1394 1199 instar
1420 1159 1644 1214 oppandens

91 1228 321 1283 proclamari
346 1243 366 1269 a
392 1227 556 1268 diacono
586 1228 723 1268 iussitz
771 1226 847 1282 Qui
879 1243 1028 1269 mecum
1055 1227 1252 1278 sentiunt,
1300 1228 1371 1268 huc
1407 1228 1453 1267 ad
1490 1241 1550 1267 me
1577 1240 1643 1267 ve-

90 1296 224 1348 niant,
269 1296 332 1351 qui
365 1294 517 1337 Meletii
555 1297 727 1353 opinioni
764 1298 919 1348 favent,
962 1298 1009 1338 ad
1038 1295 1259 1337 Meletium.
1324 1295 1437 1350 Quod
1477 1310 1562 1336 cum
1596 1295 1646 1335 ita

92 1366 232 1406 factum
261 1373 391 1417 esset,
435 1366 560 1407 diviso
585 1366 622 1406 in
650 1372 780 1420 partes
805 1365 944 1420 populo
968 1365 1263 1420 episcoporum,
1297 1363 1577 1404 monachorum
1609 1370 1646 1403 et

90 1433 409 1489 presbyterorum
443 1449 487 1474 ac
513 1434 749 1487 reliquorum
775 1433 951 1474 ordinum
980 1433 1103 1473 maior
1128 1447 1311 1473 numerus
1337 1446 1426 1473 sese
1449 1432 1495 1472 ad
1518 1430 1645 1471 Mele-

90 1501 183 1542 tium
209 1502 411 1553 adiunxit,
457 1502 567 1557 pauci
599 1502 750 1555 quidem
779 1502 1049 1557 episcoporum
1085 1509 1123 1542 et
1143 1501 1307 1541 aliorum
1335 1499 1495 1541 Petrum
1520 1499 1645 1540 archi-

91 1569 315 1625 episcopum
348 1570 473 1611 secuti
508 1577 613 1611 sunt.
678 1569 768 1624 Quo
801 1584 853 1611 ex
888 1577 1062 1625 tempore
1090 1583 1226 1625 preces
1252 1584 1296 1610 ac
1320 1568 1511 1610 sacrificia
1539 1575 1643 1609 cete-

90 1651 232 1694 rasque
265 1652 400 1679 omnes
433 1638 678 1679 ceremonias
711 1638 882 1693 separati
914 1653 935 1679 a
965 1652 1007 1679 se
1038 1638 1204 1679 invicem
1238 1637 1434 1678 obierunt.

203 1773 299 1816 Post
337 1775 432 1816 haec
466 1773 609 1815 Petrus
643 1775 832 1830 martyrio
861 1776 1023 1816 effectus
1055 1782 1116 1816 est
1147 1774 1379 1815 Alexandro
1411 1786 1644 1814 successore

91 1842 252 1893 reli0103
297 1843 358 1883 hic
399 1843 499 1884 enim
530 1850 616 1897 post
648 1841 808 1884 Petrum
836 1843 1131 1885 Alexandrinae
1169 1842 1360 1884 ecclesiae
1400 1842 1646 1897 praepositus

91 1918 166 1952 est.
228 1909 419 1952 Meletius
455 1925 550 1951 vero
585 1925 670 1951 cum
708 1910 794 1952 aliis
824 1911 1019 1966 plerisque
1051 1912 1273 1966 relegatus,
1314 1911 1425 1951 etad
1452 1910 1646 1952 Phanesia

90 1979 246 2020 metalla
271 1979 476 2020 damnatus
506 1985 581 2019 est.
637 1977 734 2019 Post
758 1979 846 2020 illud
876 1987 1027 2035 tempus
1049 1978 1235 2021 Meletius
1256 1994 1342 2020 cum
1364 1980 1544 2021 omnibus
1571 1980 1645 2021 illis

91 2048 406 2098 confessoribus,
442 2047 505 2101 qui
531 2046 641 2087 tracti
666 2046 892 2102 abreptique
918 2062 1002 2088 cum
1027 2062 1074 2089 eo
1103 2049 1270 2098 fueraut,
1305 2055 1382 2088 tam
1408 2048 1445 2088 in
1467 2062 1642 2098 carcere,

91 2129 202 2170 quam
227 2116 265 2156 in
298 2115 437 2156 itinere
468 2129 513 2155 ac
537 2129 818 2169 quamcumque
844 2116 1043 2170 regionem
1073 2117 1277 2170 locumque
1304 2123 1557 2172 peragraret,
1592 2116 1643 2156 ibi

91 2183 280 2235 clericos,
315 2184 543 2239 episcopos,
590 2183 843 2238 presbyteros
871 2191 907 2224 et
944 2184 1128 2226 diaconos
1164 2185 1353 2235 instituit,
1399 2199 1442 2225 ae
1471 2184 1642 2240 privatas

91 2251 282 2293 ecclesias
313 2252 511 2302 fundavit,
558 2266 643 2291 cum
671 2250 825 2292 interim
859 2266 930 2293 nec
964 2253 999 2294 hi
1030 2267 1114 2294 cum
1149 2252 1249 2304 illis,
1295 2267 1367 2293 nec
1392 2253 1444 2292 illi
1468 2267 1552 2292 cum
1585 2252 1644 2292 his

91 2333 297 2360 commune
327 2319 469 2373 aliquid
494 2319 699 2360 haberent.
763 2318 890 2360 Porro
917 2335 1026 2361 suam
1059 2321 1220 2376 quisque
1248 2320 1452 2362 ecelesiam
1477 2319 1644 2361 diversis

90 2388 312 2429 nominibus
337 2386 594 2428 inscribebat.
655 2386 759 2427 Nam
783 2386 892 2428 Petri
915 2403 1186 2441 successores,
1221 2403 1340 2444 penes
1364 2403 1460 2443 quos
1487 2396 1643 2429 veteres

91 2463 204 2497 erant
229 2455 445 2505 ecclesiae,
491 2454 706 2496 catholicae
733 2456 924 2497 ecelesiae
958 2457 1108 2498 titulum
1143 2457 1406 2511 usurpabant,
1440 2455 1644 2498 Meletiani

91 2524 297 2566 ecclesiam
324 2530 553 2579 martyrum.
604 2521 730 2577 Igitur
752 2522 1102 2581 Eleutheropolim,
1138 2524 1289 2566 Gazam
1313 2532 1349 2565 et
1375 2524 1530 2565 Aeliam
1554 2540 1643 2580 pro-

90 2593 215 2634 fectus
239 2591 426 2633 Meletius
454 2591 661 2646 plerosque
687 2591 732 2632 ad
766 2606 854 2633 eum
877 2594 1031 2634 modum
1066 2593 1276 2635 ordinavit.
1338 2592 1571 2647 Acciditque
1603 2599 1644 2633 ut

90 2661 137 2702 ad
161 2661 315 2702 metalla
346 2659 489 2701 diutius
513 2659 768 2700 detineretur.
832 2660 912 2702 Sed
938 2661 984 2702 ab
1011 2661 1057 2702 iis
1084 2662 1239 2702 tandem
1262 2662 1513 2702 confessores
1548 2660 1643 2702 libe-

90 2729 166 2770 rati
201 2737 315 2780 sunt,
358 2736 432 2769 tam
468 2728 531 2782 qui
564 2726 683 2768 Petro
719 2728 902 2770 favebant
939 2730 1082 2784 (adhuc
1118 2729 1220 2770 enim
1258 2729 1477 2784 complures
1513 2730 1642 2781 erant)

91 2811 204 2852 quam
227 2796 450 2838 Meletiani.
514 2795 592 2849 Qui
616 2795 768 2850 quidem
801 2797 838 2836 in
863 2797 1027 2838 metallis
1052 2812 1073 2837 a
1106 2804 1238 2837 mutua
1271 2798 1544 2838 communione
1575 2797 1642 2838 ab-

90 2886 160 2908 nem
183 2880 252 2908 ante
272 2874 446 2920 αἰσχύνην,
472 2877 633 2915 repetitam
653 2877 792 2908 videlicet
811 2886 848 2908 ex
894 2879 941 2908 tis.
989 2878 1151 2916 Supplevit
1174 2886 1242 2908 eam
1259 2879 1418 2917 petavius,
1441 2881 1468 2909 et
1490 2879 1547 2910 Ios.
1563 2880 1641 2910 Sca-

91 2922 179 2952 initio
198 2923 342 2953 vocabuli
361 2922 444 2961 quod
465 2923 612 2961 sequitur,
638 2922 728 2961 idque
743 2924 845 2961 ipsum
892 2923 977 2962 Iiyer.

90 2967 279 2998 mutandum
303 2968 333 2998 in
358 2963 514 3009 αἰσχύνῃ.
934 2967 966 2999 3.
992 2964 1081 3001 ὁδὸν.
1103 2965 1281 3009 διοιπορίαν
1306 2968 1374 3001 cod.
1391 2968 1524 3010 Rhediq.
1559 2965 1639 3012 ὁδὸἸ

135 3010 168 3043 2.
197 3009 252 3045 διὰ
277 3013 361 3044 abest
387 3021 407 3043 a
430 3012 516 3043 libris
538 3014 564 3043 et
583 3013 708 3052 scriptis
730 3015 757 3044 et
777 3013 843 3045 edi·
890 3011 1057 3055 δοιπορίαν
1079 3014 1148 3045 cod.
1175 3015 1289 3047 lenens.
