2030 3324
458 201 657 237 ‚PANARn
683 201 768 232 Lm.
790 202 830 232 n.
849 201 959 233 ΤοΜ.
977 202 1018 233 n.
1045 201 1175 233 nana.
1195 200 1322 232 inx.
1586 190 1666 231 653

114 281 240 336 aliqua
263 281 461 336 praeditus
489 280 631 320 nudum
657 279 848 320 hominem
874 294 961 321 csse
988 280 1182 320 dominum
1210 279 1433 329 existimet,
1468 278 1541 318 nisi
1568 279 1667 317 forte

115 349 342 404 superiores
373 347 461 388 illae
489 347 700 398 haereses,
736 362 830 402 quas
864 356 977 388 antea
1010 347 1306 402 proposuimus,
1353 345 1530 386 Corinthi
1560 345 1667 386 vide-

114 417 227 466 licet,
262 414 449 456 Merinthi
475 423 513 455 et
541 414 720 455 Ebionis.
785 414 971 455 Ceterum
1002 423 1272 470 praeterquam
1301 415 1399 468 quod
1430 415 1489 453 vir
1521 421 1579 453 est
1613 413 1668 453 id-

115 497 189 538 que
215 484 394 523 consnlto
419 483 464 522 ad
491 482 740 523 securitatem
765 484 1005 532 ostenditur,
1051 498 1125 523 una
1150 483 1265 522 etiam
1292 489 1330 521 ct
1354 482 1548 521 dominnm
1576 495 1662 521 esse

117 566 192 592 non
224 551 400 592 dubitant
439 551 500 605 qui
538 565 631 590 vere.
669 552 800 590 fideles
834 558 939 590 sunt.
1005 549 1118 602 Quod
1158 551 1281 604 ipsum
1322 548 1482 589 loannis
1514 563 1666 602 quoque

115 619 343 660 testimonio
371 626 539 658 constat.
605 622 712 669 Quod
730 622 953 665 (ucdt't’itltels,
991 619 1128 671 inquit,
1163 619 1209 656 ab
1229 620 1349 655 e'm'te'o.
1416 615 1464 657 Ut
1490 631 1575 656 euin
1601 618 1665 656 de·
1689 625 1820 687 1-110311111.

115 687 240 728 claret
269 687 333 741 qni
358 687 405 726 ab
439 687 548 726 initio
573 686 726 736 extitit,
763 686 822 725 dei
855 685 1016 725 verbum
1043 685 1191 725 scilicet
1218 685 1317 738 quod
1346 684 1468 724 videri
1498 700 1573 724 non
1605 699 1671 739 po·
1724 681 1730 694 ’
1769 681 1774 687 ’

114 762 212 805 test,
248 756 425 809 quodque
449 755 572 795 sacris
599 755 635 794 in
666 754 789 794 literis
831 760 868 793 et
893 753 1089 807 prophetis
1116 753 1328 792 nuntiatum
1355 752 1597 803 audivimus,
1634 760 1671 792 et

116 822 156 864 in
183 823 294 863 coelo
321 823 525 863 sublimem
549 823 594 862 ad
623 822 784 876 gloriam
808 827 1050 875 provectum.
1102 820 1236 873 Quare
1260 821 1311 860 ita
1336 821 1527 874 loquitur:
1565 824 1672 872 Quod

115 894 222 931 2'ne'tz‘o
251 895 482 939 audit-lmus,
519 899 554 930 et
585 892 704 929 oculis
737 892 906 928 vidimus.
974 887 1024 930 Ut
1050 903 1134 928 cum
1163 888 1319 928 audisse
1346 902 1388 928 se
1413 888 1519 939 dicit,
1555 889 1666 928 deum

115 959 162 999 ab
186 959 296 999 initio
322 960 441 1000 fuisse
469 961 658 1007 l'atcatur,
695 971 779 997 cum
805 965 932 997 autem
961 956 1107 997 vidisse
1131 963 1287 1006 narrat,
1324 956 1518 996 hominem
1548 956 1668 1009 signi-

115 1026 225 1077 ficet,
259 1029 305 1067 de
332 1042 407 1081 quo
433 1025 601 1066 loannes
629 1024 810 1080 Baptista
837 1025 1092 1079 loquebatur,
1128 1039 1212 1064 cum
1238 1024 1410 1074 diceret,
1448 1027 1557 1062 l'em't
1582 1032 1670 1076 post

96 1109 169 1141 ,me
199 1099 270 1134 vir.
336 1093 431 1135 lllud
459 1108 576 1144 vero,
621 1097 671 1132 Ec
701 1107 832 1132 omnus
863 1101 1016 1131 nostrae
1046 1100 1399 1139 contrectaverunt,
1437 1105 1523 1131 eum
1558 1106 1669 1131 usum

115 1162 252 1213 habet,
296 1170 337 1202 ut
370 1176 455 1202 cum
479 1162 524 1202 ab
548 1161 659 1202 initio
688 1162 783 1202 deus
809 1161 948 1211 fuerit,
991 1160 1156 1201 eundem
1193 1160 1309 1200 etiam
1342 1159 1669 1214 conspectabilem

115 1230 309 1271 hominem
340 1244 392 1270 ex
417 1228 546 1274 Maria
581 1230 753 1283 genitum
792 1230 909 1269 fuisse
945 1229 1210 1278 demonstret,
1256 1227 1421 1281 indeque
1454 1241 1474 1267 a
1507 1228 1670 1267 mortuis

113 1299 340 1340 surrexisse
368 1299 581 1353 perfectum
600 1330 609 1347 ,
655 1299 752 1338 adeo
780 1305 819 1338 ut
855 1305 1031 1338 sanctum
1062 1297 1152 1336 illud
1179 1310 1275 1346 vas,
1317 1297 1416 1350 qnod
1444 1304 1665 1351 acceperat,

116 1367 188 1407 hoc
215 1374 275 1407 est
307 1368 520 1421 perfectam
554 1365 720 1406 hominis
749 1373 951 1415 naturam,
1001 1379 1076 1405 non
1105 1363 1319 1415 abiecerit,
1354 1364 1421 1404 sed
1449 1379 1534 1404 cnm
1566 1365 1668 1404 illius

114 1435 214 1476 latus
239 1435 517 1489 clavorumque
543 1434 748 1474 cicatrices
773 1448 816 1474 ac
843 1434 1011 1487 vestigia
1037 1439 1345 1482 contrectasset,
1388 1433 1460 1472 tria
1490 1433 1553 1472 illa
1585 1433 1670 1473 sine

116 1503 192 1544 ulla
229 1503 488 1543 haesitatione
521 1503 728 1543 consessus
755 1511 830 1542 est.
894 1500 962 1542 Sic
992 1502 1110 1555 igitur
1144 1501 1244 1554 quod
1276 1515 1296 1540 a
1320 1498 1468 1541 loanne
1494 1499 1669 1555 Baptista

116 1571 280 1621 dicitur,
314 1574 387 1611 Hic
416 1579 474 1610 est
502 1586 607 1623 quem
638 1573 724 1610 de'oei
752 1571 873 1618 vobis,
909 1572 1081 1622 quoniam
1116 1572 1216 1608 venit
1238 1577 1326 1621 post
1348 1584 1403 1608 me
1425 1572 1503 1616 vir,
1540 1569 1668 1609 incar-

117 1639 313 1679 nationem
350 1640 538 1680 declarat.
602 1638 712 1679 Haec
744 1647 897 1689 autem,
943 1641 1055 1678 Prior
1084 1652 1140 1676 me
1170 1646 1276 1685 erat5
1319 1637 1403 1677 eins
1430 1637 1669 1677 divinitatem

116 1707 365 1762 significant3
412 1711 584 1760 quoniam
616 1715 703 1746 (mle
734 1722 789 1746 me
822 1708 946 1747 factus
973 1714 1048 1746 est.
1115 1704 1293 1761 Quippe,
1335 1712 1375 1745 ut
1399 1705 1436 1745 in
1463 1705 1668 1759 evangelio

116 1776 303 1831 scriptum
337 1783 419 1826 est,
463 1780 501 1816 in
533 1779 668 1815 mundo
699 1784 804 1823 erat,
850 1783 887 1815 et
916 1777 1074 1814 mundus
1106 1788 1179 1826 per
1208 1777 1326 1826 ipsum
1355 1775 1482 1824 sactus
1512 1782 1589 1821 esc,
1635 1781 1672 1812 et

116 1847 278 1884 mundus
308 1859 388 1884 eum
421 1859 494 1884 non
525 1848 713 1896 cognovit.

233 1912 347 1966 Quod
369 1913 400 1953 si
423 1913 564 1954 mundo
588 1920 688 1962 erat,
724 1919 931 1967 antequam
959 1918 1190 1952 nasceretur
1214 1917 1281 1951 aut
1303 1910 1534 1965 gigneretur
1560 1907 1671 1950 loan-
1691 1913 1877 1957 Cap-XLI.

117 1994 211 2031 nes,
246 1988 337 2021 ante
363 1981 466 2022 illum
495 1981 534 2021 in
560 1982 702 2022 mundo
730 1981 883 2031 extitit,
928 1979 1029 2034 quod
1055 1979 1101 2020 de
1136 1978 1336 2019 creatione
1373 1986 1439 2019 aut
1463 1978 1672 2019 effectione

116 2049 280 2103 intelligi
307 2064 382 2090 non
408 2049 547 2100 debet,
592 2049 660 2090 sed
684 2050 730 2090 ad
758 2062 1002 2089 communem
1029 2047 1210 2102 loquendi
1237 2047 1428 2088 rationem
1455 2061 1674 2087 accommo-

117 2117 246 2157 datum
274 2125 349 2167 est,
385 2132 458 2172 qua
483 2118 599 2171 vulgo
627 2118 682 2159 sic
708 2118 919 2172 loquuntur
952 2116 1153 2166 homiues,
1189 2114 1260 2155 Fui
1286 2114 1564 2170 ierosolymis,
1598 2113 1673 2155 Fui

116 2183 338 2240 Babylone,
356 2184 431 2226 Fui
463 2186 499 2225 in
530 2186 754 2241 Aethiopia,
780 2184 850 2225 Fui
875 2185 1172 2236 Alexandriae3
1207 2184 1270 2224 ubi
1298 2198 1374 2224 non
1405 2183 1551 2223 creatio
1577 2183 1669 2231 ulla,

118 2254 180 2294 vel
205 2254 422 2308 productio,
457 2254 523 2294 sed
548 2254 725 2295 accessio
749 2262 787 2294 et
809 2254 999 2294 adventus
1026 2253 1275 2308 exprimitur.
1325 2251 1426 2292 Nam
1449 2251 1567 2301 istud,
1598 2249 1672 2290 Fui

119 2319 348 2377 Babylone,
383 2322 446 2362 vel
471 2321 508 2361 in
535 2322 610 2362 alio
637 2323 747 2373 loco,
791 2323 891 2362 idem
923 2322 1029 2362 valet
1054 2329 1168 2376 atque
1203 2320 1262 2362 Eo
1285 2320 1462 2376 perveni.
1526 2317 1673 2372 Quam-

120 2390 253 2430 obrem
280 2398 317 2430 et
341 2391 448 2439 illud,
483 2395 587 2430 Ante
610 2406 665 2430 me
685 2393 815 2444 sactus
842 2398 910 2438 εει,
946 2390 1033 2430 ideo
1058 2391 1199 2430 dictum
1222 2396 1298 2440 est,
1331 2396 1373 2429 ut
1396 2388 1503 2428 verbi
1525 2389 1571 2427 ad
1597 2395 1674 2427 ter-

120 2472 201 2499 ram
227 2459 494 2499 accessionem
529 2459 786 2500 demonstret.
852 2457 947 2498 ltem
978 2458 1093 2509 illud,
1139 2462 1250 2497 Prior
1281 2472 1336 2496 me
1357 2465 1459 2503 erat,
1495 2456 1675 2496 divinita-

121 2534 222 2577 tem,
259 2541 357 2581 qnae
381 2541 537 2581 semper
566 2527 724 2578 existit,
759 2527 953 2577 ostendit3
988 2527 1084 2567 haec.
1108 2541 1225 2574 vero,
1264 2528 1339 2577 Qui
1360 2532 1450 2577 post
1477 2539 1532 2563 nze
1559 2528 1670 2572 venit,

120 2602 208 2650 post
236 2594 424 2635 Ioannem
452 2610 540 2635 esse
566 2596 754 2648 genitum.
819 2594 1058 2650 Propterea,
1092 2598 1177 2646 Ego
1207 2610 1292 2643 zvar,
1328 2592 1473 2647 inquit,
1509 2595 1674 2632 claman-
1694 2599 1879 2634 &lauth-23.

122 2667 169 2703 tis
200 2667 238 2703 in
260 2667 429 2712 deser-lo,
467 2664 538 2704 hoc
563 2671 623 2704 est
647 2678 727 2704 vox
749 2664 793 2704 ad
819 2664 1109 2718 praeparandas
1133 2662 1328 2702 hominum
1363 2675 1480 2701 aures
1511 2661 1671 2702 emissa.

122 2730 200 2786 Qui
227 2732 328 2772 enim
356 2733 547 2783 clamant,
583 2739 622 2772 ut
645 2732 797 2772 eminus
822 2745 890 2772 eos
917 2739 1085 2772 evocent
1110 2730 1247 2785 quibus
1272 2730 1499 2783 significare
1529 2729 1670 2784 aliquid

123 2801 306 2855 cupiunt,
341 2814 525 2841 sonoram
553 2801 740 2855 quandam
765 2799 876 2840 initio
900 2813 1053 2849 vocem,
1088 2812 1158 2839 nec
1184 2798 1425 2838 articulatam
1453 2798 1672 2852 proferunt,

123 2882 287 2923 cumque
316 2870 367 2910 illi
404 2870 485 2910 sola
521 2869 707 2910 exaudita
734 2882 831 2909 voce
858 2868 905 2908 ad
939 2868 1171 2908 audiendum
1205 2873 1374 2907 mentem
1409 2866 1670 2918 adhibuerint,

167 2970 198 3003 2.
223 2966 408 3016 Ἀντιοχείᾳ
433 2974 609 3012 suspicatus
630 2975 671 3003 ese
693 2972 850 3003 Petavius.
968 2968 999 3001 4.
1025 2965 1136 3003 αὐτῶν
1160 2970 1248 3001 codd.
1282 2979 1355 3002 mss.
1388 2972 1522 3010 uterque.
1571 2965 1673 3002 αὐτοῦ

169 3016 201 3049 3.
224 3014 281 3050 τὸν
304 3019 394 3049 codd.
420 3027 491 3050 mss.
516 3021 542 3049 et
567 3019 614 3049 ed.
637 3019 737 3057 princ.
921 3017 1005 3047 editi.
