2030 3324
501 222 683 254 PANAnn
708 222 791 254 Lm.
817 224 855 254 n.
880 223 988 255 Tou.
1008 224 1046 255 ιι.
1074 223 1203 256 man.
1224 223 1352 254 inx.
1625 214 1705 251 ‘517

157 321 180 345 a
206 312 318 358 patre
348 318 440 343 meo.
515 301 577 342 Ad
612 301 709 342 llaec
744 303 943 357 apostolus
982 303 1139 354 scribit,
1186 306 1285 342 Deus
1316 306 1513 342 suscitari!
1548 305 1652 341 illum
1683 316 1912 351 anom.1o,n.

158 376 330 419 mortuis,
370 379 550 425 tanquam
578 371 793 410 suscitante
819 371 948 424 aliquo
975 385 1069 425 opus
1097 372 1226 411 l'uerit.
1282 369 1506 424 Quinetiam
1531 374 1708 423 apparuit
1727 384 1911 419 [ιη-,αλιι

158 444 221 481 ille·
245 442 405 492 angelus
436 442 579 478 domim*
606 442 825 492 mmfiwlates
856 443 999 490 tymme:
1035 454 1117 477 uam
1150 443 1187 478 e'u
1219 442 1356 489 agonia
1388 443 1614 477 eamste'mms
1643 454 1707 477 su-

158 512 285 555 davit,
321 516 357 547 el
385 510 502 546 sudor
532 511 611 546 eius
644 510 742 546 relul
768 511 903 557 grum!
926 510 1123 557 suugea'm's
1153 509 1310 549 fleet'tle'l.
1360 513 1398 546 ut
1424 505 1555 546 Lucae
1589 520 1706 546 evan-

157 577 262 631 gelio
292 576 482 631 proditum
511 583 593 625 est,
631 590 714 616 cum
741 577 776 615 in
800 589 960 615 secessu
988 575 1099 628 paulo
1122 582 1327 628 antequam
1355 573 1508 615 ludaeis
1533 574 1706 614 tradere-

159 652 220 686 tur
252 650 399 684 oraret.
466 642 544 684 Sed
581 652 615 684 et
648 645 683 683 in
709 657 823 684 criu-e
851 642 1017 692 dicebat,
1051 642 1248 696 inquiunt,
1295 646 1377 684 Eli.
1413 646 1481 689 eli,
1518 645 1614 680 laum
1645 652 1911 680 sti-Marc.15.ai.

159 715 358 760 bactleanl,
395 711 465 751 lior,
495 719 551 751 est
575 713 669 752 dens
694 726 825 760 meus,
861 710 955 750 deus
980 724 1111 761 metm,
1158 718 1193 750 ut
1228 711 1315 764 quid
1351 725 1410 750 me
1441 710 1709 764 dereliquisti?

160 780 306 831 Vides,
341 780 472 830 aiunt,
507 780 828 834 quemadmodum
858 778 1019 818 alterius
1049 792 1159 833 opem
1184 780 1407 819 desideret?
1470 777 1583 831 Quod
1614 792 1709 818 vero

159 850 206 890 ad
246 849 309 889 illa
334 848 452 889 verba
484 849 677 902 pertinet,
724 851 805 897 Ego
832 851 869 886 ιή
898 855 1008 898 μαΙνψ
1042 855 1077 885 el
1103 857 1214 899 paler
1246 852 1282 886 t'n
1309 863 1364 886 me
1397 855 1472 894 cxl,
1518 847 1914 900 itemque,lounu.1⁴‚1o.

157 921 239 957 Duo
265 932 376 956 unum
401 931 549 963 mmmm,
587 924 627 954 a!
650 924 685 954 el
709 919 785 966 ipsi
805 930 916 953 umme
944 919 1040 961 siut,
1078 916 1150 965 ita,
1184 916 1377 969 inquiunt,
1415 930 1528 955 unum
1549 929 1590 955 so
1615 924 1916 958 essetoann.1⁷,2³.

159 986 276 1036 dicit,
312 992 352 1025 ut
377 999 453 1025 non
482 985 526 1024 ad
554 992 754 1031 naturam,
789 983 855 1022 sed
884 983 927 1023 ad
959 983 1199 1024 voluntatum
1227 984 1475 1024 concordiam
1505 984 1556 1023 sit
1582 983 1709 1022 unitas

156 1054 219 1095 illa
246 1054 469 1094 referenda.
532 1050 673 1105 Neque
701 1051 771 1091 lioc
797 1065 934 1091 errore
970 1053 1142 1092 contenti
1171 1059 1317 1106 negant
1351 1052 1512 1106 insuper
1543 1051 1709 1091 humana

157 1122 262 1162 illum
299 1121 425 1161 anima
463 1120 676 1175 praeditum
707 1119 840 1160 luisse.
906 1118 1020 1172 Quod
1053 1128 1161 1160 certo
1188 1120 1353 1160 oonsilio
1380 1119 1429 1160 ita
1461 1126 1712 1174 praestruunt

157 1197 198 1231 ut
230 1203 362 1230 veram
399 1203 449 1229 ex
478 1187 606 1229 Maria
640 1187 792 1241 virgine
831 1201 987 1228 carnem
1023 1189 1251 1242 reliquaque
1289 1202 1385 1242 qnae
1422 1195 1512 1228 sunt
1544 1186 1711 1227 hominis

158 1258 312 1313 propria
347 1258 449 1298 illum
477 1256 677 1312 accepisse
707 1258 926 1307 l'ateantur,
961 1257 991 1296 si
1023 1271 1134 1297 unam
1160 1257 1326 1297 animam
1353 1257 1553 1311 excipia53
1600 1255 1712 1296 nimi-

158 1341 240 1368 rum
269 1333 307 1366 ut
332 1341 417 1366 cum
452 1328 614 1374 samem,
651 1330 714 1364 aut
738 1324 866 1374 sitim,
902 1332 965 1365 aut
993 1325 1170 1377 labores,
1206 1326 1369 1375 itinera,
1404 1325 1612 1374 sudorem,
1647 1338 1711 1364 so-

159 1410 315 1445 mnum,
352 1393 658 1448 indignationem
686 1392 881 1441 audieris,
928 1408 972 1432 ac
996 1393 1144 1433 dixeris
1171 1402 1329 1448 propter
1359 1394 1563 1434 humanam
1597 1406 1710 1447 quam

157 1469 423 1518 assumpserat
451 1469 626 1502 naturam
655 1474 749 1516 opus
775 1460 849 1500 illis
878 1461 1084 1513 habuisse,
1120 1462 1248 1502 statim
1275 1462 1445 1502 obiicere
1469 1461 1619 1517 possint
1644 1474 1712 1515 per

159 1546 249 1573 sese
281 1532 373 1572 llaec
413 1537 612 1585 praestare
640 1543 823 1577 carnem,
872 1530 943 1569 nisi
974 1530 1099 1570 anima
1137 1531 1309 1585 praedita
1345 1531 1418 1580 sit,
1465 1544 1540 1569 non
1578 1542 1708 1584 posse.

159 1599 211 1641 Et
236 1600 388 1654 quidem
415 1612 508 1639 vere
533 1598 604 1638 hoc
631 1598 677 1637 ab
706 1597 780 1637 illis
803 1597 957 1637 dieitur.
1004 1597 1107 1652 Quid
1135 1605 1193 1638 est
1217 1598 1350 1652 igitur,
1382 1598 1574 1652 inquiunt,
1610 1597 1711 1637 aliud

159 1682 271 1723 quam
301 1668 400 1722 quod
433 1667 490 1707 liis
515 1665 694 1707 omnibus
720 1665 820 1705 illins
845 1666 1028 1706 divinitas
1055 1666 1278 1720 indigebat?
1339 1665 1389 1707 Ut
1416 1681 1500 1706 cum
1534 1665 1712 1719 indigere

159 1736 402 1777 divinitatem
430 1734 552 1790 ipsius
583 1734 755 1773 dixerint
779 1734 884 1774 velut
907 1735 1156 1789 peregrinum
1181 1735 1345 1775 eundem
1374 1735 1641 1790 pronuntient,
1676 1740 1715 1774 et

158 1819 179 1845 a
203 1804 323 1860 patris
353 1803 525 1845 essentia
550 1817 593 1843 ac
621 1810 757 1842 natura
792 1816 953 1856 prorsus
983 1803 1166 1843 alienum.
1230 1802 1317 1857 Ego
1345 1817 1440 1843 vero
1468 1803 1518 1842 ita
1553 1802 1712 1842 omnino

159 1880 314 1923 statuo,
350 1879 553 1927 postquam
580 1885 701 1925 pauca
726 1870 787 1910 illa
818 1885 1022 1926 perperam
1051 1871 1097 1911 ab
1122 1871 1179 1911 his
1203 1872 1430 1926 excogitata
1452 1878 1488 1911 et
1515 1870 1713 1910 intellecta

162 1940 385 1982 testimonia
416 1940 584 1980 refutata
618 1952 834 1993 eversaque
863 1940 1027 1990 fuerint,
1063 1954 1148 1980 cum
1173 1939 1320 1980 veritas
1349 1939 1475 1979 omnis
1508 1939 1713 1979 manifeste

160 2009 385 2064 praedicata
419 2016 535 2062 atque
566 2008 601 2048 in
635 2006 856 2048 orthodoxa
890 2008 961 2048 lide
994 2015 1029 2048 et
1067 2008 1256 2062 religione
1292 2007 1546 2048 corroborata
1580 2007 1711 2056 fuerit,

159 2078 258 2133 apud
292 2078 503 2132 prudentes
531 2084 567 2116 et
595 2076 795 2131 sapientes
822 2076 929 2116 viros
965 2076 1172 2131 divinaque
1205 2084 1335 2116 mente
1373 2076 1570 2131 praeditos
1607 2075 1713 2114 nullo

162 2145 321 2200 negotio
350 2145 643 2185 convincendos
669 2158 782 2195 esse,
817 2145 1065 2198 quantumvis
1091 2152 1177 2200 post
1204 2145 1356 2185 illorum
1380 2145 1553 2185 locorum
1587 2144 1713 2183 disso-

157 2215 344 2255 lutionem
369 2212 539 2253 infinitas
563 2213 660 2253 alias
685 2212 898 2253 arcessitas
923 2214 1090 2267 undique
1119 2213 1336 2254 sententias
1361 2213 1397 2252 in
1427 2212 1591 2252 medium
1618 2212 1712 2252 affe-

159 2289 262 2323 rant.
325 2279 526 2335 Siquidem
559 2295 611 2321 ex
653 2280 785 2335 paucis
818 2282 1146 2336 quamplurimae,
1194 2295 1293 2335 quae
1331 2281 1493 2321 eandem
1535 2281 1611 2321 vim
1646 2279 1713 2320 lia-

159 2351 276 2400 bent,
311 2349 628 2404 explicabuntur.

278 2416 476 2458 Exordiar
507 2417 625 2472 igitur
659 2418 705 2458 ab
741 2418 804 2458 illo
841 2416 1066 2459 Salomonis
1103 2419 1229 2470 dicto,
1279 2433 1390 2473 quam
1430 2416 1712 2457 amarissimam
1739 2416 1919 2459 Cap.XX.

161 2487 354 2542 dogmatis
385 2486 441 2526 sui
467 2486 637 2526 radicem
663 2499 797 2526 serere
825 2500 940 2540 posse
963 2487 1036 2527 sihi
1061 2495 1362 2542 persuaserunt,
1400 2489 1577 2525 Dominus
1607 2499 1714 2524 crea-

162 2560 215 2595 rit
236 2571 292 2595 me
311 2558 456 2594 initium
487 2558 629 2593 viarum
655 2569 809 2594 suarum
842 2558 879 2594 e'n
915 2570 1027 2607 opera
1058 2570 1141 2594 sua.
1208 2554 1334 2608 Quem
1361 2555 1486 2594 locum
1521 2567 1709 2608 nusquam

160 2624 352 2679 scriptura
386 2623 598 2678 repetendo
629 2623 896 2674 confirmavit,
931 2631 993 2663 ant
1022 2625 1284 2678 apostolorum
1312 2623 1514 2677 quisquam
1542 2635 1712 2662 comme-

161 2692 351 2741 moravit,
399 2698 439 2731 ut
463 2692 509 2731 ad
538 2689 737 2731 Christum
769 2692 1098 2731 accommodaret.
1163 2690 1426 2744 Quamobrem
1456 2691 1501 2730 de
1538 2690 1615 2730 filio
1651 2689 1711 2730 dei

162 2760 384 2801 nullomodo
412 2759 605 2814 loquitur,
650 2760 826 2814 quamvis
860 2759 935 2799 ista
963 2759 1169 2799 subiiciat:
1217 2763 1299 2811 Ego
1333 2762 1516 2811 sapientia
1547 2760 1716 2798 habitavi
1732 2763 1821 2792 prov.
1836 2762 1918 2795 ⁶³³²-

163 2832 200 2869 in
224 2831 380 2869 consilio
406 2837 442 2868 et
466 2832 645 2875 scientia,
680 2836 716 2866 el
748 2830 1034 2877 intelligentiam
1063 2830 1255 2867 advocavi.
1321 2826 1447 2880 Quam
1482 2827 1584 2867 enim
1618 2827 1714 2867 mul-

165 2905 226 2938 tae
252 2898 414 2952 quodam
446 2897 554 2937 voc-is
592 2896 714 2936 abusu
749 2895 810 2935 dei
843 2895 1060 2949 sapientiae
1096 2897 1364 2936 nominantur!
1431 2895 1510 2937 Sed
1548 2910 1620 2935 una
1656 2902 1713 2934 est

163 3003 188 3031 et
215 3001 299 3031 alibi.
959 2996 989 3027 Β.
1018 2997 1065 3035 εἷς
1091 2998 1210 3040 μυρίας
1235 3001 1300 3031 cod.
1322 3000 1451 3039 Rhediy.

208 3044 238 3077 7.
267 3047 340 3077 Ante
356 3041 440 3084 ὥςτε
462 3038 517 3079 οὖν
533 3046 654 3086 aliquid
666 3046 909 3085 e.rcidisse1›uev.
1008 3043 1084 3075 CAP.
1109 3044 1193 3076 XX.
1219 3063 1258 3068 -
1309 3045 1333 3077 1.
1359 3043 1422 3078 ποῦ
1448 3045 1529 3076 editi.
