2066 3319
514 202 690 234 rammi
719 202 802 233 Lm.
824 203 864 234 u.
889 202 996 234 ToM.
1018 203 1039 235 1.
1069 202 1196 234 HAER.
1220 201 1342 232 inv.
1621 192 1698 231 311

157 296 319 336 cumque
342 282 483 336 aliquid
507 281 704 322 disserere
728 281 923 321 videatur.
975 282 1117 321 Verum
1141 282 1275 321 demus
1300 281 1371 321 hoc
1397 279 1464 329 illi,
1494 286 1534 319 ut
1557 286 1701 319 morta-

158 350 230 390 lem
260 363 348 390 esse
374 351 538 390 animam
567 349 737 389 deliniat.
804 348 884 389 Iani
917 350 1077 389 (luorum
1113 350 1274 389 alterum
1309 348 1396 402 poni
1429 360 1594 388 necesse
1625 354 1700 397 est,

157 427 222 458 aut
249 431 342 458 vere
367 417 642 472 pronuntiasse
666 417 886 467 dominum,
921 432 1005 456 cum
1034 418 1288 457 inmortalem
1319 431 1406 456 esse
1436 416 1601 456 animam
1634 416 1701 455 do—

156 485 256 536 cuit,
292 493 329 525 et
356 487 387 526 si
423 486 584 526 eandem
621 486 815 539 corrumpi
853 485 1057 525 falsissime.
1084 485 1323 540 praedicari,
1365 492 1429 523 aut.
1459 484 1560 524 illam
1594 491 1700 524 certe

155 568 293 594 revera
321 554 540 608 corrumpi,
576 554 750 607 adeoque
786 554 1041 593 innnortalem
1069 554 1171 593 illam
1200 560 1315 606 atque
1346 553 1470 592 exitio
1501 560 1698 593 carentem

154 636 242 662 esse
269 636 469 677 perperam
495 622 674 662 docuisse
699 619 923 671 Christum,
959 628 1035 660 tum
1060 621 1096 660 in
1123 621 1185 660 illa
1211 620 1341 659 divitis
1367 635 1412 659 ac
1436 620 1614 674 pauperis
1644 621 1699 661 lni-

151 690 288 739 storia,
324 697 401 730 tum
425 690 462 729 in
486 690 624 739 altera,
659 690 696 729 iu
721 704 792 743 qua
814 687 952 729 Moses
979 696 1093 743 atque
1120 687 1226 727 Elias
1247 688 1436 742 apparuit.
1501 689 1619 743 Atqui
1642 689 1699 729 ni-
1719 695 1829 724 Mauh.
1846 696 1885 725 ιτ.

152 758 202 798 hil
226 765 372 798 temere
397 757 548 798 locutus
575 765 649 807 est,
685 772 809 811 neque
837 757 1020 797 mentitus
1043 764 1103 796 cst
1127 756 1321 795 dominns.
1384 754 1474 795 Non
1504 756 1623 807 enim,
1659 765 1699 797 ut

150 825 337 881 apostolis
361 826 561 876 illuderet,
596 826 711 866 inane
737 825 783 864 iis
811 825 1060 864 simulacrum
1085 838 1128 864 ac
1153 824 1338 864 ludicram
1368 824 1537 878 speciem
1565 832 1695 864 osten-

152 896 227 945 dit,
269 909 354 935 cum
389 895 425 934 in
462 901 592 934 monte
616 892 743 933 Elium
777 908 820 933 ac
845 891 1028 947 Moysen]
1066 892 1263 942 exhibuit,
1306 893 1374 933 sed
1407 892 1506 946 quod
1539 906 1581 932 re
1612 893 1695 947 ipsa

149 970 262 1004 erant
286 963 371 1003 sine
403 963 478 1002 ullo
511 961 714 1002 mendacio
745 960 944 1015 patel'ecit.
1010 959 1118 1001 Unde
1151 961 1214 1000 vel
1249 959 1561 1015 imperitissimus
1593 960 1696 1014 quis-

148 1045 244 1087 que,
278 1038 320 1072 ut
343 1046 421 1071 uno
447 1030 567 1071 verbo
591 1030 738 1079 dicam,
773 1029 993 1082 intelligere
1024 1036 1151 1083 potest
1177 1029 1432 1069 immortalem
1465 1029 1511 1069 ab
1541 1029 1624 1084 ipso
1657 1037 1695 1069 et

147 1100 257 1141 exitii
290 1100 499 1140 immunem
531 1099 697 1139 animam
731 1111 819 1137 esse
852 1097 1089 1138 confirmari.
1754 1120 1833 1161 Cap.

260 1166 450 1223 Corporis
478 1168 604 1221 itaque
633 1166 873 1206 resurrectio
905 1173 986 1216 est,
1023 1180 1098 1206 non
1125 1166 1297 1215 animae,
1333 1173 1374 1206 ut
1405 1165 1693 1221 corruptionem
1714 1165 1880 1240 (Ξξὲίῑιξῖ-Ῐ)

145 1238 294 1292 lapsum
319 1239 474 1276 Dave‘dis
501 1237 781 1275 tabernaculum
808 1242 1009 1285 resurgam
1055 1241 1168 1288 atque
1197 1234 1258 1274 ubi
1287 1234 1532 1284 constiterit,
1567 1241 1606 1274 et
1635 1234 1694 1274 in·
1714 1245 1897 1278 Amos.9,11.

146 1313 359 1347 stauratum
384 1305 522 1355 suerit,
557 1307 655 1343 sient
681 1306 760 1343 dies
784 1306 922 1350 secali,
959 1303 1182 1343 inviolabile
1207 1303 1389 1357 deinceps
1415 1317 1460 1342 ac
1488 1303 1693 1357 sempiter-

147 1389 236 1415 num
262 1379 502 1427 permaneat.
547 1371 689 1426 Neque
712 1386 808 1412 vcro
832 1372 943 1411 deum
969 1371 1149 1411 arbitrari
1173 1371 1357 1412 debemus
1379 1371 1568 1427 lapideam
1593 1371 1692 1412 velle

146 1443 299 1482 domum
327 1440 487 1482 Uavidis
509 1447 744 1489 exstruere,
780 1453 904 1493 neque
929 1440 966 1479 in
991 1440 1151 1480 coelesti
1175 1454 1298 1493 regno
1324 1439 1511 1480 eximium
1538 1438 1692 1494 aliquod

145 1510 378 1550 domicilium
404 1517 658 1559 construere,
693 1508 760 1548 sed
784 1508 830 1547 de
855 1521 974 1547 carne
997 1508 1123 1561 loqui,
1159 1509 1257 1561 quod
1287 1509 1437 1548 animae
1462 1508 1691 1548 tabernacu-

144 1579 222 1618 lum
250 1586 323 1627 est,
359 1578 457 1632 quod
484 1578 634 1631 quidem
660 1579 741 1617 suis
767 1576 851 1631 ipse
876 1576 1051 1616 manibus
1077 1576 1233 1616 molitus
1256 1583 1329 1616 est.
1395 1576 1458 1617 Tu
1483 1590 1596 1627 vero,
1630 1591 1692 1617 sa-

144 1645 384 1701 pientissime
409 1646 669 1700 Aglaophon,
703 1645 803 1685 hunc
833 1645 878 1685 ad
910 1645 1062 1684 modum
1095 1644 1168 1684 ista
1204 1644 1427 1685 considera.
1489 1642 1689 1685 Facillime

144 1714 244 1754 enim
281 1714 344 1754 illa
377 1714 505 1754 animo
541 1713 786 1768 perceperis,
821 1712 853 1753 si
884 1713 929 1752 ad
963 1713 1234 1753 dormientium
1264 1721 1302 1753 ct
1332 1712 1688 1767 expergiscentium

141 1783 430 1823 similitudinem
464 1782 648 1823 attendis.
711 1780 814 1821 Nam
848 1782 880 1822 si
915 1796 1074 1821 somnus
1109 1775 1280 1835 vigiliam
1309 1782 1508 1836 sequitur,
1552 1789 1591 1822 et
1625 1795 1689 1821 so-

142 1865 271 1891 mnum
294 1851 604 1905 expergefactio,
638 1851 752 1904 idque
775 1850 1077 1890 resurrectionis
1097 1864 1142 1890 ac
1166 1850 1302 1891 mortis
1326 1857 1382 1890 est
1404 1850 1588 1890 nonnulla
1608 1864 1689 1890 me-

141 1918 302 1970 ditatio,
336 1920 473 1974 quippe

520 1990 571 2027 Et
600 2002 726 2027 somno
757 1995 795 2026 et
823 1990 938 2027 morti
960 1990 1120 2039 geminis
1149 2012 1206 2017 —
1235 2011 1304 2035 -,
1705 1985 1862 2055 ,ξξῗῐῑξῐ-ὓξὲ·

140 2055 300 2111 perinde
324 2057 591 2096 necessarium
615 2063 675 2097 est
694 2063 736 2097 ut
757 2063 795 2097 et
818 2056 1059 2096 reviviscere
1083 2064 1206 2097 morte
1227 2056 1276 2096 sit
1300 2055 1510 2111 posteriuS‚
1539 2063 1580 2096 ut
1602 2070 1689 2096 cor-

142 2124 245 2179 poris
265 2124 344 2164 vita
368 2125 566 2174 succedat,
602 2139 689 2165 cum
712 2131 751 2165 et
771 2124 936 2165 excitari
959 2138 979 2165 e
1004 2125 1284 2165 dormientibus
1307 2124 1495 2179 quispiam
1519 2125 1684 2164 dicatur.

141 2191 298 2233 Etenim
330 2199 370 2233 ut
398 2207 418 2232 e
450 2207 588 2232 somno
620 2192 752 2247 vigilia
786 2192 983 2247 sequitur,
1029 2201 1069 2234 et
1101 2194 1164 2248 qui
1196 2193 1338 2234 dormit
1369 2207 1444 2233 non
1479 2193 1518 2233 in
1550 2193 1686 2233 eodem

140 2260 297 2301 omnino
325 2261 456 2301 habitu
484 2261 682 2315 persistit,
718 2269 759 2302 ut
783 2262 938 2302 assidue
963 2262 1151 2313 dormiat,
1186 2263 1254 2303 sed
1278 2262 1440 2303 subinde
1467 2260 1684 2315 consurgit,

139 2329 190 2370 ita
217 2336 255 2369 et
279 2343 330 2369 ex
355 2337 479 2370 morte
507 2330 587 2371 vita
614 2338 898 2384 consequetur,
934 2345 1005 2372 nec
1031 2331 1189 2372 omnino
1219 2332 1281 2386 qui
1309 2337 1484 2371 mortuus
1511 2337 1570 2370 est
1600 2337 1688 2384 post

140 2404 302 2438 mortem
326 2399 461 2438 eodem
488 2399 525 2438 in
551 2405 655 2439 statu
680 2406 922 2454 perseverat.
987 2397 1085 2441 Cum
1113 2401 1212 2440 euim
1239 2408 1326 2455 post
1351 2413 1527 2439 somnum
1555 2398 1687 2452 vigilia

140 2467 337 2517 succedit,
373 2473 411 2506 ct
438 2473 523 2521 post
550 2467 697 2520 lapsum
727 2467 913 2508 excitatio
945 2476 983 2509 et
1015 2476 1101 2524 post
1125 2469 1411 2509 demolitionem
1438 2467 1683 2518 instauratio,

140 2549 267 2575 nonne
294 2542 333 2575 et
356 2535 403 2575 ab
432 2549 479 2575 eo
503 2535 602 2590 quod
630 2535 854 2586 inclinavit,
887 2538 1064 2592 quodque
1096 2544 1286 2577 mortuum
1324 2543 1405 2586 est,
1441 2538 1684 2592 expectanda

140 2604 377 2644 resurrectio
409 2606 494 2644 est?
555 2602 647 2644 Non
687 2605 788 2644 enim
820 2605 915 2645 liaeo
950 2620 1021 2646 nos
1057 2607 1200 2647 frustra
1235 2605 1486 2655 confitemur,
1532 2612 1684 2660 postea-

139 2686 250 2726 quam
277 2679 451 2713 emortua
481 2686 644 2727 corpora
668 2679 780 2724 sunt,
815 2674 942 2715 denuo
975 2675 1230 2716 reviviscere.
1295 2672 1408 2727 Quod
1442 2673 1566 2729 ipsum
1607 2689 1683 2714 non

139 2740 176 2780 in
211 2754 348 2781 somno
385 2741 508 2781 solum
539 2748 574 2781 et
602 2743 973 2796 expergefactione,
1007 2744 1074 2784 sed
1108 2744 1144 2783 in
1182 2743 1394 2783 seminibus
1423 2756 1467 2783 ac
1497 2743 1683 2797 stirpibus

139 2809 313 2860 intuere,
348 2810 379 2850 si
407 2809 533 2860 lubet,
569 2811 889 2864 quemadmodum
919 2811 1248 2853 resurrectionem
1285 2811 1379 2852 haec
1411 2812 1540 2853 omnia
1572 2825 1683 2867 prae-

183 2958 215 2988 ⁴2.
242 2953 452 3003 oivasstdcffiou
476 2960 542 2991 cod.
570 2960 696 2999 Rhectiy.
