2066 3319
467 217 646 250 PANAau
674 217 756 248 Lis.
783 217 823 248 u.
850 218 956 249 Toxi.
981 219 1020 249 u.
1048 218 1177 250 meu.
1202 219 1325 252 vat.
1586 211 1666 252 483

122 297 360 352 increpavit,
395 294 564 336 Materia
596 310 747 350 quoque
777 296 918 352 stirpes
951 298 1022 337 sibi
1055 299 1261 339 universas
1296 299 1493 353 produxit.
1557 298 1667 354 Quas

123 381 207 407 cum
244 365 464 420 depraedati
508 372 643 405 essent
679 363 908 420 Principes,
956 374 1032 406 tum
1082 381 1244 420 magnus
1280 366 1470 422 Princeps
1512 375 1666 409 ceteros

123 448 257 474 omues
283 448 326 474 ac
356 432 560 488 primarios
583 447 806 473 convocans
837 435 979 474 viritim
1007 435 1180 488 singulas
1206 436 1251 474 ab
1282 436 1327 475 iis
1357 436 1522 476 virtutes
1555 451 1666 476 acce-

123 504 198 557 pit3
233 503 369 542 dehinc
396 501 588 541 hominem
611 503 656 541 ad
680 502 819 556 prioris
845 503 945 543 illius
970 504 1172 556 exemplar
1193 504 1364 555 effinxit,
1399 505 1511 558 eique
1542 504 1665 558 illiga-

123 572 176 611 vit
202 572 393 620 animam3
440 577 554 623 atque
591 584 634 609 ea
672 571 822 610 demum
859 579 919 611 est
945 571 1235 612 commixtionis
1262 582 1492 627 mutuaeque
1522 582 1667 628 tempe-

123 640 284 680 rationis
309 639 425 679 ratio.
489 637 636 678 Verum
660 653 744 678 cum
769 639 881 679 vivus
907 647 1016 694 pater
1037 640 1212 679 alllietam
1249 640 1286 680 in
1319 655 1484 695 corpore
1516 641 1667 682 videret

121 708 304 757 animani,
339 721 408 762 pro
434 707 669 747 humanitate
691 708 972 761 clementiaque
997 721 1066 747 sua
1093 707 1204 747 unice
1229 709 1409 748 dilectum
1434 724 1454 749 a
1481 724 1523 749 se
1551 710 1666 750 lilium

120 777 164 816 ad
193 777 295 816 illius
325 776 487 815 salutem
511 775 669 815 dimisit.
734 774 794 816 Ol)
822 776 918 815 lianc
952 776 1054 815 enim
1083 790 1261 816 caussam
1290 784 1367 816 tum
1395 776 1516 818 Baiuli
1543 780 1668 831 gratia

121 845 278 885 missum
306 845 409 884 illum
432 844 645 883 existimat.
708 842 834 883 Porro
857 841 981 884 Filius
1007 858 1096 883 mox
1130 851 1167 883 ut
1193 845 1372 894 advenit,
1417 859 1505 886 sese
1531 847 1567 886 in
1601 847 1669 887 lto-

120 913 234 954 minis
267 913 434 968 speciem
470 913 706 966 figuramque
730 911 947 961 convertit,
981 913 1078 952 adeo
1105 920 1145 952 ut
1173 913 1391 954 hominibus
1414 913 1579 956 hominis
1612 916 1669 955 iu—

120 989 200 1022 star
224 988 450 1036 appareret,
486 988 523 1020 et
546 994 631 1019 eum
656 979 708 1019 illi
734 987 861 1019 natum
897 994 983 1020 esse
1014 980 1086 1020 sihi
1111 981 1405 1034 persuaderent.
1473 980 1549 1036 Qui
1582 998 1667 1024 cum

120 1050 377 1098 accessisset,
423 1055 457 1088 et
496 1049 540 1088 ad
578 1047 772 1088 hominum
809 1049 972 1088 salntem
1002 1050 1306 1103 recuperandam
1335 1064 1445 1091 suum
1475 1065 1572 1106 opus
1604 1052 1670 1093 de-

120 1119 335 1173 signasset,
371 1117 585 1157 maehinam
611 1117 800 1171 quandam
828 1117 1042 1167 exstruxit,
1076 1118 1113 1157 in
1139 1132 1212 1172 qua
1235 1119 1317 1158 cadi
1346 1119 1497 1160 inerant
1524 1121 1669 1160 duode-

120 1188 216 1237 cim,
261 1201 358 1241 quae
385 1185 487 1240 globi
514 1185 704 1239 vertigine.
727 1185 1006 1226 circumvoluta
1042 1193 1283 1226 mortuorum
1316 1187 1353 1227 in
1387 1188 1551 1229 sublime
1585 1189 1668 1229 ani-

121 1270 202 1296 mas
235 1255 387 1303 evehit,
431 1268 525 1308 quas
555 1254 616 1294 ubi
642 1255 699 1294 sol
724 1254 946 1309 exceperit,
982 1261 1190 1309 repurgat,
1238 1262 1277 1295 et
1310 1256 1348 1295 in
1383 1256 1510 1296 lunam
1543 1264 1669 1298 trans-

120 1324 250 1364 mittit.
315 1321 371 1364 lta
404 1323 542 1373 lunae,
577 1337 689 1377 quem
721 1323 979 1378 appellamus,
1014 1323 1120 1364 orbis
1150 1322 1346 1378 impletur.

218 1461 339 1501 Vides
365 1468 503 1516 quanta
523 1461 570 1500 sit
595 1460 818 1514 impostoris
843 1460 994 1501 vanitas
1015 1460 1236 1515 ohlivioque
1259 1468 1439 1515 tanquam
1467 1476 1519 1502 ex
1542 1463 1669 1503 ebrie-

121 1538 197 1571 tate
232 1532 460 1570 coutracta?
521 1527 632 1582 Quae
665 1529 765 1568 enim
805 1536 919 1569 antea
957 1529 1079 1578 dixit,
1124 1544 1198 1569 non
1234 1531 1464 1570 recordatur
1487 1531 1665 1585 amplius,

121 1607 159 1640 et
187 1613 282 1653 quae
307 1599 454 1638 dixisse
483 1598 658 1648 videtur,
694 1604 903 1637 commutat
926 1611 969 1637 ac
996 1597 1182 1648 destruit,
1219 1605 1257 1637 et
1283 1606 1435 1639 suamet
1460 1599 1542 1654 ipse
1574 1600 1667 1654 dog-

121 1675 221 1708 mata
251 1666 458 1707 subvertit.
520 1664 622 1705 Nam
654 1666 750 1706 alias
783 1666 896 1705 aliter
926 1665 1107 1714 disserit,
1150 1672 1190 1705 ut
1225 1666 1354 1720 priora
1385 1667 1667 1721 posterioribus

120 1744 295 1786 evertat,
332 1750 375 1776 ac
399 1748 496 1789 quae
519 1734 628 1774 initio
656 1741 855 1774 everterat
885 1748 1022 1774 rursus
1051 1734 1257 1774 instauret.
1321 1733 1373 1776 Ut
1399 1736 1488 1776 illud
1517 1736 1666 1791 perspi-

122 1820 193 1846 cue
222 1805 413 1853 declaret,
449 1817 524 1843 non
549 1804 608 1842 sui
634 1816 676 1843 se
702 1810 918 1857 compotem
942 1816 1048 1853 esse,
1082 1803 1149 1843 sed
1175 1802 1221 1842 ab
1246 1803 1396 1858 impuro
1417 1804 1555 1859 spiritu
1579 1819 1666 1845 cor-

122 1882 271 1929 reptum
303 1873 376 1913 alia
411 1886 478 1926 pro
500 1871 585 1911 aliis
610 1871 922 1926 phreneticorum
954 1885 1062 1911 more
1086 1871 1254 1925 garrire.
1315 1870 1420 1912 Nam
1453 1872 1485 1913 si
1519 1873 1565 1913 de
1600 1874 1668 1914 ad-

122 1949 240 1982 ventu
269 1941 411 1981 domini
443 1940 564 1980 nostri
592 1941 685 1980 Jesu
713 1938 860 1980 Christi
893 1939 1084 1994 loquitur,
1128 1939 1241 1980 annis
1272 1940 1336 1980 ille
1370 1941 1498 1981 multis
1531 1949 1667 1997 postea

121 2010 284 2064 contigit
308 2024 418 2064 quam
447 2016 511 2049 aut
538 2008 665 2048 sidera
691 2010 876 2063 producta
911 2015 1023 2058 suut,
1070 2015 1135 2048 aut
1166 2008 1229 2048 illa
1258 2009 1523 2050 duodenorum
1552 2011 1668 2051 cado-

122 2093 203 2119 rum
229 2077 403 2118 machiua
439 2077 583 2118 extitit.
646 2076 711 2117 Ex
736 2092 811 2131 quo
845 2077 945 2117 enim
982 2084 1085 2117 astra
1118 2078 1303 2131 producta
1329 2085 1441 2128 sunt,
1484 2078 1521 2118 iu
1555 2080 1666 2119 coelo

121 2155 308 2204 perpetuo
334 2148 511 2196 fuerunt,
547 2146 631 2186 sive
656 2146 790 2186 eadem
817 2146 878 2186 illa
903 2146 1036 2186 malint
1058 2146 1272 2197 elementa,
1307 2146 1391 2187 sive
1419 2148 1517 2187 coeli
1542 2147 1668 2202 spatia

122 2231 168 2258 ac
190 2229 391 2256 mensuras
416 2215 626 2270 appellare.
672 2212 888 2268 Utcumque
914 2214 979 2264 sit,
1009 2229 1059 2254 ex
1088 2221 1223 2268 quarta
1247 2214 1457 2255 creationis
1484 2215 1544 2257 die
1567 2213 1666 2256 bene

123 2287 333 2326 constituta
360 2291 450 2324 sunt
476 2284 618 2333 omnia,
647 2283 814 2337 nihilque
844 2284 888 2323 ad
912 2297 1063 2334 eorum,
1091 2297 1189 2337 quae
1213 2283 1283 2324 sub
1309 2284 1367 2323 dei
1392 2283 1536 2324 ditione
1558 2292 1663 2334 suut,

123 2354 332 2410 perniciem
370 2360 429 2392 est
469 2354 626 2392 l'actum.
692 2352 745 2392 At
775 2366 870 2392 vero
895 2350 1076 2393 Christus
1116 2359 1201 2405 post
1224 2366 1333 2392 suum
1362 2352 1398 2392 in
1426 2352 1526 2392 hunc
1557 2367 1666 2392 muu-

123 2425 209 2463 dum
233 2423 441 2463 adventum
474 2435 574 2460 anuo
602 2421 752 2461 decimo
786 2421 918 2475 quinto
945 2420 1096 2461 Tiberii
1120 2418 1306 2461 Caesaris
1339 2420 1667 2475 praedicationem

122 2505 290 2532 exorsus
317 2498 396 2540 cst,
431 2497 518 2544 post
539 2504 679 2529 annum
707 2504 726 2529 a
750 2489 952 2530 nativitate
978 2489 1242 2543 trigesimum,
1287 2490 1349 2543 qui
1388 2489 1424 2529 in
1462 2488 1666 2544 quinquies

122 2560 365 2602 millesimum
391 2574 435 2599 ac
460 2558 810 2612 quingentesimum
845 2573 986 2598 nonum
1019 2572 1161 2598 annum
1189 2557 1330 2597 conditi
1357 2556 1461 2597 orbis
1485 2557 1664 2608 incurrit,

124 2636 259 2683 estque
292 2628 539 2682 trigesimus,
586 2627 639 2667 uti
675 2627 780 2677 dixi,
824 2628 963 2667 aetatis
998 2627 1098 2667 illius
1132 2639 1271 2666 annus.
1333 2624 1435 2665 Nam
1467 2626 1666 2679 trigesimo

123 2698 238 2738 tertio
271 2697 310 2738 in
347 2711 501 2737 crucem
530 2703 638 2736 actus
667 2703 742 2736 est.
805 2693 972 2749 Quinam
1008 2695 1125 2749 igitur
1161 2694 1241 2734 lieri
1269 2700 1396 2748 potest
1426 2701 1467 2734 ut
1500 2695 1595 2735 haec
1628 2695 1666 2735 in

123 2766 233 2806 coelo
261 2765 449 2821 principio
474 2765 640 2815 suerint.
674 2763 820 2805 maiora
846 2764 1027 2805 videlicet
1052 2763 1279 2816 minoraque
1306 2762 1460 2803 sidera?
1506 2760 1550 2804 Si
1575 2770 1665 2803 ante

126 2834 197 2874 hoc
225 2841 374 2890 tempus
396 2834 553 2875 venisse
581 2840 696 2888 atque
723 2833 788 2874 illa
812 2833 1046 2888 produxisse
1069 2833 1189 2881 dicat,
1234 2845 1309 2871 non
1338 2837 1465 2885 potest
1487 2831 1590 2872 illius
1614 2832 1667 2871 ta-

170 2957 200 2991 4,
229 2957 321 2999 ἐξότε
342 2961 409 2992 cod.
434 2961 561 3000 Rhedtg.
918 2970 945 2990 r.
975 2953 1083 2998 ἅσ-ρα
1126 2951 1217 2997 (ἦτοι
1251 2960 1399 2999 στοιχεῖα
1438 2953 1526 2990 aur&
1558 2969 1590 2989 κ
1623 2959 1667 3001 β,

170 3005 201 3036 5.
226 3006 366 3037 Fortasse
391 3006 670 3045 interpungendum
691 3008 717 3036 et
739 3007 871 3036 scriben-
918 2999 994 3045 η’τοι
1013 3004 1042 3035 δ.
1062 3013 1090 3034 τ.
1112 3013 1179 3044 ουρ.
1202 3014 1232 3035 κ.
1256 3001 1398 3045 μέτρα),
1426 2999 1541 3045 ὁμῶς·
1567 3005 1632 3036 cett

127 3051 202 3081 dum
223 3053 264 3081 est
289 3049 334 3083 Εἰ
356 3049 419 3092 γὰρ
442 3049 474 3083 ἐν
498 3047 627 3093 οὐρανῷ
650 3048 764 3090 έξότου
797 3061 828 3091 γ.
850 3061 879 3082 τ.

1292 3106 1394 3147 31*

1710 1472 1788 1516 Cap.
1811 1472 1851 1506 L.
