2030 3324
542 201 723 234 PANARn
753 202 833 233 [ΑΒ.
859 203 900 234 n.
926 203 1033 234 ToM.
1056 204 1094 234 n.
1119 203 1251 235 ΗΑΕΡ..
1276 203 1402 234 inx.
1676 196 1756 235 707

208 282 307 336 puli,
342 281 372 321 si
400 281 446 320 de
469 281 704 334 aequalitate
731 296 807 321 non
834 283 880 321 de
905 282 1114 321 concordia
1136 296 1266 321 serino
1292 282 1337 322 sit
1357 314 1366 332 ,
1402 283 1438 321 in
1469 283 1552 337 ipso
1577 296 1666 323 esse
1690 297 1757 337 po-

208 349 391 389 tuerunt?
453 347 531 389 Sed
556 349 602 388 ab
634 350 736 388 omni
765 357 872 403 parte
900 350 1055 389 divinae
1086 350 1170 389 illos
1196 351 1372 389 veritatis
1403 349 1617 390 auctoritas
1643 350 1759 390 rel'el-

207 417 272 467 lit;
306 417 404 470 quod
430 430 505 456 non
532 417 646 456 aliter
670 418 741 456 boc.
765 417 914 471 impleri
938 417 984 456 ab
1011 417 1197 470 apostolis
1222 418 1358 471 potuit,
1395 432 1464 457 nec
1489 419 1534 457 de
1555 417 1630 457 illis
1658 418 1758 457 istud

208 485 331 539 ipsum
355 484 614 538 pronuntiari,
644 484 716 524 nisi
744 486 872 524 carnis
897 485 1049 524 illorum
1076 485 1269 538 particeps
1289 485 1459 524 divinum
1482 485 1644 525 verbum
1667 485 1759 524 fuis-

207 560 290 603 set,
325 554 562 605 eosdemque
595 553 632 592 in
659 566 747 592 sese
778 553 985 606 adoptione
1019 552 1230 591 iunxisset.
1294 553 1424 605 Atque
1455 553 1588 591 eadem
1622 565 1761 592 caussa

208 628 265 660 est
298 634 368 660 cur
393 621 428 659 in
454 617 621 660 Cantico
648 618 901 660 Canticorum
930 626 1221 659 sacrosanctam
1248 634 1355 659 suam
1390 620 1595 660 ecclesiam
1622 619 1762 673 ubique

209 688 425 743 proximam
455 689 644 742 appellet,
691 703 804 742 quam
839 701 935 727 voce
964 701 1031 726 sua
1060 687 1241 726 excitans
1279 697 1317 727 et
1348 687 1559 727 cohortans
1592 687 1692 726 bunc
1723 688 1760 726 in

208 757 361 796 modum
389 757 618 810 compellat:
654 759 794 807 Surge,
832 758 1108 806 vem'pr0.1·e‘mn
1133 770 1225 801 mea,
1251 757 1426 808 formosa
1452 769 1553 801 meu,
1588 756 1758 793 columba
1778 761 1904 796 Cam-2,
1924 761 1964 787 10.

207 839 300 863 inea.
368 822 541 864 Videsne
579 831 618 864 nt
652 824 752 863 illam
789 823 1007 877 proximam
1043 823 1241 862 nominet?
1303 823 1421 877 Atqui
1457 823 1638 877 proxima
1671 836 1760 863 esse

210 890 369 932 Christo
395 892 561 932 ecclesia
586 906 661 931 non
691 898 864 945 poterat,
911 891 983 930 nisi
1010 892 1054 930 de
1083 891 1193 930 coelo
1224 891 1287 930 ille
1319 891 1563 931 descendens
1598 891 1643 930 ad
1677 904 1760 930 eam

208 960 466 1011 accessisset,
514 967 672 1014 propter
703 974 815 1012 quani
852 959 991 998 iisdem
1016 958 1290 998 affectionibus
1325 959 1536 999 obnoxiam
1570 959 1643 998 sibi
1676 972 1762 998 car-

209 1042 296 1068 nem
323 1027 520 1082 imposuit,
556 1034 596 1066 ut
625 1027 830 1066 humanum
855 1041 979 1079 genus
1009 1027 1054 1066 ad
1076 1040 1165 1066 sese
1192 1026 1348 1080 propius
1371 1027 1562 1067 accedens
1587 1033 1762 1066 sanctam

209 1110 254 1135 ac
278 1095 376 1135 labis
401 1102 602 1148 expertem
630 1108 814 1148 sponsam
840 1101 1023 1144 vocaret,
1059 1094 1234 1133 collectis
1266 1094 1445 1134 omuibus
1482 1094 1528 1134 iis
1562 1095 1624 1147 qui
1650 1094 1764 1133 obse·

209 1163 298 1216 quio
327 1162 625 1217 propinquiores
650 1162 722 1201 sibi
754 1176 842 1202 esse
874 1161 1113 1216 coepissent.
1178 1160 1279 1200 Hinc
1305 1176 1325 1201 a
1349 1169 1458 1215 patre
1489 1176 1559 1201 suo
1598 1161 1766 1215 postulat

210 1231 282 1271 hoc
305 1231 392 1271 loco
421 1231 610 1279 verbnm,
647 1230 719 1269 boc
743 1236 804 1269 estv
826 1230 1004 1269 dominus
1030 1236 1186 1278 noster,
1222 1228 1358 1269 unicus
1382 1230 1440 1269 dei
1466 1230 1589 1280 lilius,
1624 1243 1668 1269 ac
1695 1243 1764 1283 pro

210 1299 410 1354 discipulis
436 1298 650 1353 supplicat,
696 1305 736 1337 ut
769 1298 806 1337 in
833 1298 963 1351 seipso
990 1297 1092 1348 sint,
1137 1311 1212 1350 quo
1238 1297 1342 1337 illam
1373 1298 1503 1337 carnis
1540 1297 1765 1337 interventu

210 1367 483 1420 cognationem
510 1367 556 1406 dc
585 1365 705 1419 patris
734 1366 771 1405 in
804 1380 847 1405 se
870 1365 1072 1405 voluntate
1107 1372 1349 1405 contractum
1373 1365 1625 1405 sanctificatis
1649 1365 1766 1405 disci-

209 1435 308 1490 pulis
337 1437 450 1475 unius
474 1434 686 1473 voluntatis
712 1441 750 1474 et
776 1433 995 1488 adoptionis
1024 1433 1300 1473 coniunctione
1326 1434 1551 1488 copularet,
1588 1440 1704 1487 atque
1726 1439 1767 1472 ut

209 1517 278 1558 per
297 1502 595 1558 primogenitum
613 1501 749 1556 patris,
776 1505 1116 1552 I’re‘mogem‘torum
1133 1505 1171 1540 ln
1192 1504 1294 1540 coelo
1310 1504 1596 1553 desc-reptionem
1609 1501 1761 1540 obtine·
1774 1503 1968 1538 nebi-4223.

208 1578 311 1621 rent,
335 1584 434 1611 neve
458 1585 478 1610 a
503 1578 664 1624 paterna
687 1570 810 1623 gloria
830 1570 997 1609 alienum
1021 1583 1109 1609 esse
1127 1570 1243 1609 filium
1259 1583 1309 1610 ex
1332 1584 1378 1610 eo
1402 1569 1662 1610 nonnullisibi
1680 1583 1765 1624 per-

207 1640 419 1680 suaderent
440 1639 539 1692 quod
569 1652 724 1678 caruem
746 1645 957 1692 gestasset.
1004 1635 1113 1678 Unde
1139 1644 1178 1676 ut
1200 1644 1238 1676 et
1265 1638 1375 1677 fidem
1401 1653 1444 1677 ac
1469 1637 1646 1678 veritatis
1672 1651 1767 1677 suae

210 1707 474 1761 cognitionem
495 1707 678 1757 muniret,
703 1713 741 1746 et
762 1706 852 1746 nihil
879 1705 1066 1746 eiusmodi
1089 1719 1295 1745 servorum
1318 1720 1476 1745 suorum
1493 1705 1687 1746 mentibus
1702 1719 1768 1745 oc-

211 1782 389 1816 curreret
403 1775 502 1828 quod
517 1774 623 1830 ipsos
642 1774 745 1815 omni
761 1789 828 1829 spe
844 1774 1147 1814 immortalitatis
1161 1774 1408 1825 excluderet,
1427 1773 1684 1814 adiiciendum
1700 1788 1768 1827 pu-

213 1844 329 1894 tavit,
369 1846 417 1883 Ut
434 1847 513 1882 sinc
534 1858 660 1891 unum,
684 1847 784 1882 sicut
798 1858 867 1894 ego
889 1851 927 1881 et
944 1850 983 1881 tu
1005 1857 1116 1881 mmm
1139 1857 1267 1881 samus
1281 1859 1292 1881 .·
1327 1857 1396 1893 ego
1412 1845 1507 1881 enlm
1527 1850 1563 1880 ec
1590 1850 1630 1881 tec
1651 1856 1763 1881 unum

210 1927 352 1958 summ,
380 1926 426 1951 eo
443 1912 542 1965 quod
562 1912 656 1951 deus
671 1926 722 1952 ex
736 1912 825 1961 deo,
854 1918 892 1951 et
914 1910 1261 1950 consubstantialis
1283 1910 1540 1951 indivinitate
1563 1910 1613 1950 sit
1636 1917 1764 1950 natus.

211 1979 339 2021 Porro
361 1980 450 2020 illae
474 1979 582 2033 ipsae
606 1994 748 2029 voces,
788 1983 904 2019 [fnum
931 1994 1074 2026 sumus,
1112 1993 1188 2018 non
1215 1979 1414 2032 singulare
1440 1979 1583 2032 aliquid
1605 1992 1697 2033 prae
1724 1992 1767 2018 se

214 2050 359 2089 ferunt.
405 2046 548 2102 Neque
575 2048 677 2087 enim
699 2048 813 2097 dixit,
848 2051 933 2100 Ego
957 2062 1053 2086 emus
1074 2062 1169 2094 sum,
1198 2047 1282 2097 sed,
1309 2050 1395 2098 Ego
1418 2055 1454 2085 el
1475 2055 1528 2094 tu,
1566 2054 1620 2098 et,
1653 2049 1769 2086 Unum

212 2132 354 2156 stemus.
408 2114 495 2170 Qua
522 2116 674 2156 ratione
696 2115 909 2157 Sabellium
933 2130 1017 2155 cum
1044 2116 1149 2155 omui
1173 2129 1242 2155 sua
1272 2115 1405 2155 schola
1429 2115 1678 2164 condemnat,
1707 2114 1771 2167 qui

214 2185 330 2225 filium
356 2199 441 2224 cum
466 2191 599 2239 patre,
644 2191 683 2225 et
714 2191 860 2239 patrem
891 2198 978 2224 cum
1003 2183 1139 2238 spiritu
1166 2191 1301 2224 sancto
1335 2182 1552 2223 confundit.
1615 2180 1769 2221 Idcirco

215 2253 341 2302 enim,
380 2256 497 2292 Unum
518 2268 668 2300 sumus,
705 2251 826 2303 dixit,
860 2267 937 2292 non
967 2260 1097 2292 antem
1129 2255 1230 2291 Unus
1252 2267 1346 2290 seam.
1413 2250 1567 2304 Quippe
1596 2250 1771 2304 perfecta

216 2321 290 2360 duo
320 2328 436 2372 suut,
483 2329 591 2375 pater
617 2328 656 2361 et
683 2320 807 2370 lilius,
853 2321 920 2360 sed
951 2335 1066 2360 unum
1104 2320 1354 2360 nihilomiuus
1379 2318 1640 2372 aequalitate,
1674 2317 1771 2357 divi-

217 2389 360 2439 nitate,
395 2389 563 2440 virtute,
598 2389 866 2429 similitudine.
931 2386 1222 2429 Concludainus
1250 2388 1405 2441 itaque,
1441 2387 1541 2440 quod
1562 2386 1607 2426 ad
1633 2385 1772 2426 divini-

218 2464 335 2498 tatem
362 2457 545 2511 pertinet,
581 2466 729 2512 patrem
757 2465 797 2497 et
824 2457 941 2497 filium
967 2458 1066 2497 idem
1093 2464 1208 2510 atque
1234 2470 1350 2495 unum
1378 2468 1491 2495 esse:
1527 2454 1558 2494 si
1585 2467 1682 2494 vero
1707 2467 1773 2493 na-

218 2533 343 2566 turam
381 2525 546 2565 hominis
580 2526 834 2577 consideres,
876 2540 994 2566 unum
1027 2539 1115 2565 esse
1143 2539 1227 2564 cum
1262 2522 1460 2577 discipulis
1493 2522 1634 2573 filium3
1678 2535 1774 2576 quos

217 2593 436 2634 vocationis
461 2607 556 2634 suae
579 2594 890 2647 gratificatione,
925 2608 994 2647 pro
1019 2593 1166 2632 infinita
1193 2606 1263 2631 sna
1289 2590 1553 2644 benignitate,
1587 2590 1634 2630 ad
1660 2603 1773 2629 unam

222 2661 443 2716 adoptionis
469 2662 781 2715 singularitatem
807 2662 852 2701 de
877 2661 1070 2701 communi
1103 2660 1220 2714 patris
1246 2667 1285 2699 et
1310 2659 1374 2698 {ilii
1404 2666 1443 2698 ct
1462 2657 1622 2713 spiritus
1649 2657 1775 2699 sancti

219 2730 418 2770 sententia
442 2729 640 2784 perduxit.
689 2727 778 2782 Qua
805 2729 957 2782 quidem
983 2729 1135 2768 ratione
1161 2727 1463 2767 vanissimorum
1487 2726 1700 2776 hominum,
1730 2740 1776 2766 ae

221 2798 321 2838 male
354 2798 400 2838 de
433 2798 590 2837 domino
623 2811 693 2837 suo
726 2797 1002 2845 sentientium,
1036 2796 1133 2836 falsa
1165 2796 1387 2835 confutatur
1420 2794 1567 2849 opinio.

338 2865 418 2908 Sed
452 2865 526 2906 iam
563 2865 609 2905 ab
639 2865 711 2906 hoc
737 2865 862 2920 capite
890 2865 936 2904 ad
973 2864 1046 2903 alia
1071 2863 1256 2917 deinceps
1292 2863 1493 2903 tractanda
1524 2862 1770 2917 progrediar.

268 3013 300 3048 6.
326 3014 384 3049 καὶ
407 3014 464 3049 τοῦ
486 3014 556 3048 υἱοῦ
584 3014 674 3046 codd.
697 3023 767 3045 mss.
795 3016 821 3045 ec
845 3014 892 3044 ed.
914 3013 1014 3052 princ.
1038 3010 1097 3044 καὶ
1119 3011 1191 3044 υἱοῦ
1216 3012 1262 3042 ed.
1287 3011 1395 3043 Petav.

1395 3067 1490 3109 45*

1783 1827 1886 1854 Ioaun·

1802 1863 1844 1897 17,
1859 1862 1901 1888 22.

1824 2851 1902 2892 Cap.

1813 2895 1942 2927 LXIX.
