2066 3319
498 216 678 249 PANARn
703 216 785 248 Lm.
806 215 843 247 11.
869 215 975 248 TOM.
991 215 1031 246 11.
1057 212 1186 246 ΗΑΕΒ.
1209 211 1330 244 vai.
1602 199 1682 239 473

148 305 221 338 est.
282 295 422 350 Neque
445 295 546 336 enim
571 295 647 336 ulla
674 302 733 335 est
752 295 854 335 inter
884 294 946 335 illa
971 294 1043 334 duo
1069 292 1290 342 disiunctio,
1319 305 1404 332 cum
1428 290 1473 330 ad
1495 287 1683 343 agendum

148 371 279 406 mutua
311 365 570 405 consensione
610 377 653 404 ac
689 362 896 404 consordia
929 363 1166 417 conspirent.
1227 359 1304 401 lam
1334 373 1427 399 vero
1454 358 1509 409 si,
1552 364 1592 398 ut
1623 355 1687 396 ille

147 434 286 483 sentit,
321 432 511 487 principes
544 431 735 482 animam,
768 445 878 486 quam
905 431 1214 479 devoraverant,
1249 429 1285 468 in
1312 427 1382 468 boc
1406 440 1569 482 corpus,
1603 431 1687 465 tan-

147 515 258 557 quam
288 500 326 541 in
357 500 550 540 vinculum
577 500 766 554 quoddam
803 499 1092 554 compegerint,
1137 497 1199 552 qui
1232 495 1313 536 lieri
1346 502 1472 550 potest
1504 502 1545 534 ut
1575 506 1686 547 quam

147 568 447 618 devoraverint,
482 569 619 609 iterum
650 569 687 608 in
717 582 856 623 corpus
885 568 1106 608 includant?
1168 563 1359 618 Quicquid
1390 564 1490 603 enim
1523 562 1687 602 devora-

146 645 230 688 tur,
265 637 527 687 consumitur,
562 637 660 691 quod
696 644 822 677 autem
862 635 1125 685 consumitur,
1160 632 1361 674 evanescit
1391 638 1429 671 et
1459 632 1496 671 iu
1530 629 1685 669 nihilum

147 705 352 760 redigitur.
430 704 542 759 Quod
583 705 620 744 in
662 705 819 745 nihilum
856 704 934 744 abit
974 711 1012 744 et
1048 716 1136 742 esse
1170 700 1332 750 desinit,
1379 713 1451 739 nec
1492 699 1568 739 ullo
1603 699 1688 739 loco

147 773 499 825 circumscribitur,
533 787 604 814 nec
627 781 686 814 est
715 787 897 828 usquam,
944 785 1014 811 nec
1048 770 1125 811 ullo
1153 783 1336 819 carcere,
1379 783 1464 808 cum
1497 767 1588 807 nihil
1621 767 1686 817 sit,

147 842 322 884 coerceri
353 849 495 898 potest.

265 909 344 952 Sed
378 910 467 950 illud
503 910 644 951 homini
684 923 869 965 persaepe
904 907 1065 958 accidit,
1110 914 1149 948 ut
1190 919 1283 947 suae
1319 904 1511 960 opinionis
1548 903 1688 944 oblitus

148 993 247 1036 quae
272 986 386 1020 antea
409 979 553 1019 dixerit
586 993 661 1019 non
687 978 918 1018 recordetur
943 976 1129 1032 amplius,
1165 982 1203 1015 et
1224 988 1322 1029 quae
1349 973 1552 1027 aliquando
1585 986 1689 1012 com-

148 1048 386 1103 probaverit,
421 1048 552 1088 eadem
577 1061 712 1088 rursus
733 1046 955 1100 imprudens
980 1051 1146 1085 evertat.
1208 1042 1388 1083 Animam
1413 1041 1602 1081 interdum
1626 1040 1690 1080 de-

148 1124 350 1167 voratam,
386 1124 424 1157 et
450 1115 702 1171 corporibus,
747 1128 844 1169 quae
880 1114 917 1154 in
952 1113 1024 1154 hoc
1055 1112 1196 1153 mundo
1225 1118 1338 1160 sunt,
1382 1109 1569 1150 inclusam
1603 1122 1691 1149 esse

151 1185 343 1235 defendit,
387 1185 481 1226 alias
514 1198 536 1224 a
563 1182 810 1238 Principibus
839 1196 859 1223 e
883 1182 1013 1233 coelo,
1058 1188 1172 1235 atque
1196 1194 1248 1220 ex
1279 1179 1368 1220 boni
1404 1178 1463 1218 dei
1498 1184 1693 1218 armatura

152 1252 360 1309 direptam,
405 1240 447 1294 ut
486 1267 562 1292 non
597 1252 759 1307 amplius
797 1252 1004 1301 devorata,
1051 1250 1117 1290 sed
1152 1249 1188 1289 in
1230 1248 1492 1303 captivitatem
1531 1246 1694 1286 abducta

152 1323 222 1372 sit;
257 1335 532 1376 nonnunquam
561 1328 599 1361 et
629 1321 819 1377 captivam
847 1319 1002 1360 asserit.
1064 1317 1205 1372 Neque
1233 1316 1480 1357 cohaerentia
1508 1315 1691 1369 loquitur,

151 1391 217 1431 sed
246 1390 320 1430 alio
354 1390 466 1429 modo
491 1396 607 1430 totam
644 1388 830 1429 eiusmodi
864 1387 1126 1428 narrationem
1152 1386 1341 1426 contexit.
1406 1382 1556 1438 Quippe
1589 1383 1695 1423 velut

152 1473 282 1500 escam
316 1458 504 1512 quandam
531 1458 578 1498 ab
605 1457 794 1512 superiori
821 1457 964 1496 virtute
991 1463 1128 1510 sponte
1160 1469 1229 1495 sua
1255 1454 1443 1494 obiectam
1479 1451 1693 1501 existimat,

153 1542 229 1568 non
256 1527 369 1567 aliter
392 1534 504 1581 atque
535 1526 696 1565 hoedum
722 1524 759 1564 in
786 1524 962 1564 scrobem
996 1523 1163 1564 abiicere
1196 1523 1324 1562 solent
1350 1521 1557 1576 captandae
1590 1521 1695 1560 ferae

150 1595 298 1650 gratia,
341 1609 439 1649 quae
475 1594 545 1634 liac
570 1593 752 1634 illecebra
778 1594 822 1633 ad
854 1592 1077 1647 capiendam
1113 1592 1292 1646 praedam
1322 1590 1480 1630 invitata
1503 1588 1691 1644 capiatur.

152 1663 298 1705 Verum
325 1664 355 1703 si
383 1677 433 1703 ex
458 1663 602 1703 virtute
629 1662 779 1717 propria
808 1661 913 1702 velut
940 1661 1101 1700 hoedum
1127 1660 1225 1700 bunc
1252 1660 1415 1714 aliquem
1439 1659 1497 1699 vis
1520 1658 1582 1697 illa
1606 1671 1696 1697 coe*

151 1733 260 1774 lestis
295 1731 519 1781 immiserit,
566 1731 638 1771 boc
671 1737 731 1770 est
765 1730 888 1770 bonus
919 1730 1032 1780 deus,
1076 1728 1160 1769 sive
1192 1728 1282 1778 lux,
1328 1734 1367 1767 nt
1400 1728 1472 1768 iste
1506 1725 1693 1775 nominat,

156 1801 247 1842 licet
279 1802 397 1840 seram
426 1800 574 1854 capiat,
621 1800 726 1854 prius
753 1806 879 1838 tamen
912 1797 1071 1838 haedum
1103 1797 1252 1837 absumi
1277 1810 1439 1836 necesse
1466 1802 1548 1845 est,
1582 1801 1697 1849 atque

156 1869 208 1910 ita
235 1869 357 1909 maius
386 1867 459 1923 ipsi
486 1867 558 1908 sibi
580 1868 849 1907 detrimentum
881 1865 1061 1907 coelestis
1092 1865 1156 1906 illa
1178 1864 1300 1905 virtus
1326 1863 1566 1915 consciscet,
1600 1877 1696 1918 quae

156 1937 378 1978 nonnullam
401 1936 460 1976 sui
485 1943 632 1991 partem
655 1936 700 1975 ad
724 1935 870 1976 bestiae
897 1934 1072 1989 pabulum
1101 1934 1309 1984 obiecerit,
1342 1940 1384 1973 ut
1408 1947 1479 1987 qua
1506 1946 1547 1973 se
1575 1932 1695 1987 ipsam

156 2006 333 2061 portione
366 2005 603 2046 mutilaverit
632 2005 750 2044 feram
787 2010 964 2058 captasse
991 2003 1194 2053 videatur,
1237 2016 1309 2042 nec
1343 2002 1417 2043 iam
1447 2001 1605 2050 valens,
1650 2015 1694 2040 ac

156 2066 352 2129 suprema,
386 2081 452 2114 aut
476 2079 709 2128 praepotens
735 2072 830 2122 erit,
865 2079 905 2112 ut
929 2085 1024 2112 voce
1055 2072 1112 2112 vel
1140 2071 1338 2112 voluntate
1365 2072 1484 2111 seram
1517 2071 1697 2126 potestati

156 2157 250 2184 suae
277 2142 478 2191 subiiciat,
515 2141 603 2195 quin
627 2141 777 2196 potius,
821 2147 859 2181 ut
880 2140 963 2181 eius
989 2154 1145 2194 compos
1171 2140 1332 2190 evadat,
1367 2139 1502 2179 callide
1527 2153 1570 2179 ac
1595 2140 1696 2179 frau-

155 2212 332 2252 dulenter
356 2210 473 2252 multa
495 2210 665 2250 molitur.
728 2210 788 2250 Ac
812 2208 965 2250 tametsi
993 2209 1092 2249 illius
1117 2208 1243 2263 aliqua
1276 2215 1383 2264 parte
1406 2208 1579 2248 inescata
1614 2208 1697 2247 sera

155 2281 219 2321 illa
247 2287 397 2335 captata
433 2278 504 2329 sit,
550 2286 637 2319 ante
667 2285 792 2318 tamen
829 2279 1054 2318 devoratum
1081 2277 1242 2318 hoedum
1274 2278 1338 2318 illa
1361 2276 1543 2331 perdidit,
1578 2290 1699 2330 quan-

156 2349 297 2390 tumvis
324 2349 504 2404 praedam
529 2346 684 2401 assequi
711 2346 891 2401 potuerit.
955 2344 1022 2387 Sic
1058 2347 1173 2401 igitur
1202 2346 1232 2386 si
1259 2346 1423 2386 animam
1457 2345 1579 2385 virtus
1610 2358 1700 2385 coe-

157 2418 265 2459 lestis
290 2417 328 2458 in
352 2417 452 2457 hunc
488 2416 620 2456 orbem
648 2415 844 2466 emiserit,
888 2422 928 2455 ut
952 2428 1020 2469 per
1041 2428 1124 2456 eam
1149 2413 1392 2469 Principatus
1420 2413 1594 2453 irretiret
1623 2412 1699 2454 Po-

157 2493 397 2540 testatesque
433 2491 628 2540 captaret,
675 2498 750 2524 non
789 2483 852 2524 illa
884 2497 1041 2539 scopum
1075 2497 1185 2538 quem
1214 2483 1369 2523 volebat
1399 2489 1577 2522 assecuta
1610 2482 1694 2523 snit.

155 2553 256 2595 Nam
293 2568 376 2595 cum
409 2554 573 2594 animam
604 2552 709 2593 velut
740 2552 786 2592 ad
811 2554 1028 2593 venandum
1052 2552 1357 2607 captandumque
1381 2550 1552 2601 miserit,
1587 2559 1698 2607 capta

156 2625 239 2679 ipsa
271 2631 398 2663 tamen
431 2622 557 2677 potius
590 2628 670 2672 est,
715 2628 860 2661 etcum
884 2621 927 2661 ad
953 2621 1203 2661 irretiendum
1228 2620 1401 2670 venerit,
1436 2619 1515 2660 suis
1538 2626 1596 2660 est
1628 2620 1698 2660 im—

156 2692 292 2747 plicata
330 2691 499 2741 retibus;
542 2690 728 2744 siquidem
767 2688 970 2743 purissima
1005 2703 1053 2729 ex
1089 2696 1222 2729 natura
1253 2688 1427 2727 derivata
1463 2687 1623 2742 primum
1657 2689 1694 2729 in

158 2760 311 2800 vincula
342 2759 513 2800 concreti
551 2773 635 2799 cum
670 2758 832 2798 materia
868 2758 1042 2812 corporis
1069 2757 1223 2805 incidit,
1261 2763 1337 2796 tum
1362 2756 1490 2796 multis
1523 2764 1582 2796 est
1608 2771 1696 2810 pec-

159 2835 331 2869 catorum
365 2827 618 2868 incommodis
653 2827 854 2867 obstricta.
919 2824 1180 2879 Quamobrem
1223 2824 1405 2864 baeretici
1449 2824 1550 2865 illius
1581 2832 1695 2880 atque

158 2896 368 2937 execrandi
391 2896 554 2936 hominis
578 2902 652 2936 tam
678 2895 802 2936 oratio
830 2909 941 2950 quam
967 2894 1140 2935 doctrina
1164 2893 1264 2933 omni
1285 2906 1334 2933 ex
1354 2900 1461 2948 parte
1486 2894 1692 2935 refellitur,

158 3045 338 3076 convertisse
362 3043 452 3076 vetut
475 3044 584 3077 valida
608 3051 642 3077 et
663 3055 824 3088 suprema.
995 3039 1026 3074 4.
1051 3041 1115 3084 τῆς
1138 3051 1197 3074 om.
1222 3043 1289 3074 cod.
1313 3043 1442 3084 Rhediq.

1746 918 1826 960 Cap.

1716 964 1839 996 XLIV.
