2066 3319
545 191 723 223 rANARn
749 192 889 223 Ltss.11.
915 192 1020 224 ToM.
1041 193 1065 224 1.
1092 193 1222 224 naun.
1241 193 1295 224 Ll.
1642 183 1694 223 79

156 269 276 310 semel
300 269 464 321 dictum,
499 276 576 310 tum
609 269 657 310 ob
683 284 887 311 caecorum
916 271 1109 313 hominum
1127 304 1137 323 ,
1171 273 1233 327 qui
1259 271 1493 312 infidelitalis
1516 284 1696 312 asseren-

156 337 227 377 dae
253 344 368 392 atque
402 345 439 377 et
473 345 607 378 sancto
640 338 792 393 spiritui
825 347 864 379 et
895 340 1187 393 evangeliorum
1221 339 1538 380 constantissimo
1571 339 1695 380 ordini

157 405 447 446 contradicendi
479 407 725 447 occasionem
759 408 926 462 undiquc
958 415 1133 462 captant,
1173 422 1294 462 cogor
1323 422 1438 462 saepe
1470 416 1664 463 repetere.

269 472 424 514 Etenim
456 481 528 515 tam
557 475 757 516 enucleata
786 483 1041 530 aecurataquc
1068 477 1167 516 ratio
1192 477 1278 516 illos
1305 491 1439 516 omnes
1472 477 1694 532 occupando

155 549 373 582 summovet
405 543 467 596 qui
498 543 687 584 adversus
720 544 964 599 evangelium
997 558 1167 600 pugnare
1192 559 1268 584 non
1295 545 1492 596 dubitant,
1527 561 1610 586 cum
1639 545 1695 586 id-

155 610 277 665 ipsum
301 611 566 661 demonstrat,
601 613 812 653 secundum
840 613 1068 668 baptismum
1100 621 1318 653 ceterarum
1343 626 1469 652 rerum
1496 621 1693 667 gestarum

155 679 263 719 initia
297 678 394 719 hune
423 679 460 719 in
493 681 644 720 modum
675 689 832 722 secutas
876 681 1014 721 deinde
1048 695 1144 735 quae
1182 688 1264 735 post
1302 680 1528 734 baptisnnnn
1563 682 1599 721 in
1632 682 1695 722 illa

153 745 232 787 XL
279 747 426 787 dierum
467 748 681 789 tentatione
724 765 767 790 ac
805 750 960 789 deserto
1002 749 1276 803 contigerunt,
1327 763 1403 788 non
1450 749 1533 789 sine
1573 751 1696 790 saneti

154 815 313 870 spiritns
353 816 480 856 alllatn
515 831 536 857 a
575 815 719 858 loanne
754 817 1053 872 praetermissa,
1098 817 1197 871 qnod
1232 831 1252 856 a
1285 817 1406 857 tribus
1444 818 1696 871 evangelistis

154 891 267 924 antea
293 885 505 924 memoriae
529 893 662 925 essent
687 886 851 941 prodita.
897 884 1229 939 Quemadmodum
1253 885 1325 925 alia
1347 885 1411 925 alii
1433 886 1697 940 evangelistae

154 954 436 1008 praetereunda
464 960 667 1008 putarunt,
703 955 801 1009 quod
832 955 991 995 alterius
1017 954 1115 994 aller
1140 954 1247 994 velut
1275 953 1447 994 subsidio
1480 954 1694 1006 niteretur,

153 1021 206 1062 ita
230 1029 381 1072 tamen,
416 1029 456 1061 ut
483 1036 557 1061 una
581 1021 631 1062 sit
655 1036 706 1063 ex
735 1023 911 1063 omnibus
938 1023 1099 1064 collecta
1127 1037 1172 1063 ac
1204 1023 1391 1063 subducta
1418 1022 1589 1073 veritas,
1625 1038 1697 1064 nec

153 1104 174 1130 a
195 1104 237 1131 se
262 1091 342 1145 ipsa
366 1089 584 1131 dissentiat.
646 1089 750 1132 Nam
779 1099 864 1146 post
890 1092 1119 1147 baptismum
1149 1092 1278 1132 statim
1308 1090 1414 1132 illinc
1437 1090 1695 1143 Nazaretum,

153 1159 207 1198 uti
240 1159 346 1209 dixi,
394 1159 678 1214 proficiscitur,
725 1159 852 1214 ibique
890 1160 975 1200 sine
1016 1161 1102 1201 ullis
1142 1160 1264 1200 adhuc
1300 1159 1498 1215 discipulis
1539 1159 1694 1201 mansit.

155 1226 256 1267 Hinc
291 1227 337 1267 ad
375 1225 557 1268 loannem
593 1229 815 1279 contendit3
849 1243 924 1283 quo
954 1236 1126 1284 tempore
1153 1227 1295 1269 Petrus
1321 1229 1505 1269 Andreae
1539 1236 1697 1269 vocatus

154 1302 214 1336 est
243 1310 384 1350 opera,
428 1302 504 1336 tum
534 1294 754 1351 Philippus,
795 1304 834 1337 et
868 1311 935 1352 per
967 1295 1182 1352 Philippum
1217 1296 1456 1337 Nathanael.
1519 1296 1608 1338 Nec
1641 1305 1699 1338 est

154 1364 251 1418 quod
286 1365 361 1404 ista
394 1365 660 1420 scrupulosius
693 1365 905 1419 exquirens
941 1365 1089 1406 dubitet
1122 1365 1334 1421 quispiam,
1368 1367 1466 1420 quod
1497 1366 1697 1406 Andream

153 1431 316 1487 primum
343 1433 562 1474 occurrisse
589 1431 678 1474 lesu
701 1434 846 1485 videat,
875 1434 1011 1474 deinde
1035 1432 1212 1485 Petrum,
1247 1435 1310 1489 qni
1338 1449 1405 1488 per
1428 1435 1530 1475 illum
1555 1435 1605 1475 sit
1630 1449 1698 1475 vo-

153 1509 287 1552 catus,
331 1501 377 1542 ob
412 1515 573 1555 eamque
606 1516 782 1543 caussam
818 1509 1064 1543 succenseat.
1128 1502 1282 1542 Etenim
1311 1504 1493 1544 Andreas
1524 1503 1630 1559 prior
1659 1504 1697 1543 in

153 1570 347 1610 dominum
371 1569 521 1620 incidit,
557 1571 655 1624 quod
678 1569 821 1611 Petrus
844 1578 928 1611 erat
951 1578 1078 1611 aetate
1101 1570 1243 1611 iunior.
1295 1570 1443 1613 Postea
1463 1586 1576 1622 vero,
1611 1586 1695 1612 cum

154 1638 331 1679 absoluta
363 1638 427 1678 illa
457 1645 638 1692 suscepta
671 1647 730 1679 est
767 1641 936 1680 omnium
975 1653 1102 1679 rerum
1140 1639 1356 1692 abdicatio,
1404 1640 1553 1681 initium
1586 1648 1644 1681 est
1676 1654 1698 1681 a

154 1705 273 1747 Petro
300 1708 457 1747 factum.
510 1706 624 1747 Tunc
647 1708 747 1747 enim
775 1715 813 1748 et
836 1708 917 1763 ipsc
943 1708 1050 1748 fratri
1076 1723 1146 1748 suo
1171 1707 1351 1763 praeivit.
1408 1708 1571 1749 Accedit
1598 1709 1697 1763 quod

152 1775 246 1816 deus
269 1776 520 1816 humanorum
547 1775 718 1816 cordium
742 1784 856 1817 nutus
877 1791 920 1817 ac
947 1776 1227 1831 propensiones
1249 1777 1538 1827 animadvertit,
1570 1792 1614 1817 ac
1635 1777 1697 1831 qui

152 1843 203 1884 sit
225 1843 347 1898 primo
371 1844 456 1884 loco
482 1844 619 1898 dignus
646 1844 838 1899 intelligit.
893 1843 1025 1899 Quare
1049 1843 1209 1885 Petrum
1234 1844 1508 1900 discipulorum
1539 1860 1698 1886 suorum

153 1911 365 1968 principem
390 1912 522 1967 elegit,
557 1913 611 1952 uti
638 1913 840 1967 perspicue
867 1913 1101 1954 declaratum
1126 1921 1201 1954 est.
1259 1913 1482 1955 Secundum
1508 1914 1601 1955 haec
1626 1913 1697 1969 igi-

110 2013 113 2015 .
152 1988 239 2032 tur,
273 1995 358 2022 cum
395 1981 441 2022 ad
471 1978 668 2021 Christum
710 1982 760 2022 illi
797 1982 1020 2033 venissent,
1061 1997 1105 2023 ac
1140 1983 1285 2037 prima,
1330 1990 1370 2022 ut
1403 1982 1595 2034 diximus,
1637 1983 1698 2024 die

152 2049 380 2090 commorati
406 2057 560 2104 postera
588 2050 884 2100 discessissent,
919 2065 963 2091 ac
988 2051 1124 2092 deinde
1157 2052 1220 2091 alii
1251 2065 1294 2092 se
1319 2051 1470 2105 quidam
1497 2052 1699 2092 adiunxis-

151 2125 254 2168 sent,
288 2118 334 2158 ab
360 2117 537 2169 Andrea,
571 2117 708 2169 Petro,
744 2117 888 2159 Ioanne
913 2133 957 2160 ac
984 2117 1124 2160 lacobo
1149 2120 1319 2170 diversi,
1365 2119 1591 2174 quibuscum
1620 2118 1697 2161 Ca-

152 2186 363 2242 pharnaum
396 2187 531 2227 abiens
562 2187 649 2227 inde
677 2186 920 2228 'Nazaretum
951 2189 1147 2243 perrexit,
1180 2187 1427 2242 indidemque
1458 2202 1593 2228 rursus
1619 2186 1696 2229 Ca-

151 2255 360 2309 pharnaum
383 2255 512 2307 rediit,
542 2270 586 2296 ac
608 2256 790 2297 miracula
813 2256 999 2311 quaedam
1022 2256 1155 2308 edidit,
1188 2257 1403 2297 cuiusmodi
1423 2263 1482 2297 cst
1501 2258 1696 2298 arefactae

153 2337 289 2363 manus
328 2338 372 2364 ac
411 2338 547 2364 socrus
579 2322 688 2364 Petri
732 2325 905 2366 curalio:
947 2324 1035 2366 inde
1065 2323 1307 2366 Nazaretum
1349 2325 1474 2365 denuo
1512 2339 1695 2366 reversus

153 2389 277 2432 Isaiae
299 2392 477 2432 volumen
505 2393 611 2447 legit,
647 2400 684 2433 et
707 2390 978 2448 Capharnaum
1006 2407 1094 2435 sese
1120 2394 1260 2435 iterum
1284 2393 1445 2449 recepit.
1503 2391 1605 2433 Tum
1629 2394 1694 2434 de-

152 2474 254 2500 mum
291 2462 460 2515 perfecte
490 2459 634 2502 Petrus
672 2459 916 2517 loannesque
951 2462 1077 2503 vocati
1112 2469 1217 2503 sunt.
1280 2463 1409 2516 Atque
1444 2461 1504 2502 liic
1539 2463 1693 2502 tandem

150 2564 215 2594 eius
247 2564 329 2603 quod
358 2565 515 2603 praecedit
541 2566 685 2596 vocabuli
708 2567 900 2606 succreverit,
991 2566 1021 2598 5.
1047 2563 1084 2599 δὲ
1103 2567 1315 2606 particulam,
1349 2573 1427 2604 qnae
1447 2565 1641 2597 desideralur
1661 2567 1693 2597 in

152 2611 206 2639 aul
230 2610 404 2648 corruptela
427 2612 465 2641 sil
488 2612 648 2642 voculae.
639 2621 711 2648 ·:;‹2›
945 2613 1051 2650 libris,
1085 2614 1228 2643 revocavi
1260 2620 1297 2642 ex
1323 2612 1428 2650 prima
1459 2612 1580 2650 syllaba
1611 2613 1694 2643 vocis

196 2654 228 2686 2.
252 2649 302 2686 'O
326 2665 358 2687 τ.
379 2653 436 2687 ἕτῑε
439 2666 493 2687 ιιι
521 2657 631 2695 scripsi
653 2665 719 2687 meo
751 2658 899 2696 periculo
945 2659 983 2691 δε
986 2668 1041 2690 ure:
1027 2656 1096 2700 έρᾳ.

151 2700 185 2731 ln
212 2701 297 2731 libris
321 2703 363 2731 est
387 2695 439 2734 ότι
464 2698 585 2733 ἔτειτα.
989 2702 1020 2735 6.
1045 2705 1092 2734 An
1117 2699 1195 2736 05&
1205 2701 1220 2733 ?

196 2746 227 2777 5.
263 2742 352 2786 παρὰ
376 2745 457 2778 ‘2500
479 2756 532 2785 eqo
555 2749 684 2778 correxi.
733 2748 819 2779 Libri
841 2748 898 2779 ha
990 2747 1021 2781 Τ.
1051 2750 1154 2779 Delevi
1176 2743 1233 2780 ό--·
1261 2747 1343 2786 quod
1366 2748 1436 2778 libri
1456 2750 1525 2779 ante
1549 2741 1626 2780 τότε
1646 2749 1694 2779 in-

154 2791 221 2822 bent
241 2778 359 2831 mpl‘*
341 2790 426 2824 50‘3.
477 2793 538 2823 Pro
566 2802 625 2832 qno
648 2794 795 2825 Pelavius
824 2792 899 2834 πέρι
944 2797 1055 2826 serunt
1096 2791 1593 2845 ΟὶὶηιρὶαουεναίΚαφαρναουμ
1604 2791 1694 2834 τότε,

153 2837 251 2875 (quod
273 2837 411 2868 videlicet
435 2838 478 2868 ad
497 2847 634 2879 τεσσαρ
656 2849 744 2880 ημε
732 2838 793 2871 σῶν
822 2840 898 2878 refe·
944 2850 981 2872 το
975 2836 1022 2870 ’τ;
1043 2835 1107 2878 ἡ*
1112 2839 1163 2869 :ks
1168 2837 1218 2869 ίαῑ
1252 2838 1305 2868 sed
1325 2839 1435 2869 rectius
1459 2835 1569 2870 illud
1559 2835 1616 2872 ὅτε
1638 2848 1694 2877 pro

151 2882 280 2912 rendum
302 2885 392 2922 essel)
417 2881 454 2914 ἕπε
442 2882 494 2915 οὗ
518 2883 566 2926 τῷ
591 2894 650 2916 ’.νε
654 2881 742 2925 ύυατ
746 2885 820 2916 vel
841 2895 898 2916 πε·
944 2886 1125 2923 9lossemale
1145 2884 1319 2914 habendum
1343 2893 1423 2915 nunc
1445 2885 1570 2923 quidem
1593 2886 1694 2923 suspi-

154 2926 261 2966 ριττοῦ
287 2927 334 2970 τῷ
360 2938 409 2959 m.
425 2929 505 2968 ,vel
529 2927 604 2970 περὶ
627 2940 662 2962 ου
687 2928 735 2974 τῷ
757 2940 825 2970 rm,
850 2939 898 2961 re·
945 2939 996 2960 cor
1018 2929 1160 2967 maglislrl
1183 2929 1316 2960 alicuius
1343 2930 1380 2961 de
1402 2932 1567 2962 senlenliae
1589 2930 1695 2962 ordine

154 2972 340 3002 sliluendum
363 2975 489 3004 censuit.
605 2984 613 2992 ·
946 2975 1127 3005 aberranlis.

198 3014 229 3048 4.
253 3015 379 3055 κλίσεις
399 3019 542 3057 placebat
565 3021 701 3052 Pelavio.

1741 474 1817 518 Cap

1725 521 1832 553 Xth.

1718 826 1817 855 loann.
1838 828 1862 856 l.
