2066 3319
165 268 253 312 Κεφ.
279 267 331 312 ιγ’.

200 2185 267 2214 pag.
284 2177 341 2205 436.

353 175 404 216 70
916 182 1076 215 SANCTI
1100 183 1322 216 EPlPHANn

468 262 547 302 Καὶ
572 260 633 302 ὅτε
656 263 843 315 διηγεῖται
865 263 985 302 ταῦτα
1009 261 1153 312 πάντα,
1184 261 1302 316 λέγει,
1338 264 1467 301 Ταῦτα
1496 261 1536 302 ἐν
1560 263 1781 319 Βηθαβαρᾷ
1808 261 1884 317 ἐγέ-

351 346 455 371 νετο·
497 330 538 369 ἐν
569 326 696 376 ἄλλοις
726 328 766 369 δὲ
797 325 1073 382 άντιγράφοις,
1118 330 1158 370 έν
1183 330 1386 385 Βηθανία,
1428 329 1551 383 πέραν
1579 333 1650 370 τοῦ
1673 327 1885 384 Ἰορδάνου.

356 397 437 437 Καὶ
461 394 555 448 μετά
577 399 698 436 ταῦτα
723 397 936 446 δείκνυσιν,
967 394 1026 437 ὅτι
1046 394 1156 438 εἷπον
1177 395 1283 453 αὐτῷ
1306 398 1346 437 οἱ
1365 394 1443 437 άπὸ
1467 401 1536 438 τοῦ
1553 394 1737 438 Ἰωάννου
1758 403 1886 450 μαθη-

354 465 430 514 ταὶ,
461 461 609 516 Ῥαββὶ,
633 467 712 505 ποῦ
737 464 884 516 μένεις,
916 461 938 505 ὁ
959 463 1000 504 δὲ
1019 461 1112 515 εἶπε,
1145 467 1253 506 δεῦτε
1273 465 1339 505 καὶ
1361 466 1478 506 ἰ’δετε·
1509 465 1576 506 καὶ
1595 462 1791 517 άπῆλθον,
1821 465 1887 505 καὶ

355 529 445 586 παρ’
476 529 581 587 αὐτῷ
612 532 766 584 ἔμειναν
792 530 863 584 τὴν
881 529 1031 587 ’ἡμέραν
1052 533 1212 585 ἐκείνην.
1272 532 1352 574 Καὶ
1376 534 1424 589 τῇ
1450 530 1609 586 αὔριον,
1642 527 1745 587 ῖ,Ωρα
1763 527 1813 585 ῆν
1835 529 1888 580 ὥς

355 598 518 653 δεκάτη,
548 593 597 652 ἦν
618 597 800 654 Ἀνδρέας
822 597 845 640 ὁ
869 598 1038 651 άδελφός
1058 602 1240 652 Σίμωνος
1266 600 1440 654 Πέτρου,
1473 597 1528 648 εἷς
1550 601 1591 641 ἐκ
1614 603 1692 641 τῶν
1714 598 1786 641 δύο
1811 603 1888 640 τῶν

354 665 712 720 ἀκολουθησάντων
738 665 860 724 αὐτῷ·
901 665 1069 722 εὑρίσκει
1092 662 1209 716 οὗτος
1232 671 1388 722 πρῶτος
1410 666 1475 709 τὸν
1498 665 1670 719 οἷδελφόν
1691 665 1759 709 τὸν
1787 669 1888 709 ἰ’διον

354 737 529 788 Σίμωνα,
559 735 626 776 καὶ
645 735 740 789 λέγει
763 733 889 792 αὐτῷ,
920 733 1159 789 Εὑρήκαμεν
1178 737 1380 785 Μεσσίαν,
1411 733 1482 776 τόν
1503 733 1889 790 μεθερμηνευόμενον

359 801 540 855 Χριστόν.
596 797 723 851 Οὗτος
745 800 888 858 ῆγαγεν
907 801 1027 844 αὐτόν
1048 801 1147 858 πρὸς
1168 801 1235 844 τὸν
1255 801 1426 856 Ἰησοῦν.
1485 801 1704 856 Ἐμβλέψας
1725 803 1765 844 δὲ
1784 800 1889 860 αὐτῷ

356 868 379 913 ὁ
397 869 574 924 Ἰησοῦς,
606 867 710 920 εἷπε,
741 868 803 911 Σῦ
826 868 865 911 εἶ
882 873 1016 924 Σίμων
1038 869 1125 920 υίὸς
1145 869 1282 922 Ἰωνᾶ,
1313 869 1360 912 σύ
1383 869 1564 928 κληθήσῃ
1588 874 1753 923 Κηφᾶς,
1784 869 1806 911 ὃ
1830 871 1890 925 έρ-

356 936 558 992 μηνεύεται
582 939 744 992 Πέτρος.
812 943 867 996 Τῇ
892 937 1080 993 ἐπαύριον
1101 937 1291 992 ἠθέλησεν
1312 941 1480 988 ἐξελθεῖν
1502 940 1555 987 εἰς
1575 936 1646 991 τῆν
1670 940 1889 989 Γαλιλαίαν,

354 1007 421 1048 καὶ
443 1003 609 1060 εὑρίσκει
630 1008 847 1056 Φίλιππον,
876 1007 941 1047 καὶ
962 1007 1060 1062 λέγει
1081 1005 1187 1064 αὐτῷ
1209 1005 1230 1049 ὁ
1249 1005 1425 1060 Ἰησοῦς,
1455 1005 1686 1048 Ἀκολούθει
1707 1023 1783 1059 μοι.
1815 1000 1891 1047 ³Hv

355 1073 396 1115 δὲ
420 1076 614 1122 Φίλιππος
635 1072 713 1116 άπὸ
735 1076 960 1126 Βηθσαϊδᾶ,
985 1076 1027 1116 ἐκ
1046 1079 1115 1128 τῆς
1132 1073 1279 1124 πόλεως
1295 1073 1479 1130 Ἀνδρέου
1497 1075 1564 1116 καὶ
1586 1075 1760 1127 Πέτρου·
1791 1071 1888 1128 εὖρί-

356 1155 435 1183 σκει
462 1144 656 1190 Φίλιππος
676 1140 744 1184 τὸν
769 1140 1011 1196 Ναθαναὴλ,
1041 1144 1109 1183 καὶ
1127 1143 1224 1197 λέγει
1246 1141 1363 1200 αὐτῷ,
1384 1142 1459 1184 uOv
1481 1144 1628 1198 ἔγραψε
1647 1146 1829 1195 Μωῢσῆς
1850 1142 1891 1183 ἓν

355 1214 410 1266 τῷ
433 1207 563 1266 νόμῳ,
602 1211 670 1251 καὶ
699 1212 739 1251 οἵ
755 1214 976 1266 προφῆται,
1019 1208 1237 1264 εὑρήκαμεν
1258 1209 1417 1264 Ἰησοῦν
1440 1209 1527 1252 υἱόν
1556 1214 1626 1251 τοῦ
1648 1208 1800 1263 Ἰωσὴφ
1823 1208 1891 1251 τόν

357 1275 435 1318 άπὸ
461 1278 646 1333 Ναζαρέτ.
708 1279 787 1319 Καὶ
812 1276 918 1319 εἶπεν
941 1276 1045 1334 αὐτῷ
1070 1277 1315 1331 Ναθαναὴλ,
1343 1277 1411 1320 Ἐκ
1435 1278 1610 1333 Ναζαρὲτ
1640 1283 1654 1307 1
1671 1277 1834 1319 δύναταί
1856 1294 1892 1319 τι

359 1343 515 1400 α’γαθόν
537 1343 654 1395 εἶναι,-
683 1346 781 1400 λέγει
802 1343 906 1402 αύτῷ
930 1344 953 1387 ό
976 1348 1185 1396 Φίλιππος,
1204 1345 1351 1401 ’Έρχου
1371 1347 1438 1387 καὶ
1458 1349 1528 1388 ἰ’δε.
1577 1344 1693 1387 Ἰδών
1713 1346 1753 1387 δὲ
1774 1344 1796 1387 ὁ
1814 1343 1892 1398 Ἰη-

357 1417 451 1461 σοῦς
468 1411 536 1454 τόν
560 1411 782 1466 Ναθαναήλ
804 1412 1011 1467 ἐρχόμενον
1032 1413 1132 1468 πρὸς
1154 1411 1286 1464 αὐτὸν,
1316 1414 1414 1469 λέγει
1432 1415 1520 1469 περὶ
1541 1412 1675 1464 αὐτοῦ,
1695 1412 1783 1454 Ἴδε
1804 1411 1892 1467 άλη-

355 1485 443 1529 θῶς
465 1479 726 1535 Ἰσραηλίτης,
758 1482 799 1522 έν
824 1476 854 1536 ᾦ
879 1480 992 1529 δόλος
1016 1479 1088 1522 οὐκ
1111 1482 1199 1522 ἔστι.
1258 1482 1377 1536 Λέγει
1402 1479 1505 1538 αὐτῷ
1531 1480 1775 1535 Ναθαναὴλ,
1808 1480 1891 1523 Πό-

356 1555 428 1590 θεν
457 1564 502 1601 με
531 1546 749 1603 γινώσκεις,
792 1547 1005 1602 Ἀπεκρίθη
1032 1547 1211 1602 Ἰησοῦς,
1253 1552 1320 1591 καὶ
1344 1547 1450 1591 εἶπεν
1474 1548 1600 1605 αὐτῷ,
1645 1548 1732 1605 Πρὸ
1758 1553 1828 1591 τοῦ
1851 1564 1891 1590 σε

361 1619 559 1658 Φίλιππον
585 1621 766 1670 φωνῆσαι
794 1615 887 1658 ὅντα
912 1615 991 1659 ’ὑπὸ
1019 1616 1089 1671 τήν
1119 1621 1264 1670 συκῆν,
1308 1615 1412 1659 εἶδόν
1438 1631 1490 1659 σε.
1547 1615 1762 1672 Ἀπεκρίθη
1787 1614 1892 1674 αὐτῷ

359 1682 601 1737 Ναθαναήλ,
640 1685 706 1726 καὶ
728 1682 830 1737 εἶπε,
865 1683 1017 1739 Ῥαββὶ,
1060 1683 1108 1726 σῦ
1128 1682 1165 1726 εἶ
1184 1683 1207 1726 ό
1229 1684 1315 1734 υἱὸς
1338 1690 1409 1726 τοῦ
1428 1690 1549 1737 θεοῦ,
1588 1683 1635 1727 σύ
1658 1684 1836 1739 βασιλεύς
1858 1681 1896 1726 εἶ

357 1757 427 1794 τοῦ
450 1750 618 1807 Ἰσραήλ.
676 1751 892 1808 Ἀπεκρίθη
923 1751 946 1795 ὁ
964 1752 1142 1806 Ἰησοῦς,
1185 1754 1251 1795 καὶ
1276 1751 1382 1794 εἶπεν
1406 1751 1532 1811 αὐτῷ,
1559 1752 1649 1794 ’Ότι
1675 1751 1787 1794 εἶπόν
1817 1767 1891 1803 σοι,

358 1817 486 1861 Εἶδόν
514 1833 555 1860 σε
579 1817 764 1862 ὑποκάτω
794 1826 864 1874 τῆς
889 1825 1031 1874 συκῆς,
1069 1819 1279 1871 πιστεύεις,
1321 1823 1433 1874 μείζω
1465 1819 1616 1863 τούτων
1647 1819 1750 1874 ὄψει.
1812 1821 1892 1862 Καὶ

359 1885 464 1929 εἶπεν
488 1886 614 1944 αὐτῷ,
653 1886 794 1941 Ἀμὴν,
827 1887 931 1942 ἄμην
953 1889 1049 1944 λέγω
1073 1887 1186 1942 ὑμῖν,
1226 1887 1378 1941 ὄψεσθε
1398 1887 1466 1930 τόν
1489 1887 1659 1944 οὐρανόν
1682 1887 1891 1946 ἀνεῳγότα,

358 1957 424 1998 καὶ
450 1954 542 2005 τούς
562 1953 748 2010 άγγέλους
775 1961 847 1998 τοῦ
870 1961 971 1999 θεοῦ
992 1955 1276 2011 άναβαίνοντας
1303 1958 1368 1998 καὶ
1393 1959 1702 2010 καταβαίνοντας
1732 1958 1795 1998 ἐπὶ
1824 1954 1893 1998 τόν

359 2023 448 2066 υἷόν
475 2028 546 2065 τοῦ
570 2021 802 2079 ἀνθρώπου.
863 2025 943 2066 Καὶ
968 2029 1016 2083 τῇ
1037 2022 1163 2082 ήμέρᾳ
1191 2029 1239 2083 τῇ
1263 2027 1370 2083 τρίτῃ
1395 2023 1519 2080 γάμος
1540 2025 1687 2078 ἐγένετο
1714 2025 1754 2066 έν
1777 2023 1892 2081 Κανᾷ

358 2096 428 2145 τῆς
449 2094 672 2141 Γαλιλαίας,
712 2092 777 2132 καὶ
801 2090 848 2133 τά
872 2093 975 2146 ἑξῆς·
1015 2094 1079 2134 ἵνα
1103 2095 1206 2151 δείξῃ
1231 2091 1326 2146 μετά
1348 2091 1418 2142 τάς
1439 2091 1724 2147 τεσσαράκοντα
1747 2090 1893 2147 ’ἡμέρας

360 2164 429 2202 τοῦ
453 2163 690 2215 πειρασμοῦ,
729 2160 796 2200 καὶ
823 2158 916 2212 μετά
940 2159 1011 2212 τὴν
1034 2158 1098 2201 ἄπ’
1124 2159 1246 2202 αὐτοῦ
1270 2165 1339 2203 τοῦ
1362 2165 1579 2215 πειρασμοῦ
1606 2159 1798 2203 ἐπάνοδον
1825 2161 1892 2201 καὶ

361 2226 488 2282 ὁρμὴν
506 2226 575 2281 τὴν
600 2227 664 2269 ε’πὶ
688 2227 865 2281 Ναζαρὲτ
888 2229 956 2269 καὶ
978 2231 1204 2279 Γαλιλαίαν,
1249 2227 1300 2277 ὥς
1326 2230 1367 2270 οἱ
1386 2226 1489 2270 ἄλλοι
1509 2234 1610 2283 τρεῖς
1632 2226 1892 2283 εύαγγελισταὶ

361 2297 532 2349 ἔφησαν,
564 2293 679 2336 πάλιν
700 2295 763 2336 ἐπὶ
783 2293 851 2336 τὸν
870 2293 1077 2350 Ἰορδάνην
1095 2294 1214 2338 αὐτόν
1232 2295 1389 2349 η’κέναι·
1422 2293 1475 2344 ω”ς
1498 2297 1563 2337 καὶ
1583 2294 1660 2337 άπό
1683 2299 1752 2338 τοῦ
1772 2295 1891 2351 λόγου

359 2362 550 2405 Ἰωάννου
570 2361 827 2416 δειχθήσεται,
858 2361 1057 2416 φήσαντος
1077 2363 1220 2413 οὕτως·
1241 2364 1334 2406 ΓὈτε
1356 2361 1456 2405 εἶδεν
1474 2361 1592 2405 αὐτόν
1615 2363 1822 2419 ἐρχόμενον
1844 2369 1890 2422 τῇ

363 2430 569 2486 ἐπαύριον,
610 2428 733 2482 εἶπεν,
763 2428 850 2471 ’Ίδε
875 2428 898 2472 ὅ
921 2428 1042 2484 ἆμνὸς
1066 2435 1134 2473 τοῦ
1157 2437 1279 2483 θεοῦ,
1322 2430 1346 2473 ὁ
1369 2434 1489 2487 αἴρων
1513 2430 1583 2485 τήν
1607 2430 1798 2487 ἁμαρτίαν
1820 2436 1890 2474 τοῦ

362 2497 523 2552 κόσμου.
583 2500 663 2540 Καὶ
693 2497 810 2539 πάλιν
839 2503 886 2556 τῇ
916 2496 1007 2556 ἄλλῃ
1036 2497 1183 2556 ήμέρςι,
1226 2498 1277 2548 ὥς
1307 2497 1408 2541 εἶδεν
1438 2497 1556 2541 αῦτὸν
1584 2505 1887 2555 περιπατοῦντα,

363 2568 461 2619 ἔφη,
506 2561 633 2615 Οὗτός
658 2568 735 2608 ἐστι
756 2567 844 2621 περὶ
871 2561 920 2607 οὗ
946 2563 1057 2608 εἷπον
1082 2565 1194 2620 ύμῖν,
1235 2565 1277 2608 Ὁ
1301 2566 1427 2609 ὀπίσω
1453 2585 1528 2621 μου
1561 2567 1796 2622 2ἐρχόμενος
1825 2569 1888 2621 ἔμ-

364 2635 540 2688 προσθέν
563 2652 638 2687 μου
662 2635 833 2689 γέγονεν,
876 2633 933 2676 ὅτι
957 2634 1112 2687 πρῶτός
1135 2653 1210 2688 μου
1233 2630 1292 2689 ῆν.
1354 2636 1432 2676 Καὶ
1457 2634 1713 2690 ἐμαρτύρησε,
1752 2637 1889 2689 φησὶν,

362 2700 551 2755 Ἰωάννης
570 2704 689 2757 λέγων
709 2701 789 2753 ὅτι,
827 2702 1024 2755 Τεθέαμαι
1047 2701 1089 2744 τό
1111 2709 1263 2755 πνεῦμα
1289 2705 1329 2745 ἐν
1350 2706 1441 2744 εἴδει
1461 2709 1687 2759 περιστερᾶς
1707 2707 1888 2757 καταβαῖ-

363 2787 450 2820 νον,
492 2771 558 2810 καὶ
584 2769 788 2824 ἐρχόμενον
819 2768 876 2811 ἐπ’
900 2768 1036 2812 αὐτόν·
1077 2770 1120 2811 τό
1152 2772 1192 2812 δὲ
1216 2769 1500 2826 Ἐμαρτύρησε,
1539 2773 1606 2813 καὶ
1636 2772 1716 2823 ὅτι,
1761 2767 1888 2821 Οὗτός

366 2839 466 2880 ε’στιν
497 2836 541 2878 ὃν
565 2835 673 2879 εἶπον
695 2836 806 2891 ύμῖν,
851 2836 903 2886 οἷς
925 2837 999 2892 ἤδη
1022 2839 1109 2893 περὶ
1133 2837 1247 2880 ἄλλου
1271 2841 1337 2880 καὶ
1361 2838 1476 2882 ὄίλλου
1499 2844 1638 2895 καιροῦ
1660 2841 1884 2898 παρῳχημέ-

363 2922 436 2947 νου
459 2906 598 2961 λέγων,
639 2907 704 2946 ἵνα
728 2909 830 2964 δείξῃ
862 2904 909 2948 ού
930 2905 997 2948 τὸν
1021 2905 1139 2948 αὐτὸν
1162 2904 1259 2948 εἶναι
1280 2907 1420 2964 καιρόν
1443 2911 1586 2950 τοῦτον
1612 2909 1778 2961 ἐκεῖνον,
1817 2907 1886 2951 τὸν

412 2997 487 3031 cm).
508 2998 602 3031 XIII.
627 3017 666 3024 —-
707 3000 734 3032 1.
766 2995 900 3034 δύναται
922 2998 954 3035 τί
976 2997 1103 3044 ἀγαθὸν
1128 3001 1193 3033 cod.
1215 3001 1342 3041 Rhediy.
