2066 3319
486 214 666 246 PANARn
690 214 773 245 LIB.
790 214 831 245 11.
855 214 963 246 ToM.
983 215 1022 246 n.
1048 213 1318 246 HAER.LXV1.
1590 204 1664 243 461

131 294 278 347 inquit,
311 308 434 332 onmes
464 308 556 345 qnos
586 294 797 347 offerebant
823 295 916 341 sibi,
953 297 1158 341 lmmmvs,
1193 302 1229 332 et
1264 295 1378 332 varies
1409 293 1545 331 morbis
1575 293 1670 345 affe-

132 369 224 401 etos.
288 358 387 402 Cum
413 361 512 401 enim
539 375 695 412 caeCOS,
731 362 886 412 surdos,
921 362 1121 412 incurvos,
1157 362 1406 416 paralyticos,
1442 374 1600 400 mancos
1626 360 1671 399 ad

133 444 218 471 eum
245 430 504 479 adducerent,
540 430 718 470 omnibus
749 430 977 470 heneficium
1008 445 1118 471 suum
1146 445 1189 469 ac
1215 430 1418 469 sanitatem
1446 429 1576 483 largiri
1610 442 1672 468 so-

132 499 258 550 lebat,
300 512 487 552 nusquam
520 512 615 538 vero
649 499 832 553 scriptum
872 506 930 537 est
964 500 1130 553 pecudes
1164 499 1288 537 eidem
1324 498 1488 537 oblatas.
1555 495 1673 537 Prae-

133 574 242 608 terea
271 580 355 606 cum
383 567 428 606 ad
453 565 773 620 Gergesenorum
805 567 1002 620 regionem
1031 568 1227 616 venisset,
1264 573 1303 605 ut
1324 564 1482 606 Marcus
1514 565 1671 614 asserit,

133 643 199 676 aut
223 635 268 675 ad
296 649 429 675 eorum
463 635 583 684 lines,
620 642 659 675 ut
687 634 817 676 Lucas
848 635 1025 689 scripsit,
1061 642 1126 674 aut
1151 634 1472 683 Gadarenoruni,
1508 642 1546 674 ut
1571 632 1674 673 Mat-

134 704 284 754 thaeus,
313 704 397 744 sive
419 701 751 757 Gergesaeorum,
787 710 826 743 ut.
850 702 1090 757 exemplaria
1112 702 1298 756 quaedam
1324 704 1548 756 praeferunt
1575 703 1676 752 (erat

133 773 235 814 enim
261 773 376 812 trium
401 772 561 812 sortium
586 771 623 811 in
654 772 780 811 medio
806 772 912 811 locus
940 771 1002 810 ille
1035 771 1223 825 positus),
1257 773 1374 818 Eece,
1409 771 1554 824 inquit,
1588 773 1878 814 (lae-Mam1.8‚29.

134 844 298 881 moniaci
321 844 393 880 duo
425 841 596 891 difficiles
627 843 732 879 valde
764 856 783 879 e
814 842 1057 879 monumentis
1083 842 1231 890 egressi
1253 840 1464 878 clamabant
1493 842 1668 885 dieentes,

134 912 246 958 Sine,
283 912 373 962 qaid
405 911 510 948 nobis
541 917 577 947 et
610 910 696 956 tibi,
732 911 815 947 lesa
835 910 908 960 fili
935 910 1015 955 dei,
1059 910 1230 960 qnoniam
1261 915 1347 946 ante
1375 916 1515 959 tempas
1546 910 1681 946 venisti

134 986 308 1031 torquere
338 982 434 1017 nos?
492 980 672 1016 Novimus
705 984 739 1015 te
769 980 837 1029 qai
863 980 936 1024 sis,
980 984 1133 1015 sanctas
1166 979 1237 1015 dei.
1301 979 1400 1015 Erat
1429 983 1549 1014 futtern
1577 990 1678 1027 grea-

127 1061 347 1099 porcormn,
382 1050 450 1098 qai
467 1048 547 1085 illie
565 1046 805 1098 pascebatur,
840 1053 877 1084 et
897 1045 1085 1097 rogabant
1107 1059 1186 1083 eum
1210 1048 1403 1084 daemones
1423 1047 1599 1091 dieentes,
1635 1046 1682 1082 Si

134 1118 239 1155 eiicis
262 1130 329 1155 nos
352 1130 400 1154 ια’
428 1116 658 1161 bominibus,
694 1117 796 1154 mitte
819 1128 886 1153 nos
911 1116 948 1153 in
967 1128 1118 1165 porcos.
1184 1116 1236 1152 Et
1262 1117 1459 1153 irruerunt
1489 1116 1526 1152 in
1558 1127 1672 1159 mare,

135 1192 174 1224 et
186 1187 387 1236 perierant
407 1187 444 1223 in
468 1187 590 1236 aquis.
654 1186 712 1222 At
729 1191 902 1234 pastores
912 1184 1126 1235 sugerunt,
1161 1190 1199 1221 et
1218 1185 1442 1221 mcntiarant
1467 1185 1503 1221 in
1534 1182 1672 1220 arbem.

134 1253 249 1308 Apud
274 1251 518 1293 Matthaeum
541 1250 781 1291 daemoniaci
807 1251 881 1291 duo
908 1251 1028 1290 fuisse
1051 1251 1244 1291 dicuntur.
1296 1249 1400 1291 ldem
1427 1264 1565 1306 porcos
1588 1251 1678 1290 sim-

136 1321 288 1376 pliciter
311 1321 493 1375 concipit,
529 1334 655 1374 neque
679 1333 880 1360 numerum
907 1319 1105 1374 exprimit.
1153 1318 1316 1360 Marcus
1337 1333 1433 1359 vero
1457 1318 1569 1359 etiam
1593 1333 1679 1374 por-

137 1404 270 1431 corum
295 1403 495 1430 numerum
522 1388 742 1429 accuratius
767 1388 942 1443 exponit.
1009 1391 1117 1427 Venit
1133 1396 1279 1436 antem,
1313 1387 1456 1442 inquit,
1491 1392 1528 1427 in
1550 1396 1679 1440 partes
1699 1397 1794 1424 Marc.
1814 1398 1880 1426 5.1.

139 1462 458 1511 Gergesenormn,
503 1466 541 1497 et
567 1460 735 1496 occurrit
760 1460 797 1496 ei
827 1459 1058 1496 daemonium
1089 1458 1248 1504 habens,
1290 1460 1358 1508 qni
1386 1459 1568 1509 alligatus
1599 1464 1683 1495 erat

138 1531 279 1567 eatenis
299 1529 468 1581 ferreis,
503 1534 540 1565 et
566 1527 821 1577 disrumpebat
841 1527 1009 1572 vincula,
1044 1533 1082 1564 et
1108 1529 1144 1564 in
1171 1528 1413 1564 monumentis
1435 1527 1611 1577 (legebat,
1646 1533 1683 1564 et

138 1597 437 1650 vociferabatur,
472 1597 583 1642 Sine,
619 1597 709 1647 qnid
737 1595 842 1633 nobis
876 1602 912 1633 et
945 1595 1030 1641 tibi,
1069 1597 1150 1633 Iesu
1175 1596 1248 1646 fili
1275 1597 1363 1633 dei?
1425 1597 1569 1633 l'enisti
1594 1602 1680 1633 ante

140 1672 280 1717 tempas
307 1673 480 1717 torquere
513 1678 592 1702 nos.
656 1665 710 1702 Et
734 1666 984 1714 interrogavit
1015 1666 1133 1715 ipsam
1157 1665 1282 1710 lesus,
1321 1665 1427 1713 Quod
1446 1670 1505 1702 est
1527 1664 1597 1702 tibi
1614 1677 1680 1702 no-

140 1748 235 1773 men.
287 1735 339 1773 Et
358 1736 470 1780 davit,
507 1735 639 1784 Legio,
673 1735 843 1784 quoniam
870 1734 985 1771 malta
1008 1734 1199 1770 daemonia
1221 1734 1458 1770 intraverant
1481 1735 1517 1770 in
1544 1734 1676 1783 ipsam.

138 1805 191 1842 Et
212 1803 400 1853 rogabant
423 1804 562 1853 ipsum,
598 1816 644 1840 ne
663 1803 920 1840 emitterentur
941 1808 1050 1840 extra
1074 1802 1283 1851 regionem,
1317 1802 1384 1839 sed
1411 1808 1454 1838 at
1482 1803 1519 1839 in
1547 1814 1682 1852 porcos

140 1873 454 1922 mgrederentur5
484 1877 569 1908 erat
592 1872 685 1908 enim
711 1871 789 1908 illic·
812 1883 914 1920 grear
933 1883 1135 1921 porcorum
1161 1871 1229 1921 qni
1249 1870 1498 1920 pascebatur:
1533 1876 1568 1907 et
1593 1883 1681 1920 per-

140 1942 242 1978 misit
268 1942 358 1991 ipsis
389 1940 543 1989 ingredi
568 1941 605 1977 in
636 1952 773 1989 porcos
786 1969 796 1985 ,
832 1945 869 1977 et
899 1941 1014 1977 irruit
1042 1952 1147 1989 great
1171 1952 1244 1989 per
1269 1951 1450 1989 praeceps
1483 1940 1520 1976 in
1555 1952 1677 1985 mare,-

140 2015 251 2048 erant
270 2011 366 2047 enim
391 2010 503 2059 quasi
522 2009 594 2046 duo
619 2008 750 2054 millia,
786 2014 824 2045 et
842 2008 1029 2061 suffbeata
1050 2014 1138 2046 sant
1164 2009 1202 2045 in
1223 2009 1332 2045 mari.
1397 2008 1447 2046 Et
1470 2009 1538 2058 qai
1552 2021 1681 2058 pasce—

142 2078 232 2117 bant
253 2080 351 2129 zpsos
373 2077 580 2128 fugerunt,
615 2083 650 2114 et
671 2078 895 2114 nuntiarant
916 2079 954 2114 in
976 2079 1175 2114 civitatem.
1238 2073 1344 2116 Num
1375 2088 1472 2115 vero
1504 2074 1564 2114 dei
1593 2088 1680 2114 ver-

141 2145 254 2196 bum,
296 2145 396 2199 quod
433 2152 592 2199 propter
628 2157 698 2184 nos
735 2143 927 2184 bominem
963 2158 1006 2184 se
1041 2144 1155 2193 fecit,
1196 2143 1385 2185 eiusmodi
1422 2143 1597 2198 quiddam
1631 2157 1680 2183 ex

140 2213 362 2268 ignorantia
388 2212 683 2264 sciscitabatur,
719 2227 842 2267 neque
876 2213 1076 2254 daemonis
1109 2226 1248 2253 nomen
1282 2219 1447 2253 noverat
1477 2220 1680 2266 antequam

142 2282 432 2337 interrogaret?
492 2280 638 2322 Verum
663 2281 715 2321 ita
740 2282 834 2322 deus
859 2283 988 2322 facere
1014 2282 1240 2331 consuevit,
1275 2288 1315 2321 ut
1337 2295 1388 2321 ex
1411 2281 1562 2321 illorum
1586 2294 1681 2335 quos

142 2351 360 2406 interrogat
396 2364 462 2391 ore
499 2350 686 2405 cuiusque
726 2350 869 2406 negotii
905 2351 1078 2391 rationes
1117 2351 1423 2404 occasionesque
1457 2349 1678 2404 patefaciat.

145 2418 408 2474 Quamobrem
435 2426 473 2459 et
500 2418 576 2459 illic
603 2434 776 2474 quoque,
811 2426 851 2459 ut
877 2433 987 2473 quam
1020 2419 1236 2470 terribiles,
1271 2425 1490 2473 quantoque
1523 2432 1684 2458 numero

149 2490 358 2529 daemones
385 2495 518 2529 essent
539 2487 743 2538 indicaret,
777 2489 1021 2543 interrogare
1048 2489 1153 2543 prius
1180 2487 1316 2538 voluit,
1351 2493 1392 2526 ut
1416 2500 1467 2527 ex
1492 2487 1593 2527 illius
1616 2501 1684 2528 ore

145 2558 371 2598 admirabile
416 2557 562 2597 facinus
603 2556 694 2597 illud
738 2558 1025 2597 ostenderetur.
1100 2560 1303 2596 Daemones
1341 2570 1457 2607 porro
1498 2558 1684 2609 rogabant
1703 2562 1887 2598 Mare-5‚13.

145 2629 285 2678 ipsam,
320 2628 378 2665 Ne
402 2629 527 2665 mittas
551 2641 617 2665 nos
640 2629 677 2664 in
701 2627 894 2677 abyssum,
928 2628 994 2665 sed
1009 2629 1184 2678 permitte
1204 2626 1328 2672 nobis,
1365 2632 1407 2663 ut
1427 2628 1684 2677 ingrediamur

147 2697 184 2734 in
202 2710 338 2747 porcos
351 2726 360 2742 ‚
395 2703 434 2733 et
448 2697 621 2747 permisit
645 2697 747 2746 nnsis.
811 2697 863 2734 Et
885 2698 1060 2734 exierant
1080 2697 1294 2741 daemones,
1329 2701 1366 2731 et
1389 2696 1629 2734 intraverunt
1646 2699 1683 2734 in

150 2819 328 2863 Gergeseni
350 2831 367 2852 a
385 2820 576 2863 Gergesaeis
599 2819 889 2863 distinguerentur,
988 2821 1037 2853 10.
1061 2817 1111 2852 υἱὲ
1134 2820 1191 2852 τοῦ
1217 2819 1296 2852 ἓεοῦ
1322 2818 1419 2861 ἰησοῦ
1444 2821 1510 2852 cod.
1532 2821 1661 2861 Rhediy.

149 2865 248 2908 idque
279 2867 310 2897 in
342 2866 459 2898 eodem
492 2866 671 2898 confinioe‘
730 2868 891 2898 Melior-um
988 2867 1035 2897 11.
1063 2866 1131 2896 Voc.
1153 2861 1268 2906 Ἰησοῦ
1293 2866 1454 2897 nonhabet
1475 2867 1541 2898 cod.
1557 2867 1684 2905 Rhediy.

149 2914 372 2952 exemplarium
402 2922 456 2952 ope
484 2913 644 2944 destitutus
670 2914 792 2944 interim
822 2922 890 2944 niu·
989 2911 1036 2942 12.
1061 2909 1212 2950 εἰςῆλὲῐον
1234 2909 1281 2948 εἰς
1299 2908 1376 2948 τούς
1399 2911 1538 2954 χοίρους,
1564 2913 1685 2943 omissis

150 2959 214 2988 tare
238 2960 403 2997 quicquam
426 2967 487 2989 non
510 2960 620 2989 audeo.
938 2957 1037 2988 verbis
1061 2955 1091 2989 οἱ
1112 2955 1288 2998 δαίμονες,
1312 2957 1380 2988 cod.
1399 2958 1528 2998 Rkediq.

195 3001 227 3034 9.
250 3003 472 3045 γεργεσσωῶν
495 3003 542 3035 ed.
560 3005 660 3044 princ.
