2066 3319
518 201 699 235 PANARn
725 202 807 233 [ΑΒ.
828 202 869 233 ιι.
893 202 1002 234 TOM.
1022 202 1046 234 1.
1070 201 1201 234 HAER.
1221 201 1340 234 inv.
1625 190 1705 230 335

166 299 238 324 non
259 297 446 330 noveram,
481 285 559 321 nisi
578 284 640 321 lex
663 284 834 328 dlix-cissa,
869 284 954 320 Non
979 286 1229 334 concupisces.
1296 278 1394 321 Cum
1420 279 1521 320 enim
1547 279 1705 319 manda-

167 359 246 392 tum
279 351 370 392 illud
403 350 670 404 accepissent,
713 353 776 389 Eae
809 351 944 389 arbore
971 358 1091 389 aulem
1124 353 1302 389 scientiae
1338 352 1427 389 bom'
1452 357 1487 388 el
1518 351 1610 387 male·
1635 362 1707 387 non
1728 361 1893 394 Gen.2,11.

166 422 386 460 comedetis.-
420 433 649 471 quacumque
672 426 793 457 antem
824 421 883 457 die
914 422 1109 458 comedetis
1142 434 1190 457 ex:
1217 420 1305 464 illa,
1341 426 1458 456 morte
1484 419 1702 463 moriemini,

167 497 244 529 tum
276 488 427 528 demum
463 486 711 542 cupiditatem
743 487 872 526 animo
907 487 1100 541 concepit.
1162 485 1255 526 Non
1286 486 1386 526 enim
1419 499 1517 539 quae
1549 484 1709 538 cupidus

166 557 327 611 quisque
352 556 390 596 in
416 563 608 611 potestate
634 555 748 595 habet
773 562 811 595 et
832 555 1002 605 obtinet,
1037 556 1161 609 iisque
1190 554 1243 593 uti
1275 559 1425 607 potest,
1460 567 1503 593 ea
1529 552 1710 607 concupi-

165 625 259 676 scit,
293 624 361 665 sed
384 638 406 664 a
431 623 568 678 quibus
595 623 842 678 prohibetur,
878 624 1091 677 quibusque
1116 622 1310 677 privatur,
1345 629 1385 662 ut
1415 636 1459 662 ea
1487 636 1562 661 non
1587 622 1709 675 possi-

166 693 269 734 deat.
333 691 543 733 Praeclare
574 706 668 745 ergo
696 692 835 732 dictum
862 699 945 743 est,
982 693 1324 743 Concupz'scenlc‘am
1352 705 1424 728 non
1449 704 1601 737 noram,
1636 692 1712 728 nisi

166 763 229 800 lex
251 764 429 808 damasec,
463 762 549 799 Non
574 764 825 813 concecpesces,
862 760 934 800 hoc
959 767 1033 810 est,
1067 761 1152 798 Non
1176 761 1372 797 comedetis
1395 774 1443 796 αι·
1463 761 1542 797 illo.
1608 757 1707 797 Hinc

167 829 268 870 enim
292 829 420 870 locum
446 829 793 883 occasionemque,
828 836 869 869 ut
892 829 937 868 ad
962 841 1023 868 me
1047 827 1282 867 illudendum
1309 834 1423 881 atque
1455 827 1708 866 avertendum

165 898 394 947 accederet,
429 904 626 952 peccatum
660 897 824 952 accepit.

279 965 435 1007 Etenim
464 967 646 1006 mandato
670 966 790 1006 semel
816 964 941 1015 edito,
977 964 1225 1006 occasionem
1259 964 1349 1004 inde
1383 962 1641 1018 perficiendae
1672 962 1710 1002 in

166 1049 227 1076 me
252 1034 594 1089 concupiscentiae
624 1034 798 1075 diabolus
832 1041 893 1074 est
924 1040 1084 1083 nactus,
1119 1047 1203 1072 cum
1238 1046 1297 1072 me
1329 1031 1516 1086 singulari
1549 1031 1711 1085 quadam

166 1103 371 1145 calliditate
405 1104 443 1144 in
480 1117 615 1143 eorum
654 1117 751 1156 quae
783 1103 903 1143 vetita
941 1109 1032 1142 sunt.
1067 1100 1423 1156 concupiscentiam
1456 1099 1609 1140 hortatu
1641 1113 1712 1140 suo

167 1173 434 1228 compulisset.
505 1170 609 1212 Nam
641 1173 780 1224 absque
814 1173 895 1223 lege
925 1178 1120 1223 peccalum
1150 1178 1333 1209 mortuum
1369 1177 1436 1208 est.
1502 1166 1613 1221 Quae
1647 1168 1712 1207 lex

168 1240 243 1281 nisi
275 1241 364 1282 data
395 1242 519 1291 foret,
554 1254 599 1280 ac
626 1240 657 1280 si
685 1240 854 1280 nondum
888 1240 1104 1290 existeret,
1146 1239 1297 1279 irritum
1329 1244 1438 1278 esset
1467 1237 1712 1291 otiosumque

167 1317 381 1364 peccatum.
445 1308 531 1363 Ego
557 1322 652 1348 vero
683 1315 772 1349 ante
799 1309 923 1363 legem
949 1308 1034 1348 sine
1058 1307 1364 1363 reprehensione
1390 1306 1593 1356 vivebam,
1627 1320 1711 1346 cum

169 1378 271 1418 nulla
296 1378 387 1418 mihi
419 1385 526 1419 esset
549 1377 701 1418 sanctio
728 1391 773 1417 ac
806 1377 941 1431 regula
976 1376 1237 1431 praescripta,
1271 1376 1318 1416 ad
1351 1389 1464 1429 quam
1496 1374 1714 1429 comparari

168 1446 286 1488 vitam
312 1453 534 1502 oporteret,
569 1460 588 1485 a
615 1460 689 1499 qua
714 1445 745 1486 si
773 1446 1022 1495 exciderem,
1058 1452 1258 1499 peccatum
1286 1444 1584 1484 committerem.
1649 1441 1712 1484 Si-

167 1513 363 1570 mulatque
393 1528 490 1554 vero
518 1515 739 1554 mandatum
771 1514 961 1564 accessit,
997 1520 1194 1568 peccatum
1227 1512 1397 1564 revixit,
1432 1526 1504 1566 ego
1539 1519 1712 1552 mortuus

169 1597 268 1624 sum.
332 1581 389 1623 lta
423 1583 491 1623 lex
516 1582 604 1631 illa,
640 1596 738 1636 qnae
763 1583 809 1622 ad
838 1582 956 1622 vitam
982 1582 1066 1621 data
1095 1583 1239 1632 suerat,
1274 1581 1432 1621 inventa
1461 1581 1550 1621 mihi
1585 1587 1644 1620 est
1676 1579 1711 1619 in

169 1659 354 1692 mortem:
391 1650 569 1705 quoniam
597 1651 659 1690 ubi
695 1651 789 1690 deus
823 1650 948 1705 legem
981 1650 1184 1705 imposuit,
1230 1664 1274 1690 ac
1306 1649 1393 1704 quid
1425 1650 1614 1703 agendum
1648 1655 1713 1689 aut

170 1734 247 1761 non
275 1721 465 1774 agendum
495 1727 600 1760 esset
632 1719 801 1770 definiit,
837 1719 1189 1774 concupiscentiam
1224 1719 1262 1758 in
1296 1732 1356 1759 me
1386 1717 1561 1757 diabolus
1589 1717 1713 1772 perfe-

168 1789 234 1829 cit.
299 1787 449 1844 Quippe
487 1788 703 1828 cohortatio
731 1788 795 1828 illa
829 1801 872 1827 ac
901 1794 1148 1842 praeceptum
1183 1787 1272 1827 mihi
1310 1802 1331 1827 a
1355 1787 1426 1827 deo
1462 1786 1712 1826 constitutum

170 1857 216 1898 ad
238 1857 354 1897 vitam
380 1855 785 1910 immortalitatemque
809 1856 1042 1911 pertinebat,
1078 1864 1118 1896 ιιι
1137 1855 1170 1896 si
1194 1869 1370 1910 parerem
1393 1855 1464 1905 illi,
1497 1861 1535 1894 et
1558 1868 1607 1894 ex
1632 1853 1714 1894 eius

171 1925 410 1981 praescripto
435 1926 642 1979 degerem,
677 1925 760 1965 sine
786 1925 859 1965 ulla
883 1924 1100 1965 offensione
1127 1924 1387 1964 felicissimam
1414 1931 1453 1963 et
1475 1923 1519 1963 ad
1545 1922 1714 1962 aeterni-

172 2001 288 2035 tatem
312 1994 513 2034 florentem
538 1993 655 2033 vitam
679 2008 722 2033 ac
745 1993 924 2047 gaudium
948 1994 986 2034 in
1009 1993 1287 2048 sempiternum
1312 2005 1590 2046 consequerer.
1634 1990 1714 2032 Sed

170 2062 261 2103 illud
284 2069 531 2118 praeceptum
555 2062 717 2102 violanti
739 2062 828 2102 mibi
852 2061 889 2102 in
911 2069 1075 2102 mortem
1100 2076 1145 2101 ac
1168 2060 1454 2102 damnationem
1479 2074 1712 2101 conversum

171 2138 255 2182 est3
288 2131 596 2185 quandoquidem
625 2130 822 2182 diabolus,
857 2144 968 2185 quem
994 2130 1139 2185 peccati
1165 2130 1277 2170 modo
1305 2130 1462 2170 nomine
1494 2129 1710 2183 insignivit,

1739 971 1816 1013 cap.
1833 972 1914 1002 rvi.

172 2213 219 2240 eo
241 2200 341 2254 quod
365 2200 510 2254 peccati
537 2199 586 2240 sit
609 2199 750 2239 artifex
780 2214 823 2239 ac
849 2206 1050 2254 repertor,
1078 2214 1150 2251 per
1169 2207 1361 2251 peccalum
1392 2202 1619 2237 occasionem
1644 2212 1712 2236 mz-
1731 2212 1807 2238 Gen.
1827 2212 1852 2246 2,
1876 2212 1917 2239 11.

171 2276 253 2308 ctus
283 2267 404 2308 illusit
430 2267 546 2317 mihi,
581 2274 619 2307 et
644 2268 794 2308 illusum
828 2267 1047 2318 interfecit,
1083 2282 1168 2307 cum
1197 2266 1377 2307 videlicet
1401 2268 1434 2307 ei
1463 2280 1523 2307 me
1555 2267 1712 2306 damna-

172 2336 269 2377 tioni
293 2336 386 2378 fecit
408 2336 646 2377 obnoxium:
684 2340 920 2389 Quacumque
944 2339 1003 2376 die
1033 2339 1266 2376 comederitis
1296 2352 1344 2375 esc
1374 2338 1459 2382 illo,
1494 2342 1612 2373 morte
1638 2349 1713 2373 mo·
1732 2344 1857 2378 noum,
1875 2345 1915 2372 12.

172 2408 332 2445 re'emim'.
396 2408 528 2458 Itaque
548 2407 610 2444 lex
632 2413 688 2444 est
705 2413 858 2453 sancta,
893 2414 931 2445 et
949 2409 1160 2446 mundatum
1186 2408 1250 2444 dei
1274 2408 1411 2444 iustum
1423 2435 1433 2452 ,
1469 2412 1504 2442 e!
1525 2410 1708 2450 sanctum,

173 2481 210 2513 et
234 2474 379 2513 bonum.
444 2472 536 2514 Non
571 2473 672 2514 enim
710 2481 750 2513 ut
785 2473 965 2525 obesset,
1000 2475 1067 2515 sed
1104 2481 1143 2514 ut
1175 2473 1338 2514 salutem
1371 2472 1619 2521 conciliaret,
1653 2478 1714 2511 est

174 2542 468 2597 praescriptum.
531 2540 731 2596 Siquidem
766 2556 879 2582 nemo
911 2543 1147 2597 persuadere
1174 2542 1245 2582 sihi
1280 2541 1393 2582 debet
1423 2540 1555 2580 inutile
1587 2553 1609 2580 a
1640 2541 1712 2580 deo

174 2610 393 2665 quicquam,
427 2610 487 2650 vel
510 2624 595 2650 cnm
620 2610 759 2650 damno
783 2611 1030 2652 coniunctum
1054 2611 1152 2651 fieri.
1203 2608 1284 2651 Cur
1307 2609 1424 2663 igitur
1447 2609 1545 2663 quod
1570 2608 1712 2649 bonum

176 2685 259 2729 est,
293 2678 406 2719 morti
439 2678 530 2719 mihi
567 2685 681 2733 atque
715 2679 837 2720 exitio
872 2679 965 2731 fuit,
999 2680 1140 2734 lexque
1173 2678 1238 2719 illa
1272 2677 1482 2718 constituta
1514 2676 1603 2717 mihi
1635 2684 1710 2728 est,

177 2760 273 2801 quae
300 2747 458 2802 perinde
483 2747 622 2801 ingens
648 2747 738 2788 mihi
762 2749 1002 2789 commodum
1031 2755 1163 2803 posset
1191 2747 1359 2786 afferre?
1416 2745 1546 2786 Absit.
1608 2744 1712 2786 Nam

177 2815 345 2856 divinum
368 2816 458 2856 illud
485 2816 703 2856 mandatum
728 2831 805 2857 non
829 2832 876 2858 eo
901 2818 1027 2857 datum
1058 2822 1118 2855 est
1150 2823 1188 2855 ut
1220 2815 1256 2854 in
1287 2815 1574 2869 corruptionem
1606 2815 1714 2855 velut.

178 2883 402 2924 servitutem
433 2883 697 2934 incurrerem,
732 2899 877 2940 eaeque
909 2886 998 2926 mibi
1026 2885 1132 2926 labes
1162 2883 1412 2923 inurerentur
1445 2897 1542 2937 quae
1571 2883 1608 2923 in
1641 2897 1712 2924 ex-

180 2957 338 2991 tremam
365 2951 574 3007 perniciem
600 2952 865 3005 coniicerent,
899 2955 966 2995 sed
992 2961 1033 2993 ut
1062 2950 1253 2993 diabolum
1280 2964 1348 3005 per
1372 2951 1406 2992 id
1440 2952 1539 3006 quod
1570 2951 1711 2992 bonum

224 3040 255 3075 3.
278 3043 412 3083 Reposui
433 3042 522 3077 αἰτία
543 3053 581 3076 ex
602 3045 721 3077 Photio.
769 3046 857 3077 Libri
876 3047 968 3085 vulgo
993 3042 1114 3081 αἰτίας.
