2066 3319
197 1497 284 1540 Κεφ.
309 1494 350 1535 ς’.

218 2128 284 2157 pag.
296 2121 354 2149 511.

375 191 454 230 204
937 196 1098 230 SANCTI
1119 198 1342 230 ΕΡῙΡΗΑΝΠ

377 274 507 316 οὐκέτι
532 273 745 322 Ἰουδαίοις
767 275 997 316 ἐκδίδοσθαι
1019 273 1089 327 τήν
1114 276 1254 317 ἑαυτοῦ
1284 276 1508 331 παρθένον,
1540 274 1632 317 ἄλλα
1656 279 1903 329 Χριστιανοῖς

379 340 583 395 ὁμοδόξοις
613 343 680 382 καὶ
713 339 973 396 ὁμογνώμοσι.
1034 343 1143 384 Νέου
1176 344 1216 384 δὲ
1247 342 1357 392 ὄντος
1388 349 1459 385 τοῦ
1488 342 1754 399 κυρύγματος,
1791 342 1902 386 οῧπω

376 413 528 463 πλῆθος
560 407 657 450 κατοὶ
689 408 811 450 τόπον
838 413 1080 463 Χριστιανῶν
1110 408 1277 464 ὑπῆρχε,
1315 414 1383 452 καὶ
1410 416 1688 466 Χριστιανικῆς
1722 413 1902 453 διδασκα-

375 481 468 526 λίας.
533 479 683 525 Οἴτινες
708 473 779 519 οῦν
800 476 884 518 τότε
907 479 1016 530 ἔσχον
1041 479 1263 533 θυγατέρας
1286 481 1532 533 παρθένους,
1564 478 1617 533 μή
1645 478 1903 534 εὐποροῦντες

376 547 607 587 ἐκδίδοσθαι
637 549 904 598 Χριστιανοῖς,
935 544 1145 597 ἐφύλαττον
1171 545 1240 595 τοὶς
1269 548 1417 588 ἑαυτῶν
1448 549 1674 602 παρθένους
1697 546 1782 602 ἄχρι
1811 553 1902 588 πολ-

376 618 445 655 λοῦ
466 617 536 654 τοῦ
564 611 728 666 χρόνου,
761 614 903 654 ἐκεῖναι
925 613 967 654 δὲ
991 611 1332 669 ὖπερακμάζουσαι
1355 616 1604 670 περιέπιπτον
1625 617 1808 672 πορνείᾳ,
1839 613 1903 655 διοῖ

376 680 446 733 τήν
467 679 564 722 κατὰ
588 679 707 732 φύσιν
729 678 913 735 α’νᾶγκην.
969 679 1013 722 Ὅ
1038 685 1133 736 γοῦν
1155 680 1386 733 ἀπόστολος,
1418 681 1522 737 ὁρῶν
1544 682 1587 724 τό
1611 681 1813 735 ἐπιζήμιον
1837 681 1903 724 δια

376 753 445 801 τῆς
469 746 744 803 ἀκριβολογίας
764 751 1003 801 συμβαῖνον,
1036 750 1223 805 ἐπέτρεψε
1242 751 1383 805 λέγων,
1414 752 1471 791 Εἰ
1489 752 1532 791 δέ
1557 768 1614 799 τις
1637 749 1813 803 βούλεται
1834 748 1904 803 τὴν

376 818 517 858 ἑαυτοῦ
543 817 768 870 παρθένον,
799 817 866 857 καὶ
892 814 966 858 οὐκ
992 815 1092 868 εἷπε,
1123 816 1195 870 τήν
1217 820 1319 859 ἰδίαν
1341 821 1572 873 παρθενίαν.
1635 816 1694 858 Οὐ
1716 816 1790 872 γάρ
1813 819 1900 873 περὶ

376 890 447 926 τοῦ
479 886 581 926 ἰδίου
608 883 785 937 σώματος
815 885 959 939 ἔλεγεν,
991 882 1083 925 ἄλλά
1105 886 1193 940 περὶ
1217 885 1362 940 πατρὸς
1385 885 1652 937 φυλάσσοντος
1673 887 1902 940 παρθενίαν.

377 955 432 994 Εἰ
451 953 492 994 δὲ
513 969 581 1005 τήν
604 953 744 993 ἑαυτοῦ
765 953 967 1007 παρθένον
991 951 1032 994 τό
1058 955 1159 995 ἰ’διον
1182 958 1292 1007 σῶμα
1311 955 1422 1008 λέγει,
1454 952 1569 995 ουδὲν
1592 951 1768 995 κωλύσει.
1820 957 1901 1006 (Dn-

378 1023 439 1062 σιν
463 1016 554 1071 οὖν,
580 1019 772 1072 Ἐστήκεν
781 1021 1001 1101 ἕδραίως’
985 1038 1026 1062 εν
1051 1026 1104 1078 τῷ
1129 1023 1215 1063 ἰδίω
1240 1026 1315 1078 νῷ,
1345 1023 1410 1063 καὶ
1429 1026 1543 1063 τοῦτο
1567 1018 1710 1072 ὀφείλει
1731 1025 1902 1075 ποιῆσαι.

379 1091 567 1142 Γαμειτω,
587 1089 721 1140 φησὶν,
743 1105 813 1141 ουχ
833 1106 1057 1143 αμαρτανει·
1089 1092 1274 1144 1γαμείτω
1296 1091 1343 1131 οὑ
1361 1087 1392 1144 γ’
1409 1088 1456 1130 ἂν
1473 1087 1672 1144 ευποροίη,
1694 1106 1763 1143 ουχ
1781 1107 1902 1144 αμαρ-

377 1156 492 1198 τάνει
553 1157 630 1197 Και
657 1155 721 1197 δια
744 1161 882 1206 τοῦτο,
914 1158 1078 1199 Δέδεσαι
1099 1175 1266 1212 γυναικι,
1298 1176 1350 1210 μη
1370 1156 1471 1210 ζήτει
1490 1156 1618 1198 λύσιν·
1649 1157 1802 1198 λέλυσαι
1823 1155 1900 1199 ἄπο

378 1223 583 1280 γυναικὸς,
615 1223 666 1277 μή
690 1223 791 1276 ζήτει
811 1229 988 1278 γυναῖκα.
1043 1222 1087 1265 Ὁ
1110 1226 1249 1280 λέγων,
1283 1226 1387 1266 Θέλω
1413 1224 1563 1275 πάντας
1589 1224 1688 1268 εἶναι
1709 1223 1761 1274 ὥς
1786 1227 1902 1279 ε’μαυ-

378 1292 469 1344 τόν,
501 1294 648 1347 ἔλεγεν,
680 1293 735 1332 Εἰ
758 1289 831 1333 οὐκ
856 1290 1168 1346 ἐγκρατεύονται,
1197 1294 1491 1348 γαμησάτωσαν.

507 1494 634 1536 Πάλιν
676 1495 717 1536 δὲ
753 1494 1068 1550 προτρεπόμενος
1101 1494 1193 1543 τούς
1232 1494 1410 1550 1γάμους
1448 1497 1568 1551 ἔλεγε,
1607 1497 1722 1551 Λέγω
1753 1497 1793 1539 δὲ
1822 1504 1904 1547 τοῖς

378 1563 544 1620 ἀγάμοις
570 1564 637 1604 καὶ
660 1569 744 1612 ταῖς
764 1563 920 1619 χήραις,
951 1562 1069 1605 καλὸν
1094 1561 1228 1611 αὐτοῖς
1252 1563 1320 1605 ε’ἀν
1343 1567 1523 1617 μείνωσιν
1546 1561 1598 1613 ὥς
1627 1563 1747 1620 κᾶγώ.
1808 1570 1905 1615 Πῶς

379 1627 452 1674 οὖν
473 1630 588 1672 πάλιν
609 1633 729 1687 ἔλεγε,
761 1633 925 1673 Δέδεσαι
946 1632 1122 1687 γυναικὶ,
1154 1630 1206 1684 μὴ
1228 1630 1327 1684 ζήτει
1347 1630 1455 1673 λύσιν
1464 1651 1475 1682 ,·
1506 1630 1533 1685 ἢ
1553 1636 1638 1681 πῶς
1660 1631 1734 1674 οὐκ
1753 1631 1902 1675 ἀντινο-

379 1704 560 1754 μοθετῶν
584 1697 835 1753 εὑρεθήσεται
856 1704 908 1756 τῷ
930 1701 1016 1757 ἰδίῳ
1040 1702 1162 1756 κυρίῳ
1184 1704 1236 1756 τῷ
1258 1700 1419 1754 λέγοντι,
1449 1697 1492 1740 Ὁ
1514 1699 1566 1753 μή
1590 1700 1812 1743 καταλιπών
1832 1719 1904 1744 πα-

381 1770 471 1823 τέρα
495 1769 562 1809 καὶ
584 1768 730 1822 μητέρα
753 1769 820 1809 καὶ
843 1765 1036 1819 ἀδελφούς
1061 1769 1128 1808 καὶ
1159 1773 1322 1822 γυναῖκα
1346 1768 1411 1808 καὶ
1438 1768 1551 1809 τέκνα
1575 1769 1641 1810 καὶ
1671 1770 1903 1824 θυγατέρας,

381 1834 454 1877 οὐκ
477 1837 554 1877 ἔστι
581 1853 656 1888 μου
678 1834 879 1889 μαθητής,
924 1840 1020 1884 Πῶς
1044 1836 1086 1877 δὲ
1115 1833 1138 1877 ὁ
1167 1836 1288 1889 λέγων
1317 1835 1376 1877 ὅτι
1403 1837 1464 1876 δεῖ
1485 1841 1710 1878 καταλιπεῖν
1737 1843 1905 1892 γυναῖκα

381 1903 546 1956 σεμνὴν,
577 1904 644 1945 καὶ
671 1905 838 1958 πατέρα,
869 1901 987 1953 αὕτός
1006 1902 1121 1945 πάλιν
1142 1904 1259 1958 λέγει,
1288 1901 1330 1944 Ὁ
1352 1908 1473 1956 τιμῶν
1494 1905 1640 1959 πατέρα
1659 1906 1726 1946 καὶ
1747 1906 1904 1959 μητέρα,

380 1971 478 2024 αὕτη
506 1970 579 2027 γάρ
609 1973 709 2013 ἐστιν
734 1973 774 2012 ἐν
798 1973 999 2029 ἐπαγγελίᾳ
1027 1970 1161 2025 πρώτη
1186 1969 1319 2023 ἐντολὴ
1340 1969 1586 2025 ὑπάρχουσα·
1616 1974 1701 2023 καὶ,
1728 1972 1780 2014 ιῸ
1809 1972 1906 2022 θεὸς

379 2040 619 2090 συνέζευξεν,
651 2038 865 2093 ἅνθρωπος
889 2039 942 2093 μή
966 2040 1170 2094 χωριζέτω,-
1200 2037 1310 2080 Ἀλλᾶ
1332 2038 1460 2080 πάντα
1480 2038 1528 2081 τοὶ
1547 2046 1641 2081 θεῖα
1659 2040 1812 2095 ῥήματα
1834 2039 1906 2082 οὐκ

382 2106 608 2162 ἄλλήγορίας
633 2109 773 2158 δεῖται,
811 2106 933 2148 20}ch
956 2106 1009 2157 ὥς
1033 2109 1107 2160 ἔχει
1135 2108 1227 2160 ἔχει,
1258 2109 1429 2162 θεωρίας
1454 2107 1495 2148 δὲ
1520 2110 1639 2149 δεῖται
1670 2110 1736 2150 καὶ
1766 2107 1906 2162 αἰσθή-

381 2190 498 2225 σεως,
530 2176 584 2223 εἰς
603 2173 645 2216 τὸ
673 2176 815 2216 εἰδέναι
836 2174 998 2229 ἑκάστης
1020 2174 1248 2223 ὑποθέσεως
1271 2173 1342 2228 τήν
1365 2174 1541 2227 δύναμιν.
1587 2181 1662 2217 Δεῖ
1682 2176 1723 2217 δὲ
1745 2177 1808 2217 καὶ
1834 2193 1906 2217 πα-

382 2243 538 2299 ραδόσει
570 2248 792 2297 κεχρῆσθαι.
857 2242 915 2284 Οὐ
947 2242 1020 2298 γαρ
1051 2242 1176 2284 πάντα
1208 2241 1285 2284 «ind
1319 2247 1388 2295 τῆς
1415 2246 1526 2292 θείας
1559 2248 1715 2298 γραφῆς
1744 2242 1907 2285 δύναται

380 2311 658 2365 λαμβάνεσθαι.
718 2311 792 2352 Aa&
816 2310 861 2352 τοὶ
884 2312 951 2364 μὲν
975 2313 1015 2353 έν
1035 2317 1219 2367 γραφαῖς,
1248 2310 1295 2351 τα
1318 2310 1360 2351 δὲ
1379 2312 1420 2352 ἐν
1441 2310 1655 2365 παραδόσει
1674 2312 1906 2366 παρέδωκαν

382 2383 420 2422 οἱ
441 2379 544 2435 ἅγιοι
569 2378 791 2430 ἀπόστολοι,
824 2378 876 2427 ὥς
900 2394 1020 2432 φησιν
1041 2377 1064 2421 ὅ
1088 2378 1200 2434 ἅγιος
1221 2377 1449 2429 ἀπόστολος,
1477 2376 1546 2427 Ὡς
1567 2379 1774 2434 παρέδωκα
1794 2377 1903 2432 ὑμῖν·

381 2450 445 2489 καὶ
469 2448 617 2498 ἄλλοτε,
653 2447 789 2495 Οὕτως
813 2445 998 2497 διδάσκω,
1029 2448 1097 2488 καὶ
1121 2446 1245 2495 οὕτως
1268 2449 1477 2501 παρέδωκα
1498 2448 1538 2489 έν
1559 2453 1643 2495 ταῖς
1667 2447 1903 2499 ἐκκλησίαις·

381 2518 466 2566 καὶ,
501 2518 554 2556 Εἰ
575 2517 766 2568 κατέχετε,
799 2513 907 2563 ἐκτός
931 2514 1038 2568 εἰμὴ
1070 2517 1154 2567 εἰκῆ
1186 2513 1439 2557 ἐπιστεύσατε.
1501 2515 1744 2567 Παρέδωκαν
1773 2517 1905 2556 τοίνυν

383 2587 422 2625 οἵ
449 2584 554 2639 ἅγιοι
577 2588 676 2625 θεοῦ
708 2581 914 2624 ἀπόστολοι
946 2587 993 2639 τῇ
1019 2580 1110 2639 ἁγία
1135 2588 1233 2624 θεοῦ
1263 2584 1443 2638 ἐκκλησίᾳ
1476 2581 1702 2636 ἔφαμαρτον
1732 2579 1829 2624 εἶναι
1860 2581 1902 2624 τὸ

383 2650 475 2704 μετα
499 2650 540 2693 τό
570 2649 699 2705 ὁρίσαι
724 2653 942 2705 παρθενίαν
963 2652 1016 2698 εἰς
1044 2650 1171 2705 γάμον
1198 2651 1429 2704 τρέπεσθαι,
1459 2650 1526 2690 καὶ
1553 2650 1723 2704 ἔγραψεν
1753 2647 1777 2691 ὁ
1806 2648 1904 2692 οἶπό-

382 2725 525 2770 στολος,
554 2718 646 2761 Ἐάν
671 2718 774 2777 γήμῃ
798 2717 825 2772 ἦ
846 2718 1058 2773 παρθένος,
1090 2717 1158 2771 οὐχ
1181 2717 1334 2773 ἥμαρτε.
1397 2720 1492 2765 Πῶς
1515 2711 1586 2758 οὗν
1609 2716 1768 2774 συνᾴδει
1788 2721 1902 2760 τοῦτο

427 2823 504 2853 ΟΑΡ.
529 2824 566 2854 V.
590 2842 634 2846 -—
682 2824 710 2855 1.
736 2824 821 2854 Libri
842 2824 951 2854 habent
969 2820 1118 2864 (αμείτω
1166 2821 1313 2853 constitit
1339 2820 1473 2853 firmiter
1494 2820 1527 2851 in
1552 2821 1683 2863 propria
1708 2827 1835 2859 mente,
1871 2828 1904 2853 et

382 2864 451 2901 036’
477 2863 515 2901 α’)
540 2865 715 2912 εὖποροῖε).
770 2870 916 2900 Petavius
947 2869 1119 2906 suspicatus
1165 2867 1230 2898 hoc
1250 2866 1349 2898 debet
1373 2866 1502 2904 facere,
1537 2866 1656 2905 nubat,
1681 2864 1803 2909 inquit,
1837 2878 1904 2898 non

381 2917 422 2944 est
453 2924 539 2954 ysne
526 2912 572 2945 ίτ
575 2925 600 2946 ω
639 2913 675 2946 ού
712 2910 741 2945 δ’
777 2908 815 2946 ἂν
852 2909 1015 2953 ευποροίη.
1063 2913 1120 2943 Re·
1166 2918 1298 2954 peccat,
1323 2911 1424 2943 nubat
1444 2910 1657 2943 etiamsinon
1678 2911 1779 2943 fuerit
1798 2911 1902 2955 copia,

380 2959 488 2996 scripsi
521 2957 669 2999 γαμείτω
702 2958 737 2991 οὐ
762 2955 791 3000 ('
816 2970 853 2991 αν
879 2955 1054 2999 ευποροίη,
1088 2966 1121 2987 eo
1167 2969 1233 2988 non
1259 2964 1383 3000 peccat.

381 3004 528 3043 quemme
541 3005 704 3043 affectabat
716 3013 816 3035 sensu
850 3004 1034 3034 Cornarius:
1059 3001 1121 3040 Qui
