2030 3324
482 204 662 236 PANAan
686 204 768 236 ΜΒ.
794 205 832 236 n.
858 205 967 238 Toxi.
989 207 1027 238 n.
1055 206 1184 238 HAER.
1206 206 1361 240 vam.
1629 200 1709 241 583

150 291 188 325 et
216 283 438 324 confessor.
502 283 681 323 Aderant
711 290 750 323 et
774 282 979 325 Meletiani
1004 285 1213 326 Athanasii
1240 287 1471 341 praesertim
1504 295 1711 328 aecusato-

148 366 229 392 res.
292 351 348 391 At
379 350 517 392 beatus
552 349 718 391 Potamo
749 352 925 393 veritatis
960 368 1005 394 ac
1041 362 1173 394 rectae
1209 354 1295 394 lidei
1330 355 1470 395 ardore
1503 362 1706 405 aestuans,

150 420 211 460 vir
237 432 387 460 summa
411 419 594 473 loquendi
628 419 830 471 libertate,
867 421 930 475 qui
955 422 1069 463 nullis
1095 436 1261 476 unquam
1290 437 1481 477 personae
1515 425 1708 464 rationem

149 487 360 537 habuerat,
395 493 434 527 et
458 501 527 542 pro
556 487 736 527 veritatis
760 490 1009 530 consessione
1036 490 1201 541 alterum
1238 491 1274 530 in
1304 492 1578 545 persecutione
1613 506 1708 532 ocu-

148 555 224 596 lum
251 554 460 605 amiserat,
503 555 534 594 is
569 554 783 596 Eusebium
817 558 1018 598 sedentem
1056 565 1093 598 et
1115 558 1372 609 iudicantem,
1416 567 1584 599 stantem
1614 574 1708 600 vero

149 623 407 664 Athanasium
447 624 695 677 conspicatus
733 625 867 664 dolore
907 627 1133 675 confectus,
1183 634 1221 666 et
1253 627 1525 682 illacrymans,
1574 627 1703 668 euius-

148 692 248 733 modi
271 691 438 732 sinceris
463 692 656 732 mentibus
681 693 893 733 usuvenire
914 693 1035 743 solet,
1072 707 1210 747 magna
1236 708 1332 734 voce
1358 695 1548 736 adversus
1575 695 1702 736 Euse-

147 760 249 801 bium
280 759 461 800 invectns
494 768 569 800 est.
635 758 710 810 Et,
747 760 878 812 Tene,
913 761 1050 815 inquit,
1087 760 1250 812 Eusebi,
1279 762 1419 803 sedere
1455 770 1491 803 et
1520 764 1708 804 innocen-

145 835 221 869 tem
246 828 504 868 Athanasium
530 842 551 868 a
578 835 614 868 te
646 828 835 868 iudicari?
897 826 996 882 Quis
1021 829 1095 870 ista
1121 830 1318 871 sustinere
1346 832 1499 885 possit?
1546 830 1619 872 Dic
1644 847 1708 873 so-

146 897 239 948 des,
274 909 404 936 nonne
430 910 580 936 mecum
606 896 893 949 persecutionis
918 903 1093 951 tempore
1120 897 1156 937 in
1184 899 1361 939 custodia
1390 900 1523 940 suisti?
1576 901 1707 955 Atque

146 980 220 1021 ego
245 964 396 1019 quidem
426 964 577 1004 oculum
608 978 677 1018 pro
703 963 872 1004 veritate
898 965 1062 1018 perdidi,
1099 972 1136 1005 tu
1163 966 1263 1006 nulla
1289 967 1466 1021 corporis
1492 975 1600 1022 parte
1626 984 1708 1009 mu-

146 1034 278 1074 tilatus
303 1046 361 1082 es,
398 1045 523 1085 neque
552 1032 782 1086 martyrium
808 1031 986 1083 subiisti,
1022 1033 1090 1073 sed
1113 1034 1228 1074 vivus
1251 1034 1480 1089 integerque
1505 1036 1704 1077 consistis.

147 1100 324 1155 Quanam
350 1099 503 1140 ratione
529 1113 548 1139 e
572 1100 749 1140 custodia
775 1100 957 1151 evolasti,
993 1100 1066 1141 nisi
1095 1101 1195 1155 quod
1218 1102 1536 1157 persecutoribus
1563 1105 1707 1144 nostris

146 1169 335 1210 nefarium
365 1167 515 1208 facinus
540 1167 797 1208 admissurum
829 1176 865 1208 te
898 1182 988 1208 esse
1018 1169 1230 1224 recepisti,
1263 1170 1324 1210 vel
1351 1170 1465 1211 etiam
1492 1171 1709 1212 admisisti?

146 1237 255 1278 Haec
283 1236 480 1277 Eusebius
511 1236 676 1277 audiens
702 1250 941 1291 magnopere
962 1237 1107 1288 doluit,
1151 1245 1190 1278 et
1216 1245 1379 1293 repente
1414 1253 1582 1293 surgens
1614 1254 1707 1280 con-

145 1305 273 1346 cilium
301 1305 469 1356 dimisit,
504 1305 633 1359 itaque
658 1305 810 1345 locutus
837 1312 919 1345 est:
969 1304 1012 1346 Si
1039 1306 1110 1346 hnc
1138 1307 1373 1347 accedentes
1402 1314 1605 1362 tantopere
1638 1322 1707 1347 no—

144 1374 205 1415 bis
230 1374 501 1415 contradicere
529 1373 696 1422 audetis,
733 1387 867 1413 verum
894 1381 954 1414 est
979 1375 1155 1429 profecto
1178 1375 1279 1429 quod
1304 1375 1427 1416 vestri
1453 1383 1706 1417 accusatores

146 1442 348 1483 obiiciunt.
412 1440 516 1482 Nam
544 1456 630 1481 cum
665 1441 735 1481 hoc
769 1442 805 1481 in
840 1442 925 1482 loco
959 1443 1203 1497 tyrannidem
1237 1444 1428 1497 quandam
1462 1444 1702 1495 exerceatis,

146 1511 265 1552 multo
299 1511 334 1550 id
369 1510 490 1564 magis
523 1510 561 1550 in
597 1510 718 1564 patria
753 1517 881 1551 vestra
916 1510 1060 1551 l'acitis.

261 1578 331 1619 His
356 1579 428 1619 hoc
450 1579 563 1618 modo
593 1578 802 1618 transactis
826 1579 927 1619 aliud
959 1579 1137 1633 quiddam
1167 1579 1363 1621 Eusebius
1400 1595 1487 1621 cum
1522 1581 1603 1622 suis
1636 1595 1703 1636 ag·-

143 1647 335 1702 greditur.
399 1645 503 1687 Nam
538 1647 634 1686 duos
669 1647 854 1700 quosdam
892 1645 1124 1688 Pannoniae
1155 1648 1351 1704 episcopis
1386 1648 1473 1689 Arii
1512 1650 1703 1700 asseclas,

143 1714 343 1757 Ursatium
370 1722 408 1755 et
432 1713 640 1755 Valentem
667 1715 948 1755 Alexandriam
985 1723 1023 1756 et
1059 1716 1097 1756 in
1119 1714 1382 1757 Mareotidem
1415 1717 1593 1768 mittunt,
1641 1718 1704 1758 ubi

143 1784 370 1840 superiores
400 1797 536 1824 omnes
561 1783 644 1823 illas
676 1783 808 1824 turbas
835 1784 1037 1838 iurgiaque
1071 1784 1120 1825 ob
1147 1799 1214 1826 vas
1238 1775 1448 1836 violatum,
1496 1793 1532 1826 et
1559 1786 1635 1826 alia
1666 1786 1703 1826 id

143 1867 268 1909 genus
294 1852 487 1893 accidisse
513 1851 797 1892 memorabant.
863 1850 920 1892 llli
946 1852 1142 1906 legatione
1170 1868 1241 1895 sua
1273 1854 1389 1894 l'uncti
1418 1868 1499 1894 rem
1524 1869 1600 1894 non
1625 1854 1704 1895 sin—

144 1935 235 1962 cere
256 1922 309 1962 uti
335 1935 377 1961 se
407 1920 612 1971 habuerat,
638 1921 705 1960 sed
732 1921 827 1961 salsa
853 1921 1040 1974 quaedam
1065 1929 1102 1961 et
1123 1922 1287 1963 conficta
1314 1923 1553 1975 detulerunt,
1589 1924 1706 1964 multa

143 1990 333 2030 adversus
377 1989 529 2029 beatum
574 2003 709 2044 papam
750 1989 1008 2030 Athanasium
1051 1989 1213 2030 subdole
1247 1998 1286 2031 et
1316 1991 1559 2032 calumniose
1600 2006 1705 2032 com-

143 2058 289 2108 menti,
335 2071 434 2112 quae
471 2057 623 2111 quidem
663 2072 731 2112 pro
766 2058 871 2097 veris
904 2065 938 2097 et
975 2058 1187 2113 compertis
1218 2059 1255 2099 in
1292 2066 1377 2100 acta
1410 2061 1631 2101 referentes
1665 2060 1703 2100 in

142 2126 334 2182 synodum
365 2127 410 2166 ad
442 2124 656 2165 Eusebium
687 2133 725 2165 et
748 2126 843 2165 alios
870 2126 1064 2166 del'erunt.
1129 2125 1170 2167 Id
1194 2128 1294 2181 quod
1324 2126 1468 2169 Ursatii
1494 2136 1533 2169 et
1557 2127 1705 2169 Valen-

141 2195 190 2235 tis
216 2194 467 2235 confessione
507 2201 641 2248 postea
675 2194 910 2234 declaratum
950 2201 1031 2245 est,
1078 2209 1164 2235 cum
1198 2196 1437 2250 poenitentia
1472 2196 1575 2236 ducti
1605 2194 1704 2237 lulio

142 2263 325 2304 Romano
351 2262 521 2317 pontifici
548 2262 699 2302 libellos
729 2262 977 2314 obtuleruut,
1011 2263 1149 2318 quibus
1177 2278 1352 2305 errorem
1379 2279 1490 2305 suum
1518 2265 1704 2319 depreca-

141 2331 298 2373 bantur.
364 2328 636 2380 Calumniam,
672 2330 920 2385 inquiebant,
965 2339 1101 2372 contra
1138 2347 1274 2388 papam
1307 2332 1566 2373 Athanasium
1600 2340 1704 2374 stru-

140 2400 294 2441 ximus:
331 2406 371 2439 tu
396 2413 492 2439 vero
517 2400 562 2439 ad
589 2400 903 2440 communionem
932 2407 970 2440 et
993 2401 1269 2455 poenitentiam
1298 2415 1368 2441 nos
1392 2401 1567 2441 admitte.
1619 2399 1700 2442 lmo

141 2475 180 2509 et
212 2468 310 2523 apud
343 2467 468 2521 ipsum
491 2467 750 2508 Athanasium
786 2468 921 2508 eadem
951 2468 990 2508 in
1013 2468 1159 2524 scripto
1189 2469 1472 2524 supplicatione
1502 2470 1560 2510 usi
1591 2477 1698 2511 sunt.

142 2535 252 2577 Inter
290 2536 386 2577 baec
423 2535 667 2576 Athanasius
705 2551 791 2576 cum
831 2537 929 2591 apud
964 2535 1118 2592 Tyrum
1151 2551 1312 2592 gravem
1349 2552 1393 2577 ac
1428 2537 1700 2579 vehementem

142 2605 241 2646 hanc
271 2604 603 2660 conspirationem
635 2619 723 2645 esse
745 2611 947 2656 cerneret,
983 2605 1206 2660 priusquam
1235 2605 1272 2645 in
1300 2605 1482 2646 indicium
1508 2606 1698 2661 prodiret,

141 2681 208 2715 aut
239 2688 376 2714 omnes
409 2673 509 2713 istae
541 2672 758 2713 calumniae
795 2687 926 2713 coram
960 2673 1032 2714 sibi
1064 2681 1102 2713 et
1131 2688 1183 2714 ex
1215 2674 1382 2714 adverso
1417 2673 1698 2725 obiicerentur,

142 2742 189 2782 de
218 2749 333 2782 nocte
365 2741 571 2783 discedens
605 2741 642 2781 in
672 2741 898 2782 comitatum
923 2741 968 2781 ad
998 2739 1301 2783 Constantinum
1329 2748 1533 2797 properat,
1575 2743 1699 2797 deque

196 2889 228 2922 3.
261 2889 481 2922 Subiicientes
525 2892 672 2922 convertit
717 2892 896 2922 Cor-narius.
990 2887 1019 2921 lt.
1047 2888 1107 2931 τήν
1142 2892 1208 2922 cod.
1233 2891 1360 2931 Rhediy.
1410 2888 1466 2924 τὸν
1490 2892 1556 2924 cod.
1586 2892 1646 2925 len.
1673 2895 1700 2923 et

143 2935 293 2974 Suspicor
322 2937 553 2968 rescribendum
585 2945 647 2968 esse
679 2932 898 2979 παραχαράσ-
945 2937 1030 2968 edili.
1077 2935 1143 2967 τῶν
1167 2937 1293 2967 coniecit
1320 2937 1478 2969 Petovius.

144 2990 275 3018 σοντες,
310 2991 369 3020 quo
396 2984 486 3013 verbo
524 2992 584 3013 non
621 2983 712 3013 semel
746 2991 819 3013 usus
854 2984 896 3013 est
988 2981 1017 3012 ἑν.
1046 2976 1174 3019 Οὗοὶλις
1197 2983 1305 3022 scripti
1327 2983 1408 3014 libri.

143 3026 349 3066 Epiphanius.
989 3024 1020 3058 6.
1047 3021 1167 3066 αὐταῖς
1191 3028 1262 3059 libri
1284 3029 1401 3069 scripti.
1449 3023 1560 3062 αὐτῶν
1580 3028 1663 3061 editi.

1726 1590 1803 1634 Cap.
1828 1592 1887 1623 lx.
