2066 3319
477 184 658 218 PANARII
683 182 768 214 Lm.
786 183 827 214 11.
852 183 960 216 ToM.
980 184 1020 216 11.
1045 183 1178 219 HAER.
1199 184 1321 218 vai.
1592 178 1673 217 457

132 265 288 306 scholae
311 264 413 306 illius
436 264 661 319 discipliuae
684 262 978 303 constituendae
1005 264 1105 305 ratio
1131 265 1215 315 fnit,
1250 279 1319 320 per
1342 279 1454 320 quam
1480 265 1610 306 lolium
1637 266 1673 306 iu

132 334 313 374 mundum
339 333 632 374 disseminatum
656 339 730 372 est.
796 329 895 371 Huic
920 332 1020 371 enim
1046 333 1184 373 semini
1209 334 1438 374 simillimam
1463 334 1675 375 doctrinam

130 402 319 443 evomuit.
384 400 509 455 Quam
543 401 661 441 multa
694 414 809 455 porro
841 399 1028 440 adversus
1061 409 1203 441 tautam
1238 402 1436 443 histrionis
1469 403 1581 444 huius
1612 417 1676 444 ca-

131 469 313 510 lumniam
342 470 483 525 opponi
517 477 701 524 possunt,
736 468 835 523 quod
868 468 1074 523 unicuique
1106 477 1289 510 constare
1324 478 1465 525 potest.
1529 472 1588 512 Ac
1620 479 1675 512 ta-

129 538 242 579 metsi
275 538 463 593 perpolita
488 538 525 578 in
552 538 758 578 refutando
793 551 1032 591 nequaquam
1062 538 1289 578 adhibeatur
1320 539 1467 589 oratio,
1503 540 1597 581 satis
1629 541 1674 580 ad

129 607 392 647 incutiendum
419 607 494 647 illis
519 607 704 661 pudorem
733 606 870 656 l'uerit,
906 612 945 645 ut
967 604 1003 646 id
1027 605 1281 660 intelligatur,
1316 608 1503 648 eiusmodi
1529 608 1575 648 ab
1600 609 1674 649 illis

130 675 286 716 decreta
312 675 466 715 defendi
497 689 596 729 quae
633 682 812 716 constare
843 674 915 714 sibi
951 681 1170 727 nequeant,
1205 689 1330 729 neque
1356 676 1431 716 vim
1464 677 1576 717 ullam
1610 685 1676 718 aut

130 744 279 799 pondus
313 744 494 784 habeant.
558 742 714 784 Etenim
756 743 886 797 priora
925 742 1206 797 posterioribus
1244 744 1410 795 evertit,
1458 747 1674 800 posteriora

128 812 245 866 longe
268 826 290 852 a
314 813 508 868 prioribus
535 813 690 852 diversa
713 811 908 866 proponit.
969 808 1159 851 Mundum
1183 811 1280 852 alias
1305 826 1327 851 a
1352 812 1423 852 deo
1448 815 1674 868 productum

130 881 294 932 asserit,
329 881 425 922 alias
451 896 473 922 a
500 880 771 935 Principibus,
806 887 846 920 ut
872 879 956 920 eius
986 879 1089 919 nulla
1114 893 1165 920 ex
1189 887 1298 934 parte
1322 895 1459 922 caussa
1490 882 1540 922 sit
1561 884 1671 933 deus,

128 950 195 991 sed
220 957 259 990 et
280 950 362 1005 ipse
387 950 551 990 mundus
573 950 755 989 intereat.
818 947 1110 1002 Nonnunquam
1136 948 1417 990 firmamentum
1442 951 1561 1005 pelles
1586 965 1674 992 esse

127 1016 352 1073 Principum
376 1019 504 1069 docet,
539 1032 635 1072 quos
659 1017 851 1057 interdum
877 1031 994 1071 supra
1016 1016 1054 1056 in
1080 1017 1168 1072 polo
1193 1016 1232 1057 iu
1260 1032 1376 1059 cruce
1401 1020 1562 1060 suffixos
1586 1034 1675 1061 esse

129 1087 244 1137 dicit,
279 1100 323 1127 ac
347 1086 593 1138 discurrere,
628 1093 666 1126 et
690 1085 795 1126 velut
818 1086 941 1126 nubes
966 1086 1186 1136 obducere,
1219 1086 1495 1142 proritarique,
1530 1096 1568 1129 et
1593 1089 1677 1129 libi-

129 1155 228 1196 dinis
254 1155 420 1196 stimulis
455 1155 500 1196 ad
531 1162 728 1210 aspectum
764 1154 950 1209 virginis,
993 1162 1031 1195 et
1060 1155 1321 1195 adolescentis
1354 1157 1676 1211 pulchritudinem

129 1224 332 1265 concitari.
397 1221 432 1265 Ο
458 1223 658 1264 infamiam
685 1223 945 1277 singularem!
1011 1223 1113 1278 Quid
1137 1224 1238 1264 enim
1268 1224 1357 1278 fingi
1384 1233 1512 1280 potest
1535 1227 1678 1282 impro-

128 1292 241 1334 hius?
280 1293 368 1347 quid
406 1293 608 1333 molestius
643 1307 688 1333 ac
722 1292 896 1347 turpius,
930 1307 1043 1347 quam
1078 1293 1256 1334 veritatis
1291 1294 1466 1349 spiritum
1499 1295 1677 1336 muliebri

128 1361 201 1402 sibi
226 1361 347 1415 figura
377 1361 624 1411 describere,
659 1362 902 1415 eundemque
936 1362 1066 1402 dicere
1097 1376 1374 1416 nonnunquam
1401 1364 1518 1404 maris
1546 1364 1676 1419 specie

128 1428 375 1485 Principibus
398 1431 612 1485 apparere?
671 1428 774 1470 Nam
799 1444 884 1470 cum
912 1437 1021 1485 turpe
1045 1430 1096 1470 sit
1117 1430 1243 1470 virum
1270 1445 1316 1471 eo
1343 1432 1592 1473 temulentiae
1617 1433 1674 1473 iu-

129 1498 398 1553 solentiaeque
422 1498 620 1553 progredi,
655 1505 695 1539 ut
717 1498 943 1539 muliebrem
972 1498 1139 1539 habitum
1164 1513 1209 1539 ac
1233 1501 1392 1540 sormam
1417 1501 1566 1550 induat,
1597 1509 1674 1541 tum

130 1582 225 1608 vero
249 1567 513 1623 turpissimum
535 1575 610 1617 est,
645 1567 894 1607 mulierculas
916 1567 953 1607 in
974 1567 1081 1608 viros
1104 1569 1333 1609 commutari
1356 1583 1401 1609 ac
1422 1569 1572 1609 virilem
1596 1570 1675 1610 cul-

130 1644 207 1678 tum
231 1636 409 1677 induere.
474 1635 633 1690 Quanto
659 1650 753 1676 vero
780 1635 924 1676 maiore
949 1650 968 1676 a
997 1637 1167 1691 pessimo
1192 1637 1256 1677 illo
1285 1637 1417 1678 lictore
1441 1636 1675 1679 Manicliaeo

128 1706 269 1746 iniuria
300 1705 454 1745 divinus
487 1705 551 1745 ille
581 1705 756 1745 veritatis
790 1705 949 1759 spiritus
979 1705 1166 1745 afficitur?
1225 1704 1304 1746 Sed
1338 1706 1429 1746 illud
1461 1707 1551 1747 volo
1584 1707 1675 1747 mihi

129 1775 252 1824 dicaS,
287 1774 424 1828 quibus
448 1773 545 1814 cutis
569 1774 743 1814 detracta
764 1774 830 1825 sit,
866 1773 1034 1814 libidinis
1056 1773 1222 1814 stimulis
1249 1775 1387 1829 agitari
1414 1775 1475 1829 qui
1501 1776 1674 1830 possint?

128 1850 194 1884 aut
216 1844 424 1898 quomoda,
460 1849 659 1897 postquam
686 1842 722 1882 in
749 1856 902 1883 crucem
930 1843 1002 1882 acti
1026 1850 1138 1894 suut,
1173 1844 1272 1898 pelle
1300 1844 1431 1884 nudati
1460 1852 1564 1895 sunt,
1597 1845 1674 1885 imo

127 1926 247 1963 vero,
282 1912 314 1952 si
340 1911 444 1952 cruci
469 1912 571 1951 affixi
598 1918 712 1961 suut,
748 1926 913 1965 quanam
939 1912 1087 1952 ratione
1112 1912 1157 1952 ad
1189 1910 1384 1952 Virtutem
1413 1913 1541 1964 illam,
1576 1927 1674 1967 quae

127 1987 289 2036 repente
322 1981 541 2035 dispareat,
578 1987 739 2035 possunt
771 1981 1007 2020 accurrere?
1066 1979 1219 2020 Deinde
1244 1995 1339 2020 vero
1367 1982 1451 2035 quis
1476 1988 1676 2022 contume-

127 2049 266 2090 liosum
294 2049 407 2089 istum
437 2050 473 2089 in
500 2050 610 2089 deum
641 2049 833 2088 hominem
861 2050 962 2089 ferre
995 2049 1138 2103 possit,
1172 2050 1234 2104 qui
1263 2064 1333 2090 nos
1359 2048 1580 2105 Principum
1611 2065 1676 2090 su-

128 2118 286 2159 doribus
305 2117 354 2158 ali
380 2119 540 2168 sentiat,
574 2125 688 2171 atque
716 2131 766 2157 ex
789 2117 1023 2158 foedissimis
1046 2118 1198 2158 illorum
1223 2119 1489 2159 excrementis
1514 2119 1674 2159 imbrem

127 2187 239 2228 nobis
265 2186 412 2226 emitti?
473 2184 556 2227 Cur
587 2193 714 2226 autem
743 2193 871 2240 potum
900 2186 982 2241 ipse
1011 2202 1096 2227 cum
1123 2187 1321 2242 discipulis
1353 2189 1433 2229 suis
1467 2188 1594 2228 haurit
1623 2202 1673 2228 ex

126 2256 248 2296 imbre
272 2255 503 2295 collectum?
561 2253 707 2295 Nonne
731 2255 858 2295 statim
883 2255 1066 2296 ridiculus
1091 2264 1150 2296 est
1174 2256 1237 2311 qui
1262 2258 1437 2312 corporis
1462 2257 1674 2296 necessita-

127 2324 227 2365 tibus
249 2324 469 2378 obsequens
491 2324 671 2364 sudorem
695 2323 826 2364 bibat?
885 2323 986 2364 Nam
1013 2333 1053 2364 ut
1076 2326 1207 2380 dispar
1229 2325 1279 2366 sit
1304 2333 1518 2380 peccatum,
1548 2339 1673 2379 poena

127 2400 252 2434 tamen
289 2393 323 2433 ei
362 2393 423 2447 qui
465 2393 610 2433 invitus
649 2400 785 2446 peccat
820 2393 933 2448 louge
970 2393 1096 2434 minor
1131 2394 1359 2449 proponitur
1397 2408 1507 2448 quam
1541 2394 1576 2434 ei
1609 2394 1671 2448 qui

126 2470 265 2518 sponte
289 2461 544 2503 commiserit.
608 2460 722 2501 Licet
746 2462 871 2512 enim,
907 2464 1006 2517 quod
1033 2464 1162 2518 reipsa
1188 2477 1263 2503 non
1292 2471 1373 2512 est,
1407 2477 1541 2502 verum
1568 2470 1673 2503 esset

127 2531 225 2586 quod
251 2532 421 2572 furiosus
448 2531 509 2572 ille
538 2530 660 2584 lingit,
695 2531 816 2571 ceteri
840 2532 990 2585 quidem
1017 2532 1209 2581 homines,
1245 2532 1305 2585 qui
1330 2531 1494 2571 sudores
1520 2545 1564 2571 ac
1593 2532 1674 2571 l'oe-

126 2602 195 2641 das
221 2599 475 2641 excretiones
510 2600 717 2654 ignorant,
752 2614 836 2641 cum
868 2607 1081 2655 aquantur,
1116 2607 1182 2641 aut
1213 2607 1368 2655 potant,
1402 2600 1515 2640 venia
1549 2601 1671 2654 magis

172 2704 222 2737 11.
251 2706 346 2744 Vulyo
370 2699 428 2738 ’ὅτε
453 2702 500 2737 δὲ.
969 2702 1018 2735 14.
1057 2700 1159 2736 αὐτοῦ
1196 2705 1315 2734 restitui
1350 2713 1387 2734 ex
1419 2705 1541 2744 scriptis
1574 2706 1670 2736 libris

172 2749 221 2781 1‘2.
246 2752 294 2782 Ita
317 2753 501 2789 scriptorum
523 2752 608 2781 librr.
635 2753 758 2789 uterque
781 2753 807 2781 et
828 2751 874 2782 ed.
922 2751 1006 2781 Edili
1030 2751 1138 2781 habent
1164 2745 1284 2781 αὐτῶν.

122 2796 221 2834 princ.
268 2797 302 2827 ln
322 2796 392 2826 edit.
418 2797 558 2835 Ρείαυῐῐ,
583 2798 635 2835 qui
657 2797 876 2835 suspicabatur
972 2797 1019 2827 123.
1047 2794 1166 2836 σωμᾶτ
1191 2794 1237 2837 (h.
1253 2804 1277 2826 e.
1303 2793 1485 2838 σωμάτων)
1512 2797 1670 2828 coustum-

127 2839 355 2879 2nkeueohou‚
381 2844 465 2872 extat
491 2840 728 2883 Ξηλυεύεσῒᾶαι.
922 2843 985 2881 diq.

176 2886 223 2917 13.
247 2888 390 2918 Fortasse
411 2870 591 2930 αἰσχροιτάτ
593 2898 645 2928 n:-
697 2888 781 2919 Certe
809 2889 874 2927 sus-
973 2884 1019 2917 16.
1044 2886 1091 2917 τῶ
1126 2888 1243 2916 restilui
1263 2896 1300 2918 ex
1324 2889 1410 2919 libris
1432 2896 1527 2919 manu
1556 2897 1670 2919 exura-

124 2931 291 2970 fra9untur
333 2942 411 2972 quae
457 2934 516 2972 fine
550 2935 662 2973 capitis
698 2937 875 2972 repetuntur
921 2930 1341 2970 tis.Ed1‘tipraet›entrc3.

126 2971 319 3016 ἀγνοοῦντες
351 2975 498 3019 ἱδρώτας
530 2978 588 3012 καὶ
620 2977 787 3022 ἐκκρίσεις
820 2977 873 3011 αἰ-
973 2975 1018 3008 17.
1045 2973 1166 3011 πλάνος
1190 2978 1226 3008 de
1251 2980 1426 3011 coniectura
1457 2981 1589 3020 reposui.
1637 2981 1670 3011 ln

128 3018 242 3064 σχρὰς.
921 3024 1005 3054 libris
1028 3025 1070 3054 est
1094 3020 1177 3065 πλην
1203 3022 1241 3056 οἱ.
