2035 3309
157 1666 247 1708 Κεφ.
269 1662 308 1708 β’,

168 1729 233 1757 pag.
253 1720 311 1747 423.

329 207 381 247 48
893 212 1053 245 SANCTI
1076 213 1300 246 EPJPHANH

331 296 381 347 τῷ
405 293 475 346 βίῳ
500 292 645 343 αἵρεσις
666 290 796 343 ἑτέρα,
828 288 953 344 ὥςπερ
973 289 1132 345 ἑρπετόν
1153 289 1335 340 ἀσθενὲς,
1367 288 1419 342 μὴ
1442 288 1655 343 δυνάμενον
1675 288 1861 344 άντισχεῖν

329 357 428 411 πρὸς
451 356 521 409 τήν
543 355 667 410 ὀσμὴν
690 362 757 410 τῆς
779 356 1014 410 δικτάμνου,
1053 357 1139 410 ἤτοι
1161 357 1372 412 στύρακος,
1412 355 1438 410 ἢ
1460 360 1710 418 λιβανίτιδος,
1742 357 1768 411 ἢ
1792 363 1861 411 τῆς

329 424 567 479 οἷβροτόνου,
600 423 625 478 ἢ
644 430 712 478 τῆς
734 423 860 478 ὀσμῆς
880 430 950 467 τοῦ
974 424 1197 478 ἀσφάλτου,
1229 424 1254 478 ἢ
1278 430 1347 467 τοῦ
1370 425 1638 479 θυμιάματος,
1668 425 1695 479 ἢ
1717 431 1786 468 τοῦ
1807 429 1860 467 λί-

331 500 412 534 θου
435 495 505 534 τοῦ
527 491 720 548 γαγάτου,
764 491 790 546 ἢ
815 498 884 534 τοῦ
906 494 1068 548 κέρατος
1090 498 1158 546 τῆς
1181 492 1341 545 ἐλάφου.
1405 495 1507 535 Φασὶ
1528 493 1601 549 γαρ
1623 496 1662 535 οἵ
1681 496 1722 535 ἐν
1745 509 1859 546 συνη-

328 564 419 618 θείᾳ
444 560 641 616 γεγονότες
669 562 736 602 καὶ
767 559 832 602 διοὶ
856 564 992 616 πείρας
1014 561 1162 604 τούτων
1187 566 1309 602 ταῦτα
1333 559 1379 602 τά
1403 564 1486 615 εἴδη
1511 561 1742 604 άπελαστικά
1766 560 1863 603 εἶναι

330 630 500 683 ἑρπετῶν
523 630 587 670 καὶ
615 628 790 683 ἰοβόλων.
852 631 931 670 Καὶ
954 629 1024 682 τὴν
1047 630 1115 682 μὲν
1136 628 1346 682 δίκταμνόν
1365 646 1464 678 τινες
1485 633 1668 671 καλοῦσιν
1689 628 1767 671 άπὸ
1789 633 1859 671 τοῦ

328 695 422 745 τούς
441 699 586 746 παῖδας
604 702 681 738 τῶν
701 699 841 752 ἰατρῶν
862 703 1074 751 κεχρῆσθαι
1097 701 1215 755 ταύτῃ
1238 699 1291 745 εἰς
1311 696 1381 750 τὴν
1402 702 1480 738 τῶν
1499 703 1711 740 τικτουσῶν
1730 715 1860 752 γυναι-

327 769 408 806 κῶν
435 764 648 818 βοήθειαν·
691 765 783 814 ὥςτε
814 764 881 817 ἀφ’
911 764 1023 819 ἡμῶν
1047 765 1205 814 εἰκότως
1228 764 1507 815 ἆπεικάζεσθαι
1537 768 1590 815 είς
1614 764 1680 807 τὸν
1705 764 1861 807 ὄίνωθεν

330 832 496 875 ἐλθόντα
513 832 627 889 λόγον
647 832 745 875 θεὸν
766 831 842 875 obad
862 839 939 875 τῶν
960 836 1218 889 ἐπουρανίων,
1242 835 1284 875 ἐκ
1305 832 1451 888 πατρὸς
1469 832 1644 888 οἷχρόνως
1661 834 1726 875 καὶ
1744 831 1861 888 άνάρ-

331 919 405 955 χως
435 903 718 957 γεγεννημένον.
782 903 885 955 Φησὶ
910 900 981 957 γάρ
1010 900 1032 943 ὁ
1054 900 1242 955 Σολομῶν
1264 903 1354 956 περὶ
1378 906 1446 955 τῆς
1468 901 1642 957 ἄφρονος
1669 902 1734 943 καὶ
1759 899 1860 953 φαύ-

328 975 395 1023 λης
423 968 607 1025 γυναικός
638 969 696 1012 ὅτι
726 977 831 1023 μισεῖ
856 969 971 1025 λόγον
998 968 1219 1022 ἀσφαλείας.
1284 969 1420 1019 Οὕτως
1444 971 1508 1011 καὶ
1533 964 1642 1011 οὗτοι
1664 967 1710 1010 τά
1728 966 1860 1023 στερεοὶ

329 1042 398 1079 τοῦ
431 1039 678 1093 κηρύγματος
709 1038 984 1093 μεμισήκασιν,
1027 1040 1188 1093 ἐπίγειοι
1219 1036 1323 1087 ὅντες
1354 1039 1420 1079 καὶ
1447 1036 1546 1093 πρὸς
1572 1036 1619 1078 τά
1647 1035 1861 1093 ἐπουράνια

329 1104 649 1160 ἀπεχθανόμενοι.
698 1107 824 1149 ”Οθεν
849 1106 1017 1155 δεδιότες
1039 1105 1109 1159 τήν
1132 1104 1269 1159 φωνην
1292 1111 1362 1147 τοῦ
1385 1105 1498 1162 ἁγίου
1521 1105 1761 1158 πνεύματος,
1792 1103 1862 1158 τὴν

327 1175 533 1229 λέγουσαν,
581 1174 701 1229 Φωνὴ
730 1178 869 1230 κυρίου
904 1176 1202 1229 καταρτιζομένη
1235 1173 1421 1226 ἐλάφους·
1465 1180 1535 1216 τοῦ
1567 1172 1745 1222 εἰπόντος
1780 1178 1862 1222 τοῖς

330 1241 452 1284 αὐτοῦ
477 1241 631 1292 δούλοις
655 1245 721 1285 καὶ
743 1242 993 1294 ἀποστόλοις,
1034 1241 1157 1294 Ἰδού,
1198 1244 1350 1284 δέδωκα
1373 1241 1467 1296 ύμῖν
1492 1242 1562 1296 τὴν
1587 1244 1764 1292 ἐξουσίαν
1788 1259 1861 1282 πα-

330 1316 407 1351 τεῖν
431 1311 494 1352 ἐπὶ
517 1309 629 1363 ὄφεις
653 1312 717 1352 καὶ
741 1314 972 1366 σκορπίους,
1004 1313 1070 1353 καὶ
1091 1312 1156 1353 ἐπὶ
1179 1316 1306 1352 πᾶσαν
1327 1309 1398 1365 τὴν
1419 1310 1587 1364 δύναμιν
1609 1315 1681 1352 τοῦ
1705 1312 1860 1365 ἐχθροῦ.

328 1378 440 1432 Αὕτη
473 1377 545 1434 γάρ
579 1374 628 1432 ἦν
660 1377 687 1432 ἦ
716 1378 829 1432 φωνὴ
859 1377 884 1432 ἦ
911 1380 1209 1433 καταρτιζομένη
1238 1380 1431 1430 ἐλάφους,
1471 1377 1497 1432 ἡ
1523 1381 1685 1420 δοθεῖσα
1712 1379 1767 1426 εἰς
1794 1375 1861 1419 τὸν

329 1446 474 1500 κόσμον
498 1445 561 1488 δια
582 1451 659 1488 τῶν
682 1445 801 1501 άγίων
823 1445 1048 1489 ἀποστόλων
1073 1448 1139 1488 καὶ
1163 1445 1459 1502 εύαγγελιστῶν,
1500 1451 1768 1500 καταπατῆσαι
1791 1445 1862 1499 την

328 1520 397 1556 τοῦ
431 1514 618 1568 διαβόλου
653 1513 910 1568 ἐναντιότητα.
968 1513 1030 1564 Ἐξ
1063 1510 1116 1556 ῶν
1147 1513 1169 1556 ὁ
1197 1514 1308 1570 ἅγιος
1335 1513 1519 1567 Ἰωάννης
1553 1512 1748 1568 οῗκρότατα
1777 1515 1860 1556 ἕπε’-

330 1597 462 1636 στησε,
493 1583 558 1624 καὶ
584 1581 753 1638 διήλεγξε
776 1581 845 1636 τήν
871 1582 1039 1636 δύναμιν
1063 1587 1141 1624 τῶν
1164 1583 1467 1636 πεπλανημένων
1495 1583 1560 1624 καὶ
1587 1580 1861 1637 ὄφιομόρφων.

445 1649 556 1691 Ἀλλά
577 1648 649 1692 οὐκ
672 1650 871 1704 ἰσχύουσιν
898 1653 938 1692 ἐν
963 1656 1010 1709 τῇ
1031 1653 1185 1708 κιβωτῷ
1211 1652 1251 1691 οἵ
1270 1654 1451 1692 τοιοῦτοι.
1507 1648 1772 1705 Ἑπιτρὲπεται
1789 1647 1861 1705 γάρ

333 1717 355 1761 ὅ
377 1718 487 1774 ἅγιος
512 1723 604 1760 Νῶε
626 1717 725 1760 κατά
754 1717 796 1760 ‘co‘
821 1721 927 1773 ῥῆμα
949 1722 1089 1774 κυρίου
1114 1721 1455 1771 ἐπασφαλίσασθαι
1474 1716 1544 1771 τὴν
1565 1718 1766 1772 τοιαύτην,
1808 1716 1863 1767 ῶς

330 1802 427 1840 φησι
448 1785 548 1841 πρὸς
571 1785 710 1837 αύτὸν,
748 1785 1029 1839 Ἀσφαλτῶσεις
1053 1785 1176 1840 αὐτὴν
1199 1789 1347 1829 ἔσωθεν
1370 1789 1436 1829 καὶ
1459 1788 1624 1836 ἔξωθεν·
1665 1788 1732 1828 ἵνα
1755 1788 1859 1843 δείξῃ

329 1854 371 1897 τὸ
396 1853 498 1903 εἶδος
523 1860 591 1907 τῆς
611 1853 722 1909 ἁγίας
743 1859 812 1896 τοῦ
836 1860 933 1897 θεοῦ
953 1857 1173 1908 ἐκκλησίας,
1205 1854 1366 1909 ἐχούσης
1384 1859 1454 1908 τῆς
1476 1853 1679 1907 οἷσφάλτου
1698 1853 1768 1908 τήν
1793 1852 1859 1895 δύ-

329 1941 465 1977 ναμιν,
497 1922 567 1976 τήν
592 1921 895 1965 α’ποδιιόκουσαν
916 1922 963 1964 τά
987 1922 1091 1965 δεινοὶ
1116 1924 1182 1965 καὶ
1206 1921 1383 1979 ὄλετήρια
1408 1921 1605 1978 ἕρπεττόδη
1630 1921 1858 1977 διδάγματα.

796 1988 853 2004 Py!

317 1991 452 2033 ''Onov
476 1990 548 2046 γάρ
568 1995 761 2044 θυμιᾶται
780 2009 805 2044 η
828 1997 1043 2043 ασφαλτος,
1087 1989 1160 2033 οὐκ
1184 1990 1327 2045 ἰσχύσει
1348 1996 1483 2045 στῆναι
1503 1989 1604 2043 ὄφις.
1645 1988 1858 2045 ,Ἐκάρωσε

327 2063 461 2102 τοίνυν
479 2058 642 2108 τούτους
661 2057 703 2100 τὸ
726 2058 838 2114 ἅγιον
857 2062 1039 2113 θυμίαμα
1055 2064 1124 2101 τοῦ
1143 2058 1354 2114 στύρακος,
1387 2061 1453 2101 καὶ
1474 2062 1752 2114 παραιτοῦνται
1771 2056 1860 2099 τού-

329 2146 397 2170 του
418 2126 488 2181 τὴν
510 2125 649 2181 ὀδμὴν,
680 2128 744 2168 καὶ
764 2131 832 2180 τῆς
856 2125 1086 2182 ἅβροτόνου,
1118 2129 1246 2170 εἶ’τουν
1265 2130 1513 2181 λιβανίτιδος,
1543 2125 1569 2180 ἦ
1590 2125 1756 2179 δύναμις
1777 2123 1858 2167 κατ’

330 2195 450 2238 αὐτοῦ
471 2200 541 2237 τοῦ
564 2194 693 2248 ὄφεως
715 2194 960 2247 ἐπιφύσασα,
991 2197 1058 2236 καὶ
1080 2194 1211 2237 ἐπάνω
1235 2201 1307 2237 τοῦ
1328 2200 1481 2248 φωλεοῦ
1505 2193 1626 2237 αὑτοῦ
1651 2193 1856 2247 ἐκβλαστή-

331 2279 438 2306 σασα.
487 2262 617 2304 ’Ένθα
645 2261 719 2319 γάρ
750 2261 818 2304 τὸν
846 2261 1016 2318 Χριστὸν
1049 2265 1091 2305 ἐκ
1115 2267 1360 2319 παρατριβῆς
1389 2261 1506 2316 ψιλὸν
1535 2261 1749 2317 ἄνθρωπον
1772 2260 1860 2315 ἐκή·

331 2350 462 2386 ρυττεν
487 2330 510 2373 ὅ
531 2330 670 2384 Ἐβίων
692 2331 759 2372 καὶ
784 2329 807 2372 ό
831 2329 1056 2386 Κήρινθος,
1095 2333 1161 2373 καὶ
1188 2334 1228 2373 οἱ
1247 2330 1342 2385 ἄμφ’
1367 2329 1531 2382 αύτούς,
1562 2331 1664 2383 φημὶ
1686 2330 1727 2371 δὲ
1749 2331 1790 2371 ἐν
1811 2333 1857 2387 τῇ

328 2398 458 2456 Ἀσία,
501 2401 582 2442 ἐκεῖ
607 2397 649 2441 τό
680 2403 832 2452 πνεῦμα
857 2398 900 2440 ‘co'
933 2398 1044 2454 ἅγιον
1064 2397 1227 2441 οἷνέτειλε
1259 2404 1312 2457 τῷ
1333 2398 1467 2456 κόσμῳ
1488 2397 1630 2451 ταύτην
1653 2396 1722 2451 τὴν
1747 2394 1858 2452 άγίαν

330 2466 517 2520 βοτάνην,
549 2469 674 2509 εἷ’τουν
695 2465 872 2520 θάμνον,
913 2465 984 2520 την
1007 2465 1280 2517 άποδιοόξασαν
1303 2466 1370 2509 τόν
1392 2466 1486 2518 ὅφιν
1507 2467 1573 2507 καὶ
1595 2464 1767 2507 λύσασαν
1788 2463 1858 2518 τὴν

330 2539 401 2576 τοῦ
423 2534 608 2588 διαβόλου
629 2537 851 2590 τυραννίδα.
910 2533 1016 2576 Ἐκεῖ
1034 2533 1105 2590 γάρ
1131 2533 1152 2576 ὁ
1176 2534 1285 2590 ἅγιος
1305 2533 1485 2587 Ἰωάννης
1507 2531 1596 2586 μεθ’
1619 2531 1769 2587 ἡλικίαν
1789 2550 1855 2588 γη-

332 2604 470 2658 ραλέαν
492 2604 732 2658 ἐπιτρέπεται
752 2601 831 2645 dno*
855 2607 925 2645 τοῦ
945 2601 1163 2655 πνεύματος
1188 2608 1258 2645 τοῦ
1280 2601 1391 2658 ἆγίου
1411 2600 1577 2656 κηρύξαι
1596 2602 1663 2643 καὶ
1685 2599 1855 2653 ἀνακάμ-

331 2683 409 2723 ψαι
429 2670 520 2719 τούς
543 2673 582 2712 ἐν
599 2677 646 2729 τῇ
668 2669 747 2729 ὁδῷ
769 2671 1099 2724 πεπλανημένους,
1131 2668 1180 2712 οὐ
1200 2670 1292 2724 μετα
1317 2668 1501 2725 ἀνάγκης,
1533 2667 1625 2711 άλλοὶ
1645 2667 1738 2722 μετά
1759 2685 1854 2723 προ-

332 2740 514 2794 αιρέσεως
539 2745 619 2787 τοῖς
641 2740 892 2792 πειθομένοις
914 2736 1175 2790 ἀποκαλύψας
1202 2743 1297 2780 θεοῦ
1326 2737 1369 2780 τό
1394 2725 1501 2790 «fian,
1540 2736 1582 2779 τὸ
1612 2739 1654 2779 ἐν
1683 2741 1732 2794 τῇ
1765 2733 1855 2793 άγία

330 2811 430 2848 θεοῦ
453 2808 688 2864 διδασκαλίᾳ.
746 2805 838 2848 Ἀλλ’
861 2808 932 2856 ἕως
952 2805 1045 2848 πότε
1065 2805 1225 2858 μηκύνω
1248 2804 1315 2848 τὸν
1334 2805 1469 2861 λόγον,·
1515 2806 1594 2846 Καὶ
1614 2802 1687 2860 γάρ
1710 2807 1765 2861 τῷ
1790 2805 1852 2857 μέ-

330 2892 438 2917 νοντι
458 2873 560 2916 ὅπου
582 2872 741 2932 άναφυῇ
763 2872 997 2930 ἆβρότονος,
1028 2875 1108 2915 ἐκεῖ
1127 2872 1219 2926 ὄφις
1241 2872 1367 2916 οὐκέτι
1387 2873 1652 2929 ἐγκαταμένει,
1682 2869 1769 2912 οὔτε
1790 2872 1853 2924 ἐμ-

333 2943 517 2995 φωλεύει,
546 2943 614 2982 καὶ
635 2941 735 2983 ὅπου
757 2947 856 2983 θεοῦ
876 2940 1028 2995 ἀληθὴς
1045 2943 1289 2992 διδασκαλία,
1321 2940 1368 2983 οὐ
1386 2939 1605 2995 κατισχύσει
1621 2937 1852 2993 κατοικητή-

334 3027 419 3067 ριον
448 3008 689 3066 ἓρπετώδους
717 3012 986 3062 διδασκαλίας,
1017 3006 1108 3050 ἄλλά
1139 3006 1341 3050 διόλλυται.
