2066 3319
446 210 629 244 PANARII
654 210 783 242 LIB.11
818 209 927 242 TOM.
946 210 985 242 n.
1010 207 1141 240 HAER.
1157 208 1283 240 vai.
1565 198 1642 238 521

94 300 264 349 optatum
292 290 559 346 adscitumque
584 296 734 341 narrat,
769 304 846 330 non
871 304 986 330 unum
1010 289 1132 339 illum,
1166 288 1368 342 solumque
1393 286 1513 328 seculi
1538 286 1650 326 huius

95 375 182 421 esse
206 362 318 401 deum
342 360 450 410 dico,
485 359 552 399 sed
580 358 734 413 plures,
769 358 906 412 quibus
931 371 973 398 se
1000 357 1174 398 infideles
1199 355 1462 406 subiecerint,
1498 362 1537 395 et
1567 354 1649 395 ani-

93 430 164 470 mis
203 428 398 468 occaecati
437 428 530 467 sint.
595 425 930 480 Quemadmodum
966 426 1042 466 alio
1075 426 1160 466 loco
1195 425 1308 465 dicit:
1359 428 1521 475 Quorum
1556 426 1646 462 deus
1680 416 1810 487 ξ’ἪΡΡ·

92 505 220 537 venter
243 505 318 545 est,
354 504 391 535 et
411 498 541 547 gloria
562 499 599 535 in
623 497 842 549 confusione
865 498 1044 546 ipsorum.
1109 491 1205 533 Item
1230 493 1266 532 in
1293 492 1500 546 evangelio
1526 491 1647 531 domi-

92 579 186 606 nus:
221 567 307 604 Non
325 567 486 617 potestis
511 565 654 603 duobus
678 567 836 602 (Ιοηιίηίψ1
858 566 1014 602 servire.
1081 560 1232 601 Deinde
1259 561 1387 600 multis
1411 560 1643 610 interiectis,
1666 570 1853 607 Matmcm.

95 641 136 674 ut
163 633 318 688 quinam
345 633 419 672 duo
454 632 505 672 illi
533 632 676 673 domini
715 638 849 672 essent
883 630 1132 679 ostenderet,
1176 632 1261 668 Nam
1291 632 1471 681 potestis,
1507 628 1645 682 inquit,

89 705 235 742 servire
257 704 345 749 deo,
381 709 419 740 et
438 704 685 740 Mummouae.
752 698 1017 753 Quamobrem
1057 704 1094 737 ct
1119 698 1214 737 deus
1241 711 1335 737 vere
1370 697 1463 737 dens
1493 703 1572 745 cst,
1609 704 1647 736 et

90 769 338 811 Mammonas
363 769 474 809 huius
502 769 632 809 mnndi
659 769 768 808 deus.
830 765 933 807 Nam
963 765 1180 816 amborum,
1217 765 1287 805 hoc
1311 772 1373 805 est
1396 763 1646 806 Mammonac

91 853 136 879 ac
168 837 343 888 ventris,
390 837 573 878 illecebra
610 836 773 892 pellecta
805 835 974 875 maxima
1013 847 1102 887 pars
1140 833 1361 873 mortalium
1394 841 1645 874 excaecatur.

91 904 214 947 Cuius
242 906 394 960 quidem
419 906 569 960 culpam
595 905 689 944 deus
716 903 872 944 minime
898 902 1090 952 sustinet,
1125 902 1192 942 scd
1218 900 1367 956 privata
1395 901 1546 942 illorum
1579 903 1650 942 im-

91 974 289 1030 probitas,
325 988 394 1029 pro
418 987 465 1014 eo
501 987 544 1013 ac
575 973 738 1027 quisque
767 972 977 1027 cupiditate
1003 971 1140 1010 ductus
1168 983 1236 1024 per
1259 969 1525 1009 infidelitatem
1559 970 1650 1010 sub-

91 1043 231 1083 iectum
260 1056 302 1082 se
330 1041 508 1082 omnibns
533 1041 825 1094 obnoxiumque
859 1039 1074 1079 tradiderit.
1139 1037 1241 1077 Hinc
1272 1037 1363 1077 illud
1396 1037 1559 1091 apostoli
1593 1038 1648 1077 di-

92 1119 218 1162 ctum,
251 1114 376 1150 Badiam
400 1112 581 1149 malornm
605 1113 764 1149 omnium
787 1116 843 1147 est
864 1110 1041 1147 avaritia.
1108 1106 1209 1147 Hinc
1233 1112 1521 1161 praesumptam
1548 1105 1648 1146 illam
1671 1103 1843 1166 ¹·6'1'ffi101h·

92 1194 137 1221 ac
171 1180 421 1234 depravatam
468 1178 653 1219 falsorum
688 1178 848 1218 deornm
893 1175 1115 1232 opinionem
1153 1182 1365 1215 execratur
1396 1174 1454 1214 his
1490 1174 1646 1214 verbis:
1709 1160 1716 1173 ’

94 1252 191 1288 Esca
217 1251 341 1287 ventri
360 1255 398 1286 et
419 1255 546 1287 venter
568 1250 686 1286 escis.-
720 1249 810 1286 deus
832 1254 953 1285 aulem
978 1253 1014 1284 et
1035 1247 1134 1284 lzuuc
1157 1252 1195 1283 et
1213 1246 1300 1283 illas
1319 1246 1500 1282 destruet.
1549 1240 1856 1295 Qui-1.Cor.6‚13.

91 1317 162 1358 bus
186 1316 316 1357 verbis
340 1316 489 1356 ventris
517 1316 746 1370 cupiditates
772 1314 834 1355 illc
858 1315 1075 1355 detestatus
1099 1320 1173 1353 est.
1237 1316 1338 1351 Deus
1374 1312 1503 1366 itaque
1527 1313 1650 1350 seculi
1664 1317 1689 1344 2·
1702 1314 1771 1342 Cor·
1786 1316 1811 1349 ⁴,
1829 1316 1856 1343 ⁴-

91 1388 203 1425 leuius
226 1387 445 1424 eoeeaeeam't
466 1393 603 1423 mentes
628 1386 849 1436 infidelium.
916 1381 1005 1435 Quo
1028 1381 1118 1422 illud
1146 1381 1313 1435 pertinet
1341 1380 1440 1434 quod
1466 1380 1504 1420 in
1528 1394 1648 1421 cvan-

92 1453 195 1508 gelio
229 1453 417 1508 legimus,
461 1453 624 1508 primum
654 1452 758 1492 illum
790 1458 827 1491 et
853 1451 1016 1491 alterum
1041 1449 1190 1491 dixisse
1222 1449 1414 1499 scribam,
1464 1452 1563 1499 Quid
1580 1450 1649 1502 fa·
1667 1452 1855 1486 Luc.18‚18.

92 1525 222 1562 ciendo
247 1526 358 1560 vitum
384 1530 573 1580 aelermlm
598 1525 837 1573 consesuar?
878 1523 1046 1566 Honora,
1082 1518 1221 1572 inquit,
1251 1525 1397 1568 patrem
1421 1525 1458 1556 et
1479 1525 1647 1564 matrem,

92 1594 194 1630 sicut
212 1593 393 1642 seriptum
419 1598 486 1629 est.
538 1588 630 1630 Non
655 1589 758 1629 enim
786 1589 912 1629 aliena
942 1587 1038 1641 legis
1062 1593 1175 1626 erant
1198 1586 1244 1625 ab
1269 1599 1316 1626 eo
1338 1586 1533 1636 mandata,
1564 1598 1651 1640 per-

93 1659 259 1713 indeque
285 1658 463 1698 dominus
499 1658 601 1698 illius
629 1657 906 1698 observatione
942 1656 1043 1697 vitae
1076 1655 1259 1695 coelestis
1296 1654 1549 1695 hereditatem
1583 1654 1651 1694 ob-

96 1727 210 1767 tineri
233 1727 379 1766 docuit.
444 1724 622 1767 Subiccit.
649 1726 694 1766 ad
721 1726 815 1767 hacc
841 1725 1018 1776 iuvenis,
1052 1727 1154 1763 Haec
1177 1727 1299 1763 omnia
1322 1727 1474 1763 ser-vave·
1493 1724 1539 1762 ab
1559 1725 1647 1762 ado·
1669 1714 1782 1776 ζέῗᾏῗζ

94 1798 271 1835 lescenlia
308 1810 401 1834 mea.
469 1793 558 1848 Quo
600 1795 731 1835 audito
767 1792 949 1834 Christus
981 1796 1138 1845 gavisus
1170 1801 1249 1841 est,·
1299 1800 1339 1833 ut
1373 1792 1600 1832 ostenderet
1632 1805 1652 1830 a
1713 1778 1717 1784 ¹

95 1863 299 1905 divinitate
323 1878 391 1904 sna
419 1877 662 1918 nequaquam
694 1870 899 1917 praecepta
925 1862 1022 1916 legis
1052 1861 1283 1902 abliorrere.
1332 1858 1430 1901 Cum
1460 1860 1560 1900 enim
1586 1873 1654 1914 ga-

94 1933 203 1973 visus
241 1946 330 1972 esse
359 1932 522 1982 dicitur,
569 1931 716 1972 veteris
750 1930 971 1972 testamenti
1010 1944 1096 1970 cum
1131 1944 1234 1969 novo
1265 1928 1566 1969 consensionem
1607 1941 1652 1967 ac

93 2000 343 2041 concordiam
379 2000 591 2040 adstruxit.
658 1998 832 2040 Instante
869 2013 964 2039 vero
990 1998 1262 2049 adolescente,
1298 2005 1358 2048 ct,
1402 2000 1501 2048 Quid
1525 1999 1647 2036 udlzuc
1667 1993 1780 2063 22³3}

92 2072 187 2109 milei
208 2072 339 2108 deest?
378 2069 672 2122 interrogante,
708 2067 886 2108 dominus
913 2067 1136 2122 respondit,
1180 2069 1228 2106 Si
1250 2070 1303 2105 vis
1327 2068 1522 2120 perfectus
1551 2079 1644 2112 esse,

94 2141 206 2178 vende
227 2153 322 2190 quae
345 2139 471 2184 habes,
507 2145 543 2175 el
566 2140 613 2175 (la
629 2137 882 2189 pauperibms,
918 2144 956 2175 et
976 2151 1078 2175 sume
1107 2150 1254 2174 erucem
1280 2143 1400 2182 tuam,
1436 2142 1475 2173 et
1495 2148 1650 2185 Sequere

92 2222 170 2255 me,
206 2215 242 2245 et
264 2207 417 2245 habebis
445 2208 661 2244 thesaurum
688 2208 725 2244 iu
746 2207 869 2243 coelo:
904 2213 944 2243 (ιί
968 2207 1033 2244 ille
1064 2207 1186 2243 tm‘ste‘s
1207 2205 1323 2252 abiu,-
1357 2205 1553 2242 eratenim
1585 2204 1651 2239 ad-

91 2278 237 2315 modum
261 2278 376 2314 dives.
444 2272 525 2314 Sub
551 2274 645 2313 llaec
671 2273 871 2324 dominus,
907 2275 1074 2313 Facilius
1096 2281 1174 2321 esc,
1210 2272 1348 2327 inquit,
1384 2273 1562 2310 camelum
1579 2284 1651 2322 per

87 2346 260 2398 foramen
296 2357 388 2382 acus
414 2345 569 2394 ingredi
587 2357 695 2394 quam
719 2345 866 2381 diuitem
900 2345 937 2381 in
964 2356 1121 2393 regnum
1154 2344 1355 2380 coelorum.
1424 2337 1515 2379 ldco
1547 2338 1648 2378 enim

91 2412 242 2466 ingredi
266 2418 465 2465 nequeunt
487 2412 586 2464 quod
608 2425 628 2450 a
654 2411 725 2450 deo
751 2410 871 2450 seculi
899 2410 1012 2451 huius
1037 2410 1234 2450 occaecati
1259 2408 1426 2458 suerint,
1461 2414 1499 2447 et
1519 2404 1649 2446 Mam-

92 2494 246 2521 monam
270 2494 338 2535 pro
363 2480 435 2519 deo
462 2479 605 2518 habere
630 2479 887 2530 instituerint,
922 2493 966 2519 ac
994 2493 1035 2518 sc
1057 2478 1223 2532 deniqne
1248 2477 1369 2518 seculi
1395 2476 1467 2516 deo
1491 2481 1646 2529 sponte,

92 2549 164 2590 boc
187 2556 246 2589 est
271 2548 476 2599 avaritiae,
505 2547 759 2588 subiecerint.
805 2547 862 2588 Ad
886 2547 984 2601 quod
1010 2546 1102 2587 illud
1134 2545 1343 2585 salvatoris
1368 2551 1539 2599 spectat:
1573 2547 1647 2583 At-
1667 2553 1738 2580 Luc.
1762 2555 1810 2587 12,
1831 2554 1853 2581 ι..

92 2620 230 2657 {elidite
251 2632 274 2656 α
294 2619 480 2670 fermento
501 2619 806 2663 Pharisaeorum,
833 2618 933 2668 quod
951 2624 1008 2654 est
1028 2617 1264 2667 hypocrysim
1311 2612 1400 2652 Alio
1424 2625 1522 2652 vero
1541 2612 1644 2662 loco,

93 2689 200 2738 Quod
227 2694 284 2725 est
314 2689 491 2724 (tvarilia.
559 2682 683 2725 Cuius
720 2691 759 2724 ut
792 2685 958 2724 fructum
993 2696 1167 2738 opusque
1199 2681 1462 2735 signiticaret,
1507 2684 1643 2728 Duces,

92 2754 237 2809 iuquit,
281 2757 388 2793 coeci
416 2761 528 2792 sttui:
572 2767 705 2792 caecus
738 2761 859 2792 aulem
893 2766 1042 2791 caecum
1067 2755 1105 2789 si
1127 2754 1260 2797 ducat,
1307 2751 1412 2789 ambo
1436 2753 1474 2789 iu
1499 2751 1645 2802 foveam
1665 2734 1790 2804 ἪῘἛ,

91 2826 236 2862 cadent.
302 2821 416 2876 Quod
443 2822 624 2862 videlicet
653 2835 722 2861 sua
756 2821 844 2862 illos
869 2819 1097 2861 excaecarit
1121 2818 1310 2867 avaritia,
1346 2818 1408 2872 qni
1443 2825 1503 2859 est
1534 2818 1648 2858 huius

92 2891 211 2931 seculi
237 2891 348 2942 dens,
384 2904 508 2945 neque
535 2889 582 2930 ob
608 2903 690 2928 eam
715 2889 944 2930 caecitatem
970 2889 1007 2927 in
1031 2901 1164 2927 eorum
1190 2886 1370 2926 cordibus
1396 2887 1648 2942 evangelicus

136 3036 166 3070 3.
196 3039 262 3072 τῶν
285 3039 374 3071 codd.
403 3047 475 3070 mss.
507 3041 534 3069 et
562 3038 609 3069 ed.
630 3039 732 3078 princ.
779 3037 843 3080 τῆς
867 3037 913 3069 ed.
937 3037 1036 3077 princ.
