2066 3319
576 141 756 174 PANARH
779 143 862 176 Lm.
882 144 922 177 lt.
947 144 1054 176 ToM.
1076 145 1101 176 1.
1129 144 1258 176 HAER.
1282 145 1337 176 LI.
1681 137 1729 175 71

301 218 454 274 Quibus
478 221 669 275 expositis
701 222 754 263 ita
778 221 916 263 deinde
938 225 1206 278 prosequitur:
1250 227 1352 263 Haec
1375 227 1412 264 in
1438 225 1649 263 Bethabara
1664 225 1734 277 ι[ῖι-
1756 226 1937 269 Cap.Xttt.

188 295 249 327 eta
271 297 371 327 sunt.
435 286 479 329 In
504 289 590 329 aliis
614 290 904 345 exemplaribus
925 292 1109 345 seriptum
1137 299 1210 343 est,
1247 295 1442 340 Bethania,
1479 301 1583 332 trans
1603 296 1736 332 Iorda-

186 371 281 396 nem.
343 354 441 397 Post
464 357 559 397 baec
581 366 715 398 narrat
741 356 899 399 loannis
924 359 1132 413 discipulos
1163 361 1452 414 interrogasse,
1496 362 1633 408 Rabbi,
1671 363 1738 400 ubi

187 426 364 464 liabitas?
423 422 574 478 Quibus
599 426 662 465 itte
687 427 908 481 respondit,
956 430 1104 475 lenite,
1139 436 1175 466 et
1196 431 1325 467 videte.
1390 432 1442 467 Et
1461 430 1654 477 abierunt,
1700 438 1736 468 et

186 495 288 545 apud
308 508 389 532 eum
409 502 629 533 manserunt
648 497 708 534 die
728 497 808 534 illa.
872 498 924 535 Et
940 504 1093 548 postera
1114 499 1186 543 die,
1220 498 1312 534 hora
1334 505 1417 535 erat
1438 501 1549 549 quasi
1567 501 1731 538 decima.-

186 569 270 600 erat
293 564 470 601 Andreas
494 564 622 614 frater
646 566 809 603 Simonis
834 566 941 602 Petri
969 579 1065 602 unus
1092 580 1140 603 eat
1171 565 1313 602 duobus
1343 568 1410 616 qui
1436 569 1558 604 secuti
1581 568 1737 616 fuerant

187 644 282 668 eum.
346 633 494 669 Invenit
516 632 577 669 liic
597 634 746 683 primus
766 633 925 683 fratrem
949 646 1054 670 suum
1080 634 1288 679 Simonem,
1320 639 1359 670 et
1382 635 1475 671 dicit
1497 637 1551 681 ei,
1586 637 1733 674 Inveni-

186 713 267 738 mus
286 701 463 738 Messinm
476 729 486 746 ,
522 702 590 751 qui
604 702 877 752 interpretatur
899 702 1084 738 Christus·
1149 703 1220 739 llic
1243 703 1405 739 addua-it
1423 716 1503 739 eum
1524 705 1575 740 ad
1594 706 1727 742 Iesum.

185 769 355 807 Intuitus
379 775 500 806 autem
525 782 605 806 eum
628 771 734 807 Iesus
757 770 877 815 dioeit,
918 770 971 806 Tu
995 782 1033 806 es
1056 770 1184 807 Simon
1195 770 1310 820 filius
1333 772 1447 817 Iona,·
1483 777 1522 808 tu
1546 773 1736 811 vocaberis

187 837 330 887 Cephas
342 866 352 883 ,
387 838 487 888 quod
504 839 777 888 interpretatur
797 838 945 874 Petrus·
1009 839 1053 875 In
1077 840 1282 876 crastinum
1306 839 1424 875 voluit
1443 840 1548 877 exire
1570 842 1607 877 in
1631 842 1733 879 Gali-

185 905 302 943 laeam
316 934 327 951 ,
373 911 410 942 et
440 906 580 942 invenit
609 906 841 955 Philippum,
889 911 927 942 et
954 907 1046 943 dicit
1075 907 1113 943 ei
1138 908 1264 952 Iesus,
1310 908 1476 958 Sequere
1505 921 1573 945 me.
1636 911 1736 948 Erat

183 980 305 1012 autem
326 974 520 1024 Philippus
541 986 564 1010 a
586 974 790 1011 Bethsaida
815 975 964 1011 civitate
987 976 1167 1012 Andreae
1188 981 1226 1012 et
1244 976 1360 1013 Petri.
1424 977 1571 1014 Invenit
1591 978 1733 1028 Pnz'ltp-

178 1055 252 1093 pus
274 1042 510 1088 Nathanae‘l,
554 1048 592 1079 et
613 1043 706 1079 dicit
729 1043 783 1087 ei,
821 1044 933 1091 Quem
957 1044 1111 1093 scripsit
1134 1044 1285 1093 Moyses
1307 1045 1344 1081 in
1372 1045 1474 1094 lege,
1518 1051 1557 1083 et
1571 1047 1732 1097 prophe-

184 1116 262 1156 tae,
309 1111 514 1148 invenimus
538 1112 660 1148 Iesum
679 1110 810 1161 filium
836 1111 967 1161 Ioseplt
998 1124 1020 1148 a
1045 1112 1257 1149 Nazareth.
1323 1114 1374 1150 Et
1404 1114 1504 1150 delre‘t
1527 1115 1564 1151 ei
1586 1115 1733 1152 Natha-

182 1179 292 1216 nael.-
324 1181 366 1217 A
387 1179 564 1217 Nazuret
576 1185 704 1230 potest
725 1180 871 1230 aliquid
894 1179 984 1217 bom·
1000 1182 1108 1217 esse?
1164 1181 1269 1218 Dicit
1285 1182 1324 1218 ei
1338 1181 1550 1232 Philippus,
1588 1184 1683 1221 leni
1697 1190 1734 1221 et

182 1248 277 1284 vide.
343 1248 478 1285 l'edens
509 1254 630 1285 autem
661 1249 767 1285 Iesus
798 1248 1015 1285 Nathanae'l
1044 1250 1245 1286 venientem
1279 1250 1330 1286 ad
1358 1263 1398 1287 se
1427 1251 1526 1288 delcit
1555 1252 1600 1288 de
1634 1253 1728 1302 ipso,

181 1316 281 1353 Ecce
303 1329 388 1353 vere
407 1317 605 1362 Israelita,
649 1318 687 1354 in
710 1330 781 1367 quo
803 1317 910 1354 dolus
934 1329 1008 1354 non
1030 1324 1098 1354 est.
1163 1318 1267 1354 Dicit
1290 1319 1329 1355 ei
1345 1319 1581 1366 Nathanae'l,
1631 1321 1732 1358 L'nde

182 1397 238 1422 me
258 1385 387 1422 nosti?
445 1386 646 1436 Respondit
666 1387 772 1423 Iesus
794 1391 832 1422 et
850 1386 951 1422 dixit
969 1386 1016 1430 ei,
1051 1386 1273 1436 Priusquam
1296 1392 1330 1423 te
1349 1387 1543 1437 Philippus
1563 1395 1726 1435 voearet,

182 1465 265 1490 eum
289 1435 388 1490 esses
412 1453 481 1491 sub
493 1454 602 1504 ficu,
648 1455 727 1491 vidi
747 1460 794 1491 te.
858 1454 1061 1504 Respondit
1083 1455 1121 1490 ei
1141 1454 1360 1492 Nathanael
1375 1461 1412 1492 et
1430 1456 1549 1502 dell-it,
1595 1457 1726 1504 Rabbi,

184 1527 224 1559 tu
245 1521 407 1572 esfilius
430 1523 509 1568 dei,
545 1529 585 1559 tu
607 1535 646 1559 es
668 1535 739 1560 rea>
760 1522 895 1559 Israel.
959 1523 1160 1572 Respondit
1184 1523 1310 1568 Iesus,
1355 1529 1391 1560 et
1414 1524 1513 1561 divit
1533 1526 1586 1570 ei,
1637 1527 1731 1574 Quia

182 1590 268 1627 disi
289 1589 376 1636 tibi,
424 1591 445 1627 Ι
450 1591 512 1628 'idi
531 1596 565 1627 te
585 1589 654 1627 sub
665 1590 751 1641 ficu
764 1619 774 1635 ,
821 1591 942 1628 eredis
955 1592 973 1627 ζ)
1030 1591 1158 1627 Maius
1181 1590 1239 1628 liis
1264 1590 1416 1628 videbis.
1481 1593 1535 1630 Et
1556 1594 1657 1631 detre't
1678 1595 1725 1640 ei,

181 1660 325 1705 Amen,
366 1660 488 1696 Amen
519 1660 602 1696 dico
635 1658 759 1696 vobis:
804 1658 982 1696 ridebitis
1012 1658 1153 1695 eoelum
1184 1665 1375 1709 apertum,
1420 1666 1458 1697 et
1487 1662 1642 1711 angelos
1671 1664 1734 1700 dei

181 1728 421 1765 ascendentes
443 1733 482 1765 et
498 1728 758 1765 descendentes
779 1740 892 1778 super
903 1727 1034 1778 filium
1056 1727 1227 1764 hominis.
1291 1729 1345 1765 Et
1364 1729 1424 1766 die
1447 1731 1557 1766 tertia
1579 1731 1730 1780 nuptiae

178 1796 307 1848 factae
337 1802 427 1833 sunt
458 1797 495 1834 in
530 1797 631 1834 Cana
664 1797 874 1842 Galilaeae,
916 1802 985 1833 etc.
1050 1791 1104 1834 Ut
1141 1794 1214 1834 boc
1249 1794 1454 1835 evidenter
1486 1797 1728 1847 ostenderet,

184 1869 272 1917 post
293 1860 372 1902 XL
398 1862 504 1913 dies,
540 1877 651 1917 quam
676 1870 846 1903 tentatus
873 1863 1012 1912 fuerat,
1049 1868 1088 1902 et
1108 1861 1154 1901 ab
1180 1876 1225 1902 ea
1247 1863 1464 1903 tentatione
1486 1862 1730 1905 Nazaretum

184 1937 223 1971 et
245 1930 281 1970 in
310 1929 523 1971 Galilaeam
548 1945 734 1971 reversus
750 1963 760 1982 ,
796 1931 894 1985 qnod
918 1931 980 1971 alii
1005 1938 1083 1972 tres
1106 1931 1373 1985 evangelistae
1398 1946 1730 1974 commemorave-

138 2004 148 2012 ”
182 2007 286 2050 rant,
319 1999 460 2040 iterum
482 1999 526 2039 ad
552 1998 756 2040 Iordanem
782 2000 963 2051 venisse,
998 2007 1039 2040 ut
1060 2014 1111 2040 ex
1135 1997 1293 2039 loannis
1317 1999 1496 2041 oratione
1517 2002 1727 2052 constabit,

184 2083 269 2109 cum
295 2068 347 2109 ita
369 2068 527 2108 scribit:
562 2071 652 2108 Cum
675 2071 827 2108 vidisset
842 2070 947 2108 illum
971 2072 1171 2108 venientem
1192 2071 1365 2121 sequenti
1379 2071 1451 2117 die,
1486 2072 1596 2117 demit,
1632 2073 1730 2110 Ecce

182 2152 305 2189 agnus
327 2139 399 2185 dei,
428 2140 497 2189 qui
515 2139 616 2176 tollit
628 2145 785 2189 peccata
805 2140 945 2177 mundi.
1003 2135 1124 2177 Item:
1159 2139 1253 2177 Alia
1275 2140 1334 2176 die
1353 2152 1435 2176 eum
1457 2140 1609 2177 videsset
1623 2141 1727 2178 illum

182 2207 450 2253 ambulantem,
495 2208 613 2253 aliz—tt,
657 2209 729 2245 Hic
759 2213 834 2254 est,
880 2209 924 2245 de
953 2221 1024 2259 quo
1053 2209 1140 2245 clm·
1166 2207 1289 2253 vobis,
1336 2208 1410 2257 Qui
1422 2214 1511 2258 post
1533 2221 1587 2245 me
1611 2210 1723 2254 venit,

183 2282 270 2314 ante
294 2289 349 2314 me
367 2276 494 2328 faetus
516 2282 592 2322 cst,
629 2278 715 2327 quia
731 2278 843 2327 prior
866 2290 921 2314 me
943 2283 1037 2315 erat.
1102 2277 1157 2314 Et
1177 2277 1437 2322 testimonium,
1472 2274 1610 2328 inquit,
1640 2291 1729 2327 per-

183 2344 308 2382 hibuit
327 2346 506 2391 Ioannes,
541 2345 688 2391 dieenS,
734 2346 828 2394 Quia
848 2347 927 2384 vidi
943 2347 1116 2396 spiritum
1139 2346 1414 2382 descendentem
1438 2344 1628 2382 columbae
1646 2359 1728 2396 spe-

183 2415 259 2460 eie,
304 2420 341 2451 et
370 2414 570 2451 venientem
601 2427 714 2464 super
743 2427 837 2452 eum.
903 2411 1015 2467 Quae
1048 2412 1191 2462 verba,
1241 2414 1498 2451 Testimonium
1518 2413 1722 2464 perhibuit,

184 2487 247 2532 et,
290 2483 362 2520 Hic
388 2488 444 2519 est
466 2496 571 2533 quem
599 2483 686 2520 dixi
708 2482 828 2529 vobis,
873 2481 918 2521 ad
943 2480 1044 2522 atiud
1070 2488 1108 2521 et
1132 2480 1234 2521 aliud
1260 2480 1552 2534 significandum
1576 2488 1725 2535 tempus

185 2556 369 2604 usurpat,
403 2556 443 2590 ut
466 2563 543 2589 non
565 2549 666 2590 idem
693 2563 778 2590 cum
804 2549 980 2606 baptismi
1009 2557 1206 2605 tempore,
1239 2549 1307 2589 sed
1331 2548 1526 2590 diversum
1548 2563 1634 2591 esse
1660 2551 1726 2591 de-

227 2674 259 2708 2.
286 2673 419 2720 ἔρχεται
441 2676 508 2708 cod.
529 2676 658 2717 Rhediq.
