2030 3324
117 696 204 738 Κεφ,
228 692 288 729 0‘3'.

148 2333 216 2361 pag.
232 2325 291 2352 807.

307 201 387 240 728
874 208 1033 240 SANCTl
1060 209 1283 242 EPIPHANH

309 283 507 336 θοσύνης,
539 284 606 323 καὶ
629 283 695 324 ἐπὶ
718 281 789 335 τὴν
809 285 901 335 μίαν
924 282 1046 338 ἀρχὴν
1077 286 1144 326 καὶ
1175 285 1347 339 θεότητα
1379 293 1456 329 τῶν
1490 293 1606 343 τριῶν
1635 286 1764 329 οὐσῶν
1791 304 1848 329 τε-

307 354 417 392 λείων
453 348 728 400 ὕποστάσεων,
772 355 864 403 μιᾶς
895 351 937 392 δὲ
971 350 1181 405 θεότητος,
1224 353 1371 409 πατρὸς
1403 357 1469 396 καὶ
1503 358 1594 397 υἱοῦ
1629 357 1696 397 καὶ
1735 353 1848 410 ἁγίου

307 418 547 470 πνεύματος,
578 418 643 458 καὶ
667 422 734 470 τῆς
757 417 950 473 ἔνσάρκου
975 418 1091 460 πάλιν
1114 423 1335 475 παρουσίας
1359 422 1734 476 προςλαμβανούσης
1754 422 1848 475 μετά

306 490 374 538 τῆς
396 483 588 537 θεότητος
619 483 689 538 τήν
716 483 795 527 άπὸ
826 485 975 540 πατρός
1003 488 1070 527 καὶ
1095 489 1185 528 υἱοῦ
1217 490 1495 542 κεχαρισμένην
1519 490 1619 548 αὐτῇ
1643 495 1712 532 τοῦ
1735 489 1848 539 ἀξιώ-

308 570 427 606 ματος
451 551 603 607 δωρεάν
626 569 664 594 τε
690 554 757 594 καὶ
784 554 963 603 ἐξουσίαν
984 555 1051 595 καὶ
1073 553 1310 608 τελειότητα,
1342 557 1408 597 καὶ
1428 558 1481 605 εἰς
1504 559 1596 609 μίαν
1624 557 1850 611 2θεότητος

312 625 328 649 ³
343 618 607 673 πνευματικήν
638 621 862 662 συνένωσιν.

420 689 501 728 Καὶ
521 687 623 741 μάλα
652 687 763 740 μόλις
785 687 1044 743 διεδράσαμεν
1065 688 1107 730 τό
1136 688 1424 732 δυσθαλάττιον
1452 695 1566 733 τοῦτο
1588 695 1751 747 χωρίον,
1781 693 1849 735 καὶ

306 754 378 808 τήν
396 761 526 796 πᾶσαν
547 754 692 808 ταύτην
714 759 986 809 θηριοβολίαν,
1009 755 1125 811 ἅγριά
1146 774 1184 798 τε
1208 756 1394 810 κυμάτων
1425 763 1435 785 ¹
1454 758 1703 813 κυρτώματα,
1735 759 1848 817 ἄφρι-

307 822 432 876 σμοῦς
457 823 498 864 δὲ
533 824 599 864 καὶ
630 822 774 872 σάλους
800 822 977 873 δεινούς,
1020 826 1112 877 βέλη
1144 841 1183 865 τε
1215 826 1401 866 ἐναντίων
1434 828 1500 866 καὶ
1533 825 1709 881 θυρεούς
1734 844 1849 868 κατα-

306 890 520 938 καύσαντες
542 889 641 932 κατά
666 890 733 932 τὸν
761 889 888 946 ὀρθόν
908 890 1092 946 λογισμόν
1115 893 1156 933 ἐν
1182 894 1358 949 διανοίᾳ,
1389 892 1482 943 τόξα
1509 910 1548 934 τε
1571 898 1648 935 τῶν
1671 893 1718 935 δι’
1741 895 1849 936 ε’ναν-

307 961 391 1007 τίας
422 958 751 1008 κατακλάσαντες,
796 960 860 1000 ἐπὶ
892 957 934 1000 τό
968 958 1127 1014 ἓρπετόν
1159 965 1274 1002 τοῦτο
1311 959 1354 1001 τό
1389 962 1682 1012 πολυκέφαλον,
1726 960 1852 1017 ὕδρας

309 1025 490 1081 ἄμορφον
515 1025 763 1080 κατάστημα,
794 1026 978 1079 λαβόντες
1002 1029 1043 1068 ἐκ
1065 1032 1164 1068 θεοῦ
1190 1026 1258 1081 τὴν
1279 1026 1467 1081 δύναμιν,
1499 1029 1564 1070 καὶ
1588 1027 1659 1081 τήν
1678 1029 1792 1084 χάριν
1813 1031 1855 1070 οἱ

308 1092 509 1145 α’νίκανοι,
542 1094 635 1143 ῶςτε
659 1096 700 1135 έν
723 1099 805 1151 θεῷ
831 1093 1053 1148 ἰσχύσαντες
1076 1094 1146 1148 τὴν
1171 1097 1362 1137 ἐπινίκιον
1393 1092 1503 1153 ᾄδειν
1528 1094 1688 1149 φωνὴν,
1719 1097 1852 1151 λέγου-

310 1177 401 1214 σαν,
433 1161 628 1215 ’Ἀισωμεν
651 1168 705 1219 τῷ
725 1165 870 1219 κυρίῳ,
903 1161 1072 1212 ἐνδόξως
1094 1162 1167 1218 γάρ
1189 1162 1435 1213 δεδόξασται,
1466 1166 1589 1205 ἵππον
1613 1165 1680 1205 καὶ
1705 1162 1851 1217 ἀναβά-

308 1248 380 1284 την
402 1232 564 1285 ἒρριψεν
582 1232 635 1279 εἰς
658 1228 879 1271 θάλασσαν·
912 1232 977 1271 καὶ
1002 1233 1286 1285 συντρίψαντες
1304 1229 1374 1283 τὴν
1394 1230 1569 1284 κεφαλὴν
1591 1236 1662 1272 τοῦ
1683 1230 1850 1287 δράκον-

309 1316 375 1347 τος
405 1298 538 1340 ἐπάνω
564 1303 635 1339 τοῦ
659 1297 824 1348 ὕδατος,
863 1302 934 1339 τοῦ
957 1295 1110 1350 ἡσύχως
1140 1299 1433 1352 πορευομένου,
1477 1293 1526 1339 οὗ
1555 1297 1628 1340 οὐκ
1652 1299 1853 1352 ἠθέλησαν

310 1365 381 1419 τήν
412 1365 575 1419 μετοχὴν
612 1367 746 1418 2ἔχειν
773 1367 813 1406 οἱ
838 1366 917 1406 νέοι
950 1364 1045 1417 μετα
1076 1363 1278 1406 ’Ῑουδαίων
1310 1369 1573 1420 κληρονομίαν
1609 1368 1850 1420 κεκτημένοι,

308 1433 408 1488 πρὸς
436 1433 506 1481 οὓς
538 1431 836 1485 ἀποτεινόμενος
860 1431 883 1474 ό
913 1431 1122 1486 προφήτης
1152 1434 1274 1487 ἔλεγε,
1307 1433 1386 1475 Ano}
1411 1433 1453 1475 τό
1480 1433 1533 1488 μὴ
1555 1435 1685 1476 θέλειν
1721 1433 1854 1488 3ὖμᾶς

311 1500 419 1554 ὕδωρ
443 1505 515 1542 τοῦ
536 1499 709 1554 Σηλωοὶμ
732 1499 774 1542 τό
800 1499 1069 1555 πορευόμενον
1092 1498 1218 1554 ἡσυχῆ
1234 1535 1243 1551 ,
1276 1499 1369 1542 ἄλλα
1392 1501 1606 1554 βούλεσθαι
1627 1503 1726 1556 ἔχειν
1750 1500 1854 1556 ὑμᾶς

310 1568 378 1610 τόν
401 1566 639 1610 4Ῥαασσο5ν
660 1567 728 1609 τόν
751 1569 922 1622 βασιλέα,
946 1569 1011 1609 καὶ
1033 1568 1102 1610 τὸν
1121 1567 1269 1622 Ταβεὴλ
1291 1567 1380 1610 υἱὸν
1398 1567 1607 1622 Ῥομελίου,
1633 1569 1733 1621 ἰδού,
1759 1571 1852 1612 §woi-

309 1653 366 1691 γει
399 1635 536 1691 κύριος
563 1635 623 1688 ἐφ’
646 1634 751 1689 ὑμᾶς
782 1634 824 1677 τό
856 1635 964 1691 ὕδωρ
990 1641 1060 1677 τοῦ
1089 1641 1267 1689 ποταμοῦ
1301 1635 1344 1678 τό
1378 1636 1556 1692 ἰσχυρὸν,
1597 1637 1666 1680 τόν
1695 1639 1854 1691 βασιλέα

309 1709 387 1745 τῶν
413 1709 430 1731 ⁵
447 1703 672 1758 Ἀσσυρίων,
704 1705 770 1745 καὶ
798 1702 845 1744 τά
872 1705 971 1757 ἑξῆς.
1030 1702 1159 1756 Ἡμεῖς
1184 1705 1224 1745 ὁὲ
1246 1704 1429 1757 λαβόντες
1452 1707 1494 1746 ἐν
1515 1708 1638 1763 κυρίῳ
1663 1705 1735 1759 τὴν
1758 1705 1850 1759 βοή-

308 1778 444 1823 θειαν,
475 1773 540 1813 καὶ
564 1771 606 1813 τό
631 1771 713 1813 ἀπό
739 1769 933 1824 ἀληθινῆς
965 1771 1110 1826 σαρκός
1140 1772 1297 1825 πτύσμα
1322 1774 1385 1813 ἐπὶ
1405 1777 1474 1826 τῆς
1499 1778 1571 1827 γῆς
1596 1775 1852 1827 βεβλημένον,

311 1842 378 1881 καὶ
409 1838 481 1881 6τό
504 1838 599 1893 μετά
620 1838 847 1891 πτύσματος
871 1838 1036 1894 φύραμα
1067 1844 1138 1881 τοῦ
1161 1844 1288 1892 πηλοῦ
1311 1841 1351 1881 ἐν
1379 1846 1460 1889 τοῖς
1484 1839 1711 1894 ὀφθαλμοῖς
1740 1840 1855 1896 ἡμῶν

311 1909 611 1962 κεχαραγμένον,
642 1909 707 1947 ἵνα
728 1909 768 1947 οἵ
787 1924 880 1948 ποτε
902 1909 942 1949 ἐν
964 1907 1119 1964 ἀγνοίᾳ,
1150 1913 1222 1949 νῦν
1246 1906 1316 1960 την
1340 1906 1530 1961 ἀλήθειαν
1553 1914 1718 1964 γνῶμεν,
1741 1909 1853 1951 ἄπελ-

310 1974 452 2024 θόντες
479 1976 544 2016 καὶ
571 1973 783 2027 νιψάμενοι
806 1976 846 2016 ἔν
870 1979 924 2031 τῷ
946 1974 1134 2028 Σηλωάμ,
1166 1980 1220 2032 τῷ
1243 1975 1518 2033 ἆπεσταλμένῳ
1543 1978 1853 2035 ἕρμηνευομένῳ,

308 2044 506 2084 τουτέστιν
539 2044 581 2084 ἐν
604 2047 650 2100 τῇ
680 2041 856 2099 ε’νσάρκῳ
887 2046 1106 2100 παρουσία,
1150 2044 1215 2085 καὶ
1248 2045 1290 2084 ἐν
1315 2043 1477 2097 θεότητι
1500 2044 1755 2098 τελειότητος,
1786 2046 1854 2087 καὶ

309 2109 448 2152 λοιπόν
473 2109 689 2166 ἑωρακότες
714 2108 843 2152 οὐκέτι
873 2109 1106 2166 ἀρνούμεθα
1137 2110 1204 2153 τόν
1237 2110 1398 2166 κύριον,
1442 2113 1477 2153 εἰ
1498 2113 1566 2154 καὶ
1597 2111 1854 2169 ἀποσυναγώ-

309 2195 404 2233 γους
434 2176 539 2232 ημᾶς
564 2177 782 2231 ποιήσωσιν
813 2180 852 2219 οἱ
880 2184 948 2232 τῆς
969 2177 1123 2234 Ἀρείου
1148 2182 1317 2234 φατρίας
1352 2181 1418 2221 καὶ
1443 2178 1644 2222 Ἰουδαίων
1667 2181 1853 2235 διάδοχοι.

297 2243 467 2288 ’Ἐθεντο
501 2245 574 2301 γάρ
610 2247 677 2287 καὶ
707 2241 838 2296 οὗτοι,
882 2248 1066 2302 καθάπερ
1091 2247 1287 2298 κάκεῖνοι,
1327 2246 1455 2288 πάντα
1486 2246 1555 2290 τόν
1588 2247 1854 2304 ὁμολογοῦντα

312 2312 378 2355 τὸν
404 2313 542 2368 κύριον
567 2313 879 2369 ἀποσυναγωγόν
915 2312 1045 2356 αὐτῶν
1072 2316 1275 2369 γενέσθαι,
1316 2318 1382 2356 ἵνα
1411 2318 1562 2365 δείξωσι
1595 2315 1664 2358 το“ν
1694 2315 1851 2371 ἀναβλέ-

311 2393 443 2433 ψαντα
470 2383 620 2437 ἔλεγχον
651 2380 838 2436 γεγονότα
868 2387 946 2423 τῶν
975 2381 1282 2435 οἷβλεπτούντων.
1344 2385 1400 2424 Εἰ
1430 2382 1483 2436 μὴ
1515 2382 1586 2438 γάρ
1620 2379 1669 2436 ’ἦν
1689 2383 1716 2437 ἦ
1739 2397 1855 2426 συνα-

311 2448 417 2504 γωγὴ
442 2449 574 2491 αὐτῶν
600 2448 728 2502 τυφλή
752 2449 843 2502 ὅλη,
885 2447 958 2490 ούκ
980 2449 1026 2490 ἂν
1054 2445 1102 2491 οὗ
1123 2449 1367 2504 ἠνοίχθησαν
1391 2453 1431 2493 οἱ
1451 2450 1657 2505 ὀφθαλμοὶ
1683 2451 1855 2493 ἆποσύν-

312 2534 432 2558 ακτον
470 2519 642 2559 ἐποίουν.
704 2515 1060 2572 Εὗχαριστήσωμεν
1092 2521 1227 2559 τοίνυν
1261 2524 1315 2575 τῷ
1346 2521 1471 2576 κυρίῳ
1514 2518 1574 2561 ὅτι
1606 2521 1671 2561 καὶ
1703 2518 1855 2573 ἄνεβλὲ-

313 2595 464 2636 ψαμεν,
496 2586 562 2625 καὶ
587 2582 857 2638 ὁμολογοῦμεν
883 2583 950 2626 τᾶν
969 2583 1123 2639 κύριον,
1155 2587 1222 2626 καὶ
1245 2587 1566 2641 έθεραπεύσαμεν
1591 2586 1638 2629 τά
1659 2590 1759 2640 σίνη,
1786 2585 1855 2629 §dv

313 2653 381 2693 καὶ
407 2650 450 2693 τὸ
477 2654 590 2707 ἔργον
621 2657 700 2694 τῶν
723 2654 888 2694 ἐντολῶν
916 2651 1040 2694 αὐτοῦ
1071 2651 1299 2708 πράξωμεν,
1341 2656 1407 2695 καὶ
1440 2654 1760 2709 κατεπατήσαμεν
1787 2652 1855 2696 τόν

358 2754 388 2786 ’2.
416 2753 576 2797 ᾖεὸτητος
599 2757 687 2788 codd.
711 2767 782 2788 mss.
808 2760 943 2796 uterque,
968 2760 995 2788 et
1015 2758 1060 2788 ed.
1109 2759 1197 2790 davil
1220 2756 1435 2800 κυρτώματα,
1461 2762 1579 2790 vertens
1600 2756 1808 2790 elevatiOnes.

311 2801 409 2839 princ.
458 2799 608 2842 ἓῐεότητα
632 2803 677 2833 ed.
704 2804 810 2833 Pelav.
1153 2805 1183 2834 2.
1213 2801 1297 2847 ἔχειν
1330 2814 1391 2835 ηοη
1423 2807 1579 2843 comparet
1610 2806 1642 2834 in
1673 2803 1718 2834 ed.
1745 2805 1852 2835 Petav.

359 2844 390 2876 3.
414 2844 576 2887 πνεύματι
599 2847 665 2877 cod.
690 2848 817 2886 Rhediy.
1108 2849 1212 2879 Coton.
1232 2851 1370 2887 repetita.

361 2888 436 2919 CAP.
461 2891 683 2922 LXXlX.—
710 2892 736 2922 l.
763 2888 947 2933 κυριόματα
969 2893 1059 2923 codd.
1151 2892 1182 2925 3.
1207 2889 1301 2934 ἡμᾶς
1325 2895 1390 2925 cod.
1416 2894 1544 2934 Rhediy.

312 2943 385 2966 mss.
411 2937 437 2966 et
460 2936 507 2965 ed.
527 2937 625 2975 princ.
674 2937 741 2967 lam
767 2937 936 2968 Cornarius
958 2946 1058 2968 emen·
1150 2933 1180 2968 4.
1205 2933 1345 2971 Ῥαασὶν
1370 2940 1502 2970 correxit
1520 2938 1678 2970 petavius.
1727 2940 1743 2970 1
1785 2938 1851 2971 cod.
