2066 3319
555 155 733 188 PANARn
759 156 841 188 Lm.
860 158 900 188 1¹.
927 157 1034 190 Toat.
1056 159 1080 189 1.
1105 158 1236 190 HAER.
1258 159 1366 191 an.
1658 153 1739 192 215

205 240 379 275 sanctum
406 233 604 289 exprimit.
669 232 767 276 Cum
795 242 920 276 autem
955 236 1053 277 idem
1089 238 1126 277 in
1160 238 1330 279 trinitate
1360 253 1610 294 personarum
1644 240 1739 279 ordo

204 302 474 351 constituitur,
509 316 661 356 unoque
681 303 863 344 trinitatis
887 304 1039 344 nomine
1070 314 1276 357 censetur,
1312 306 1448 347 Arium
1476 306 1643 358 refellit,
1677 307 1738 361 qui

204 371 425 411 inferiorem
460 370 650 424 quendam
677 370 714 411 in
748 371 920 411 trinitate
949 373 1108 425 gradum
1137 388 1182 413 ac
1209 375 1436 414 varietatem
1472 375 1739 415 mutationem-

203 453 276 493 que
301 446 541 478 commentus
577 445 650 478 est.
713 437 869 479 Etenim
905 440 991 480 licet
1021 441 1143 481 maior
1168 457 1188 481 a
1218 442 1293 481 lilio
1331 443 1600 495 pronuntiatus
1633 450 1740 497 pater

202 507 249 547 ab
271 505 509 559 evangelista
534 514 738 557 narretur,
773 507 896 547 eidem
921 515 1047 548 tamen
1075 509 1150 549 lilio
1173 517 1435 550 consentanee
1458 511 1631 565 inprimis
1655 511 1940 565 glo-loann.u,2e.

202 575 296 615 riam
328 574 517 614 attribuit.
583 574 615 616 A
642 589 716 629 quo
747 576 846 615 enim
873 576 1062 617 celebrari
1097 584 1243 631 patrem
1275 577 1437 617 decebat
1469 579 1594 632 potius
1627 593 1737 633 quam

201 642 246 683 ab
269 656 317 683 eo
342 642 403 696 qni
428 642 624 696 legitimus
649 650 752 683 esset
778 644 902 684 lilius?
944 643 1022 685 Sed
1049 659 1199 684 rursum
1226 652 1264 684 nt
1285 645 1554 699 aequalitatem
1579 647 1735 698 indicet,

202 724 250 751 ne
285 710 438 750 errandi
473 710 698 765 quibusdam
732 711 984 766 praeberetur
1009 712 1188 761 occasio,
1224 713 1286 766 qni
1315 712 1541 753 inferiorem
1571 715 1736 769 aliquem

199 779 359 834 gradum
389 778 465 818 filio
495 779 777 829 concederent,
812 779 911 820 bunc
935 780 972 819 in
1003 781 1154 820 modum
1181 780 1372 834 loquitur:
1422 784 1496 832 Qui
1522 797 1593 821 non
1616 785 1937 833 hono-102m15‚23,

200 848 481 900 rzficatfile'um,
516 850 615 886 sicut
633 849 859 900 honorificat
874 856 1034 900 patrem,
1069 864 1141 888 uon
1163 850 1272 888 habel
1293 852 1402 888 vitam
1425 852 1463 889 in
1484 853 1617 902 seepso.
1661 850 1732 891 Et:

201 918 329 955 Omnia
351 930 445 968 quae
466 919 590 967 patris
610 924 719 964 sunt,
755 930 833 955 meu
858 924 958 956 sunt.
1024 916 1124 970 Quid
1151 924 1211 958 est
1241 925 1366 957 autem
1394 917 1508 968 illud,
1544 921 1645 969 Quae
1669 933 1738 971 pa-

200 987 270 1023 tris
289 991 396 1031 sunt,
432 983 530 1034 nisi,
565 984 883 1038 quemadmodum
911 985 1005 1025 deus
1031 992 1089 1025 est
1116 992 1245 1040 pater,
1279 985 1333 1026 ita
1363 987 1456 1027 deus
1484 1001 1591 1036 sum,
1634 994 1673 1027 et
1698 995 1738 1027 ut

198 1051 278 1092 vita
304 1058 363 1092 est
386 1058 518 1106 pater,
551 1052 607 1092 sic
628 1067 701 1107 ego
726 1053 805 1094 vita
834 1067 941 1105 sum,
975 1053 1213 1108 proindeque
1242 1056 1368 1095 omnia
1393 1069 1490 1109 quae
1516 1055 1636 1110 patris
1663 1056 1736 1095 mei

198 1126 309 1171 sunt,
344 1134 429 1160 mea
460 1122 576 1161 suut?

312 1186 413 1230 Vide
447 1189 501 1230 sis
536 1189 677 1244 igitur,
719 1204 741 1229 o
770 1187 940 1241 Sabelli3
983 1204 1028 1230 ac
1061 1189 1268 1245 diligenter
1299 1191 1588 1242 animadverte,
1628 1192 1733 1246 aperi
1765 1197 1844 1241 Cap.
1867 1199 1905 1230 v.

198 1257 326 1299 cordis
349 1258 507 1310 oculos,
542 1273 668 1313 neque
698 1272 839 1299 caecus
869 1265 977 1308 esto,
1013 1259 1073 1299 fac
1098 1266 1136 1299 ut
1159 1266 1220 1299 tua
1248 1266 1477 1314 tuorumque
1510 1274 1618 1301 mens
1651 1274 1735 1301 cum

197 1334 333 1367 saneto
361 1324 507 1367 Ioanne
536 1328 582 1367 ad
609 1325 813 1367 lordanem
840 1326 1064 1367 conveniat.
1126 1327 1258 1368 Aures
1288 1334 1371 1369 tuas
1406 1328 1536 1384 aperi,
1571 1336 1609 1369 et
1640 1328 1736 1370 banc

199 1394 411 1450 prophetae
435 1408 570 1435 vocem
594 1395 763 1436 exaudi:
797 1398 882 1447 Ego
904 1410 976 1434 vox
1001 1397 1196 1436 clamantis
1219 1399 1256 1436 ίιι
1274 1399 1433 1437 deserto.
1498 1397 1599 1438 Audi
1624 1412 1733 1453 prae-
1754 1407 1939 1443 Manum&

197 1477 396 1504 cursorem
419 1462 586 1514 domini,
619 1464 682 1518 qui
704 1464 862 1518 angelus
888 1463 1072 1518 appellari
1099 1464 1253 1513 meruit,
1287 1465 1460 1520 spiritum
1485 1473 1659 1507 sanctum
1683 1480 1735 1507 ex

198 1539 309 1572 utero
342 1530 476 1571 matris
505 1532 677 1586 accepit,
720 1539 759 1572 et
785 1530 912 1572 Maria
942 1532 1112 1572 intrante
1140 1531 1320 1572 subsiliit.
1387 1531 1463 1586 Qui
1496 1548 1580 1574 cum
1613 1535 1735 1576 adbuc
1754 1545 1827 1573 Luc.
1846 1547 1869 1579 1,
1885 1547 1925 1574 44.

198 1599 333 1640 matris
359 1606 469 1640 utero
494 1600 777 1650 contineretur,
811 1599 954 1640 domini
981 1599 1039 1640 sni
1063 1600 1282 1654 ingressum
1311 1602 1493 1655 agnovit,
1528 1609 1567 1643 et
1591 1602 1732 1653 exiliit,

198 1668 258 1708 cui
282 1668 574 1722 patefaciendae
599 1668 716 1708 divini
741 1668 848 1709 verbi
872 1668 1172 1723 praedicationis
1199 1671 1564 1724 praeparandaeque
1592 1671 1735 1711 domini

198 1737 286 1777 viae
317 1751 455 1777 munus
481 1743 541 1777 est
565 1751 809 1777 concessum.
873 1736 1025 1777 Adhibe
1049 1736 1136 1777 huic
1163 1738 1298 1788 fidem,
1333 1752 1404 1778 nec
1437 1752 1459 1779 a
1487 1753 1606 1793 scopo
1634 1739 1736 1779 veri-

199 1805 286 1846 tatis
322 1804 498 1845 aberres.
560 1803 667 1845 Ecce
701 1805 767 1845 tibi
801 1806 1062 1845 testimouium
1096 1805 1160 1845 ille
1193 1805 1367 1860 praebet.
1438 1805 1618 1861 inprimis
1649 1821 1733 1847 cum

198 1874 393 1915 dominum
424 1888 534 1914 suum
559 1887 777 1928 agnoscens
802 1874 853 1914 ita
875 1874 1066 1928 loquitur,
1099 1876 1182 1925 Ego
1207 1882 1240 1913 te
1262 1889 1353 1926 opus
1374 1876 1514 1923 liabeo,
1549 1883 1589 1915 et
1608 1884 1646 1915 tu
1673 1891 1732 1915 ve·
1747 1885 1937 1922 Matth.3‚14.

196 1946 255 1983 nis
278 1945 328 1982 ad
347 1957 415 1981 me.
479 1941 631 1982 Deinde
653 1957 736 1982 cum
765 1942 945 1993 dixisset,
979 1945 1069 1982 Sine
1094 1945 1212 1989 mod0,
1248 1951 1288 1982 ut
1312 1946 1510 1996 hnpleatur
1533 1947 1650 1983 omnis
1677 1947 1734 1983 iu-

195 2014 320 2059 stitia,
356 2018 394 2050 et
421 2010 467 2051 ab
492 2011 556 2051 illo
581 2010 801 2066 baptizatus
834 2018 962 2061 esset,
1003 2010 1174 2051 divinum
1199 2012 1319 2052 refert
1349 2012 1592 2066 evangelium
1620 2010 1734 2052 loan-

197 2094 285 2121 nem
309 2079 367 2120 his
394 2079 526 2121 verbis
559 2080 820 2120 testimonium
855 2080 1033 2120 dedisse:
1079 2082 1256 2131 Quom'mn
1286 2084 1412 2132 aperti
1435 2089 1524 2120 sunt
1552 2083 1666 2128 coeli,
1700 2089 1938 2129 etloann.1‚32.

197 2151 276 2188 vidi
302 2151 476 2201 spiritum
503 2156 671 2188 sanetum
702 2151 739 2187 in
767 2152 889 2201 specie
920 2150 1110 2188 columbae
1139 2151 1436 2197 descendentem,
1471 2158 1507 2189 et
1535 2152 1733 2188 venientem

197 2221 234 2257 in
259 2220 391 2269 apsum.
455 2220 509 2257 Et
530 2232 601 2256 vooe
624 2219 668 2256 de
692 2219 817 2256 coelo.-
852 2220 923 2256 Hz‘c
944 2225 1000 2256 est
1013 2219 1128 2269 filius
1155 2233 1256 2257 meus
1277 2220 1454 2265 dilectus,
1490 2221 1527 2257 in
1553 2233 1624 2269 quo
1646 2220 1886 2264 mz'lze'Mattha,
1899 2230 1938 2257 1⁷.

196 2288 414 2338 complacui.
478 2283 577 2326 Erat
605 2292 681 2326 tum
712 2285 750 2325 in
779 2285 890 2326 coelo
920 2293 1051 2340 pater,
1085 2285 1198 2326 homo
1224 2287 1603 2336 contentiosissime,
1638 2286 1735 2326 indi-

198 2355 361 2409 demque
385 2368 464 2395 vox
486 2353 548 2395 illa
574 2361 753 2395 venerat..
817 2352 953 2409 ltaque
985 2355 1016 2394 si
1045 2355 1155 2395 coelo
1190 2355 1343 2410 delapsa
1372 2370 1451 2396 vox
1485 2363 1564 2405 est,
1600 2355 1733 2395 salsam

196 2423 297 2464 illam
323 2430 424 2463 tuam
449 2431 616 2463 mentem
642 2436 786 2476 quaeso
811 2423 973 2464 discute.
1039 2421 1205 2465 Cuinam
1233 2431 1341 2479 pater
1369 2424 1440 2464 ista
1467 2423 1632 2474 dicebat,
1664 2427 1735 2465 Hz'c

197 2500 255 2532 est
271 2494 386 2545 filius
413 2507 514 2531 meus
543 2494 721 2540 dilectus,
757 2495 794 2531 in
822 2507 892 2544 quo
919 2495 1012 2532 milei
1032 2495 1282 2545 complacuit?
1340 2491 1422 2531 Aut
1451 2491 1534 2545 quis
1566 2493 1638 2533 iste
1670 2493 1734 2533 de-

196 2576 298 2602 mum
324 2565 432 2601 erat?
492 2558 574 2601 Cur
597 2560 755 2615 spiritus
781 2568 941 2601 sanctus
972 2561 1094 2615 effigie
1130 2561 1330 2601 columbae
1362 2560 1491 2615 lapsus
1525 2567 1606 2611 est,
1649 2575 1733 2601 cum

198 2629 427 2686 praesertim
454 2643 593 2684 corpus
621 2628 781 2669 haberet
805 2629 973 2670 nullum?
1019 2627 1136 2670 Solus
1161 2629 1261 2670 enim
1287 2628 1322 2668 id
1350 2629 1569 2682 unigenitus
1593 2630 1731 2679 induit,

198 2700 447 2754 perfecteque
471 2712 522 2738 ex
545 2696 675 2738 Maria
700 2711 854 2753 semper
878 2697 1031 2753 virgine
1057 2712 1125 2753 per
1152 2697 1327 2752 spiritum
1354 2704 1528 2737 sanctum
1560 2705 1732 2739 naturam

198 2766 364 2808 hominis
388 2766 612 2821 assumpsit.
673 2764 815 2821 Neque
840 2781 933 2807 vero
957 2780 1007 2808 ex
1035 2767 1135 2807 virili
1159 2780 1242 2806 eam
1266 2765 1414 2806 semine
1439 2766 1632 2822 suscepit,
1666 2767 1733 2807 sed

199 2850 339 2890 corpus
365 2835 438 2876 sibi
460 2835 604 2875 artifex
627 2835 786 2875 verbum
811 2849 831 2876 e
856 2834 985 2876 Maria
1010 2836 1137 2885 linxit,
1173 2849 1321 2874 necnon
1344 2834 1547 2875 humanam
1568 2835 1733 2875 animam

200 2917 244 2943 ac
273 2911 464 2954 mentem,
506 2904 742 2959 proindeque
770 2905 978 2944 etiamnum
1014 2904 1125 2943 liomo
1157 2910 1238 2952 est,
1284 2903 1346 2956 qui
1385 2904 1536 2958 propria
1568 2904 1732 2944 hominis

201 2971 327 3011 omnia
362 2973 533 3027 perfecte
563 2972 600 3012 in
637 2986 726 3013 sese
759 2973 955 3013 transtulit
982 2986 1025 3011 ac
1057 2985 1142 3011 cum
1174 2984 1241 3011 sua
1274 2971 1471 3012 divinitate
1505 2972 1730 3023 coniunxi13
