2066 3319
463 179 642 212 PANARH
664 180 746 211 Lm.
767 180 805 210 n.
827 180 933 212 ΤοΜ.
957 182 996 212 11.
1023 180 1151 212 HAER.
1171 180 1276 213 va.
1560 172 1639 211 397

110 267 218 301 taxat
252 274 335 300 eum
370 259 536 314 imagine
571 273 655 299 sua.
717 257 805 299 Nec
832 273 947 299 unuin
980 260 1154 314 quiddam
1188 268 1248 300 est
1277 260 1423 301 duabus
1455 267 1638 300 constans

111 327 281 383 partibus
307 327 596 382 imperfectum,
630 341 764 367 verum
792 328 983 381 perfectus
1014 336 1142 382 pater,
1177 330 1370 383 perfectus
1397 329 1519 379 lilius,
1555 342 1639 382 pcr—

110 396 233 436 fectus
266 396 423 450 spiritus
455 403 626 435 sanctus.
691 399 773 447 Ego
804 399 920 443 em'm,
957 396 1098 450 inquit,
1134 400 1170 435 ιή
1202 405 1332 448 pult-e,-
1369 411 1442 436 non
1476 397 1520 437 ad
1553 406 1841 438 euintoannimo.

110 464 262 504 modum
292 478 366 518 quo
392 464 430 503 in
456 463 621 503 hominis
646 465 762 504 corde
788 478 917 503 sermo
941 472 1022 514 est,
1057 465 1123 504 sed
1150 465 1426 517 intelligibilem
1452 480 1535 505 cum
1564 465 1638 505 lilio

109 539 254 587 patrem
282 540 318 572 et
342 531 456 572 lilium
479 546 500 571 a
524 539 632 586 patre
655 532 825 587 genitum
854 533 1081 572 asserimus.
1144 531 1396 586 Nequaquam
1424 548 1518 574 vero
1546 534 1639 574 deus

108 600 172 640 ille
204 600 363 641 verbum
394 599 431 639 in
461 600 652 640 hominem
679 601 785 640 velut
817 601 852 640 in
883 600 1114 640 domicilium
1145 601 1332 654 quoddam
1364 602 1502 651 subiit,
1543 603 1639 642 adeo

108 675 173 720 ut,
207 675 459 723 posteaquam
486 669 599 709 homo
630 669 783 724 genitus
820 676 899 719 est,
934 669 1155 722 apparuerit
1178 668 1217 708 in
1249 683 1294 709 co
1321 670 1505 719 verbum,
1540 671 1637 724 quod

107 737 147 777 in
177 737 287 777 coelo
321 743 521 791 praeterea
555 737 610 777 sic
635 744 814 791 tanquam
846 737 882 776 in
918 736 1082 776 hominis
1109 737 1225 777 eorde
1259 751 1389 777 sermo
1424 738 1571 778 inesset
1603 739 1637 778 in

109 812 233 860 patre.
297 803 405 845 Haec
435 805 534 845 enim
565 806 740 859 dogmata
768 819 817 844 ex
847 804 991 844 furioso
1015 805 1215 845 daemonis
1240 806 1365 845 afflatu
1398 806 1637 860 prodierunt,

108 873 365 929 abnegatique
398 874 567 913 funditus
599 874 658 913 dei
692 880 803 913 notas
837 886 927 927 prae
958 886 999 912 se
1033 874 1174 913 ferunt.

221 939 320 983 Cum
348 941 466 996 igitur
488 955 605 996 pauca
630 941 748 991 haec,
783 955 880 995 quae
913 941 1098 982 hactenns
1127 942 1431 996 disputavimus,
1466 943 1512 982 ad
1540 942 1639 982 illius
1667 950 1744 991 Cap.
1765 950 1818 980 tX.

108 1010 381 1052 confutandam
406 1009 585 1050 haeresin
608 1009 744 1050 idonea
771 1023 858 1049 esse
882 1009 1094 1050 iudicemus
1126 1014 1272 1065 (neque
1297 1011 1398 1051 enim
1421 1018 1641 1066 expugnata

109 1078 268 1120 difficilis
294 1078 445 1118 illorum
475 1078 534 1118 vis
565 1085 639 1129 est,
674 1092 746 1118 nec
770 1078 975 1129 eiusmodi,
1009 1079 1164 1119 minime
1185 1086 1225 1119 ut
1246 1079 1496 1134 prudentibus
1519 1079 1641 1120 omni-

107 1147 179 1188 bus
200 1146 325 1202 possit
348 1147 506 1200 everti),
541 1161 625 1187 cum
641 1178 651 1196 ,
685 1146 855 1200 inquam,
891 1147 1067 1187 veritatis
1091 1148 1268 1202 dogmate
1289 1148 1541 1202 doctrinaque
1565 1148 1641 1202 spi-

108 1230 244 1257 narum
269 1215 370 1255 illius
400 1215 549 1255 radices
573 1214 859 1265 exciderimus,
894 1215 1076 1269 eiusque,
1110 1223 1149 1255 ut
1174 1216 1226 1256 ita
1251 1216 1396 1268 dicam,
1431 1217 1539 1257 virus
1571 1230 1641 1257 ex-

108 1284 363 1334 finxerimus,
409 1297 452 1323 ac
485 1283 674 1324 letiferum
714 1283 816 1324 illius
854 1297 1045 1324 venenum
1079 1285 1397 1338 patefecerimus,
1441 1293 1640 1340 postquam

108 1352 257 1393 seilicet
278 1351 548 1406 opitulatorem
570 1367 653 1392 cum
678 1352 754 1392 filio
778 1359 940 1407 patrem,
975 1351 1037 1406 qui
1060 1366 1154 1392 vere
1176 1360 1249 1404 est,
1284 1354 1569 1405 invocavimus,
1603 1362 1641 1394 et

108 1420 224 1461 filium
249 1434 341 1461 vere
367 1420 664 1471 subsistentem,
699 1434 743 1460 ae
765 1421 959 1475 genitum,
995 1434 1065 1460 nec
1097 1435 1173 1461 non
1198 1429 1236 1462 et
1260 1422 1436 1477 spiritum
1466 1430 1639 1463 sanctum

108 1489 383 1530 subsistentem
407 1489 490 1529 eius
515 1488 689 1542 spiritum
715 1503 759 1529 ac
781 1489 1012 1539 salutarem,
1046 1489 1239 1543 totiusque
1265 1490 1368 1532 illius
1399 1492 1641 1532 administra-

110 1556 226 1598 tionis
259 1571 304 1597 ac
330 1564 533 1612 susceptae
557 1557 685 1597 carnis
719 1564 938 1608 auctorem,
973 1558 1211 1611 quaestionis
1247 1559 1294 1599 ab
1328 1561 1440 1601 novis
1473 1560 1546 1601 illis
1580 1558 1641 1600 lu-

110 1624 216 1665 daeis
243 1625 463 1680 propositae
487 1625 611 1681 capite
638 1639 707 1681 per
737 1626 872 1666 mortis
898 1633 1121 1680 tropaeum,
1156 1641 1309 1668 crucem
1333 1629 1502 1679 scilicet,
1538 1643 1639 1668 com-

109 1693 279 1745 minuto,
314 1694 359 1734 ad
384 1694 552 1748 reliquas
577 1701 837 1735 transeamus.
900 1692 1083 1734 Ceterum
1110 1695 1266 1750 viperae
1298 1697 1486 1751 quoddam
1518 1711 1641 1751 genus

110 1769 184 1813 est,
213 1760 404 1817 Dryinam
429 1770 585 1812 vocant,
619 1763 671 1803 illi
691 1762 865 1803 haeresis
888 1762 1078 1803 conditori
1099 1777 1210 1817 quam
1231 1764 1480 1805 simillimum.
1527 1763 1641 1818 Quod

109 1836 149 1870 ut
173 1829 375 1884 plurimum
404 1831 442 1871 in
475 1830 628 1881 herbis,
671 1838 736 1871 aut
769 1831 985 1885 quercubus
1019 1832 1230 1883 delitescit,
1273 1834 1373 1873 unde
1407 1834 1442 1873 ei
1467 1832 1643 1889 Dryiuae

109 1912 250 1939 nomen
278 1906 358 1949 est,
395 1913 440 1940 eo
473 1899 572 1954 quod
605 1899 764 1940 arbores
797 1907 1044 1941 consectetur
1070 1907 1182 1955 atque
1215 1902 1316 1942 inter
1341 1901 1432 1942 folia
1463 1915 1559 1956 quae
1592 1915 1643 1942 ex

110 1966 251 2008 arbore
273 1968 452 2008 decidunt
476 1968 624 2018 iacens,
660 1968 843 2022 cuiusque
865 1968 904 2009 in
927 1982 968 2009 se
988 1968 1221 2010 viriditatem
1248 1970 1454 2025 exprimat,
1488 1985 1532 2011 ac
1553 1970 1643 2011 licet

108 2049 186 2076 non
210 2036 306 2077 adeo
331 2036 512 2077 acerbum
539 2037 711 2077 dolorem
738 2037 867 2077 inurat
889 2037 960 2077 hoc
985 2038 1147 2089 animal,
1182 2046 1309 2079 tamen
1331 2039 1363 2079 si
1387 2039 1528 2080 diutius
1554 2039 1641 2079 *νί-

108 2117 175 2144 rus
210 2103 453 2156 adhaeserit,
495 2105 613 2145 letum
650 2106 786 2156 affert,
820 2129 875 2135 —
915 2106 1050 2146 eodem
1083 2121 1242 2162 prorsus
1276 2108 1388 2149 modo
1424 2107 1640 2149 haereticus

109 2171 205 2223 iste,
240 2187 324 2214 cum
350 2181 456 2214 secta
486 2188 555 2215 sua
582 2174 627 2213 ad
653 2174 780 2214 omnia
803 2188 890 2215 sese
918 2188 1063 2229 genera
1088 2175 1349 2217 institutorum
1373 2177 1568 2232 applicans
1594 2177 1640 2216 iis

109 2254 152 2281 se
183 2255 294 2295 quam
321 2241 554 2283 simillimum
585 2243 712 2282 efficit.
775 2241 877 2283 Nam
912 2250 950 2284 et
973 2241 1119 2284 Christi
1147 2244 1218 2285 sibi
1245 2245 1538 2300 appellationem
1571 2245 1639 2285 im—

107 2310 259 2364 posuit,
293 2317 331 2351 et
353 2308 582 2352 ludaeorum
612 2311 789 2366 dogmata
812 2312 1026 2367 profitetur,
1062 2320 1100 2353 et
1124 2328 1208 2353 cum
1233 2315 1392 2354 verbum
1414 2328 1501 2354 esse
1527 2311 1640 2355 Chri-

109 2385 209 2419 stum
235 2380 425 2430 fateatur,
461 2394 536 2420 non
561 2393 646 2420 eum
674 2387 799 2420 tamen
825 2394 912 2421 esse
944 2395 1074 2422 secum
1101 2382 1229 2422 animo
1254 2383 1401 2422 statuit.
1464 2381 1639 2437 Denique

108 2446 148 2488 in
170 2447 364 2502 plerisque
388 2462 429 2489 se
454 2448 537 2489 sine
560 2448 635 2489 ullo
667 2449 812 2503 pudore
838 2449 1016 2490 traducit.
1079 2447 1200 2491 Cuius
1227 2465 1297 2491 nos
1327 2451 1523 2503 doctrina,
1557 2452 1640 2492 sive

109 2516 236 2571 potius
262 2530 418 2567 errore,
455 2514 600 2557 Christi
625 2518 732 2557 velut
756 2518 886 2558 calceo
916 2518 1160 2573 proculcato,
1195 2520 1420 2573 medicoque
1449 2520 1640 2574 evangelii

110 2585 279 2640 scapello
313 2585 360 2625 iis
395 2585 458 2639 qui
492 2586 608 2626 morsi
645 2594 755 2627 erant
790 2587 1040 2638 scarificatis,
1081 2601 1125 2627 ac
1160 2601 1312 2628 veneno
1347 2588 1450 2628 omni
1484 2589 1530 2628 ab
1565 2589 1640 2629 illis

111 2661 316 2709 exempto,
349 2654 396 2694 ad
425 2653 718 2709 insequentem,
752 2662 793 2696 ut
824 2662 912 2696 ante
944 2655 1135 2706 diximus,
1170 2656 1465 2710 disputationem
1499 2657 1640 2698 transi-

110 2720 248 2763 bimus.

113 2867 331 2918 ῑῑαρεικάζειν.
378 2872 434 2903 Ed.
453 2873 553 2912 princ.
571 2882 628 2912 pro
648 2870 745 2906 ἑαυτὸ
768 2875 856 2906 habet
901 2876 1009 2906 narius
1028 2877 1104 2905 recte
1126 2875 1224 2912 vertit,
1247 2873 1293 2904 lta
1308 2873 1405 2905 etiam
1429 2873 1482 2905 hic
1503 2881 1536 2906 et
1558 2874 1637 2906 hae-

114 2915 233 2959 εαυτῷ.
903 2919 980 2950 resis
1011 2918 1109 2961 ipsius
1141 2929 1175 2949 se
1207 2918 1356 2950 omnibus
1389 2920 1530 2952 numeris
1557 2920 1639 2952 assi-

158 2961 190 2990 5.
226 2961 348 3001 Corriye
383 2960 466 3003 πρὸς
501 2963 564 3004 (vel
600 2962 691 3006 περὶ)
726 2963 855 2998 πάντων
901 2964 1004 2996 milat.

114 3001 284 3048 ἀριὶτμῶν,
317 3008 365 3038 vel
396 3006 430 3045 ἐς
450 3005 556 3042 πάντα
578 3007 731 3051 ἅριὲμόν.
782 3012 855 3043 Cor·
949 3011 958 3021 '
984 3011 1079 3042 Immo
1101 3019 1233 3050 serpeus.
