2066 3319
533 185 712 218 PANARH
738 186 820 219 [ΑΒ.
840 187 880 218 ΙΙ.
904 187 1011 219 ToM.
1032 188 1055 220 Ι.
1081 188 1213 220 ΗΑΕῐῖ.
1233 187 1356 220 LXIV.
1616 206 1624 217 t
1640 179 1719 218 277

180 265 422 316 introduxit,
465 279 511 305 ae
546 265 652 306 velut
689 266 923 320 exquisitum
960 266 1110 320 siguum
1149 267 1324 307 manibus
1362 268 1442 307 sui÷
1481 267 1719 308 elaboratum

178 333 378 390 praeclaro
405 334 442 373 in
468 334 609 388 templo
638 334 853 374 constituit.
918 333 1058 389 Neque
1095 336 1194 375 enim
1225 336 1428 388 ignorabat
1452 336 1720 390 quodcumque

176 409 312 457 suapte
342 416 458 441 manu
490 401 693 452 tinxisset,
729 402 977 453 necessario,
1012 410 1142 458 utpote
1170 404 1469 443 inmortalitatis
1496 419 1615 459 opus,
1649 405 1719 444 im-

175 470 336 511 mortale
369 471 554 510 futurum.
617 469 719 510 Nam
749 471 795 510 ab
824 472 1112 512 innnortalitate
1138 472 1370 511 immortalia
1404 473 1716 526 proficiscuntur,

175 540 281 580 velut
304 552 324 578 a
354 538 496 578 malitia
522 553 618 592 quae
646 539 744 579 mala
770 547 880 590 sunt,
915 546 951 579 et
982 540 1028 580 ab
1054 540 1242 580 iniustitia
1270 540 1428 579 iniusta.
1490 540 1582 581 Non
1615 542 1716 582 enim

173 606 344 647 iustitiae
370 621 465 661 opus
492 614 551 647 est
574 607 705 647 iniusti
732 608 873 662 aliquid
901 609 1052 657 facere,
1088 608 1154 648 sed
1180 607 1392 647 iniustitiae
1425 623 1549 662 neque
1576 623 1628 650 ex
1652 611 1717 650 ad-

173 690 290 716 verso
325 676 425 716 iuste
453 675 595 730 aliquid
623 690 742 730 agere
778 676 990 716 iniustitiae
1023 683 1105 726 est,
1140 677 1206 715 sed
1242 675 1436 726 institiae3
1482 678 1640 730 perinde
1673 693 1716 719 ae

172 744 433 799 corruptelam
473 744 625 784 atll'erre
661 759 735 784 uon
773 744 1077 798 incorruptionis
1111 750 1192 794 est,
1233 744 1300 784 sed
1337 745 1597 798 corruptionis
1629 761 1717 801 pro-

171 813 310 867 prium.
376 810 443 853 Sic
470 812 689 852 immortale
719 814 847 852 lacere
874 827 949 852 non
982 812 1267 867 corruptionis,
1311 812 1376 853 sed
1412 813 1717 868 incorruptionis

170 888 245 921 est.
308 881 438 934 Atque
465 889 505 921 ut
530 896 606 921 uno
629 880 751 920 verbo
775 881 920 930 (licam,
957 881 1069 934 quale
1094 888 1154 920 est
1175 880 1209 920 id
1236 881 1335 934 quod
1360 880 1461 935 agit,
1496 881 1573 921 tale
1600 882 1635 921 id
1661 884 1715 922 ef-

168 950 285 989 ficere
319 950 546 990 necessario
577 949 678 989 solet
703 950 802 1003 quod
832 949 879 988 ab
912 962 957 989 eo
994 949 1234 1004 producitur.
1298 950 1415 1003 Atqui
1452 949 1546 990 deus
1577 957 1615 989 et
1646 951 1715 990 im-

168 1017 385 1058 mortalitas
409 1025 482 1068 est,
513 1026 551 1058 et
570 1018 646 1058 vita
671 1025 708 1057 et
727 1018 985 1072 incorruptio,
1015 1018 1128 1058 homo
1150 1031 1245 1057 vero
1270 1018 1328 1058 dei
1355 1032 1450 1072 opus
1474 1025 1548 1059 est.
1594 1016 1715 1072 Quic-

168 1087 255 1140 quid
282 1100 377 1126 vero
403 1086 448 1127 ab
475 1086 766 1126 immortalitate
792 1086 1019 1137 fabricatur,
1054 1086 1271 1127 immortale
1295 1087 1344 1127 sit
1369 1094 1536 1141 oportet.
1581 1085 1714 1140 Quare

167 1155 396 1195 immortalis
423 1162 480 1195 est
505 1156 633 1195 homo.
684 1153 898 1210 Propterea
921 1157 1014 1195 deus
1040 1155 1232 1195 hominem
1260 1170 1328 1196 sua
1353 1171 1466 1196 manu
1491 1156 1616 1207 finxit,
1651 1171 1714 1196 ce-

167 1231 251 1264 tera
275 1238 370 1264 vero
402 1224 654 1264 animantium
683 1238 827 1278 genera
853 1230 1008 1273 aerem,
1046 1232 1187 1264 terram
1214 1232 1252 1264 et
1276 1238 1414 1279 aquam
1438 1225 1550 1265 iussit
1574 1226 1714 1280 produ-
1750 1248 1761 1253 -

167 1307 273 1336 cere.
338 1290 527 1333 Ceterum
565 1293 701 1343 bomo,
746 1293 777 1332 si
813 1293 896 1333 eius
932 1300 1108 1333 naturam
1144 1292 1352 1348 inspicias,
1388 1293 1593 1334 verissime
1624 1307 1713 1334 esse

166 1362 307 1402 dicitur
330 1375 405 1401 nou
436 1360 612 1416 corporis
642 1375 785 1416 expers
815 1362 964 1410 anima,
1000 1375 1125 1415 neque
1150 1376 1291 1416 corpus
1315 1362 1441 1402 anima
1467 1362 1709 1413 destitutum,

166 1431 232 1470 sed
259 1430 293 1469 id
323 1430 420 1484 quod
450 1429 486 1469 iu
511 1444 626 1470 tinam
652 1429 800 1485 pulchri
826 1430 992 1484 bonique
1019 1431 1179 1470 sormam
1206 1444 1257 1470 ex
1281 1430 1433 1471 animae
1465 1438 1504 1471 et
1535 1431 1711 1486 corporis

167 1498 442 1538 coniunctione
465 1500 670 1538 conflatur.
720 1497 785 1538 Ex
808 1513 882 1552 quo
906 1498 1058 1552 quidem
1084 1498 1212 1552 colligi
1240 1513 1354 1553 posse
1378 1500 1533 1540 videtur
1556 1500 1713 1539 immor-

168 1567 280 1607 talem
307 1567 500 1607 bominem
530 1581 617 1607 esse
647 1569 805 1617 lactum,
842 1580 913 1606 nec
938 1581 1013 1606 non
1038 1574 1076 1606 ct
1101 1568 1360 1621 corruptionis
1387 1568 1513 1608 omnis
1538 1582 1584 1608 ac
1607 1583 1709 1609 mor-

166 1635 301 1675 borum
327 1643 547 1690 expertem.
612 1635 742 1690 Atque
769 1635 841 1675 hoe
876 1635 998 1690 ipsum
1026 1649 1161 1675 sacrae
1185 1636 1322 1676 literae
1355 1636 1507 1676 abunde
1540 1651 1610 1677 nos
1644 1638 1710 1677 do-

166 1710 268 1744 cent.
332 1702 434 1743 Nam
455 1704 493 1744 in
519 1704 692 1758 reliquis,
727 1717 825 1758 quae
850 1711 1064 1759 temporum
1087 1711 1232 1744 mutata
1256 1705 1391 1760 spatiis
1415 1706 1641 1746 adolescere
1665 1720 1710 1746 ae

166 1786 452 1813 consenescere
477 1773 625 1824 solent,
660 1776 894 1820 Producant,
931 1773 1077 1827 inquit,
1111 1788 1229 1826 aquae
1251 1776 1401 1826 reptilia
1425 1777 1634 1829 animarum
1657 1778 1711 1814 vi·
1730 1786 1897 1821 Gen.1,2t.

164 1844 323 1880 veratium
351 1849 388 1880 et
416 1844 586 1881 volucres
622 1844 787 1881 volantes
818 1856 931 1894 super
956 1850 1094 1881 terram
1106 1872 1117 1889 ,
1153 1845 1261 1881 iuarta
1283 1844 1566 1895 firmamentum
1598 1845 1705 1882 coeli.

165 1897 285 1964 Item:
330 1912 519 1950 Producat
544 1919 646 1950 terra
673 1914 832 1950 animam
855 1914 1032 1950 vc‘ventem
1063 1913 1263 1950 secundum
1286 1915 1464 1963 speciem,
1499 1914 1710 1964 quadrupe-

163 1982 247 2027 dia,
289 1982 461 2032 reptilia,
504 1988 544 2018 et
576 1981 711 2019 bestias
745 1988 869 2019 terrac
898 1982 1098 2019 secundum
1131 1994 1265 2031 genus·
1330 1979 1405 2021 Ubi
1437 1981 1482 2020 atl
1516 1981 1710 2021 bominem

108 2101 112 2103 Β
164 2055 391 2103 perventum
425 2055 505 2100 est,
541 2063 616 2088 non
649 2048 808 2103 perinde
837 2055 877 2088 ut
906 2048 944 2088 in
977 2048 1062 2089 aliis
1096 2048 1219 2099 dixit,
1252 2051 1443 2088 Producat
1466 2057 1590 2099 terra,
1626 2057 1706 2100 aut,

132 2171 135 2174 Ι
163 2120 380 2157 Producant
397 2131 537 2170 aquae,
575 2124 663 2167 aut,
697 2120 812 2156 Fiant
835 2119 1057 2165 lunn’uaria,
1101 2118 1191 2168 sed,
1225 2121 1422 2157 Faciamus
1451 2120 1631 2158 homiaem
1662 2121 1712 2158 ad

163 2189 360 2242 imagefiem
383 2194 423 2225 et
442 2188 720 2225 simulitudinem
746 2194 934 2233 nostram,
970 2194 1006 2225 et
1035 2189 1209 2239 praesint
1233 2188 1403 2239 piscibus
1431 2195 1466 2226 et
1494 2188 1708 2226 volatilibus

163 2257 261 2303 coeli
275 2263 311 2294 et
333 2258 516 2295 um'vcrsz's
533 2256 762 2307 pecudibus:
795 2262 834 2294 cc
853 2258 995 2308 accepit
1016 2258 1106 2295 deus
1130 2257 1174 2294 dc
1195 2257 1281 2295 limo
1304 2263 1441 2304 terrae,
1477 2257 1712 2309 etsormavit

163 2325 356 2364 hominem.
1758 2349 1836 2391 Cap.

276 2393 407 2447 Atque
445 2399 485 2432 ut
522 2392 688 2433 hominis
719 2407 739 2432 a
773 2393 914 2434 ceteris
945 2393 1153 2434 discrimen
1187 2393 1309 2447 magis
1339 2407 1382 2433 ae
1415 2393 1537 2446 magis
1564 2393 1706 2434 intueri
1732 2395 1858 2445 XXW-

164 2460 344 2516 possitis,
380 2468 641 2515 (mantumque
666 2463 872 2503 antecellat
905 2462 1106 2512 omnibus,
1142 2470 1179 2503 et
1206 2469 1248 2503 ut
1281 2463 1491 2503 secundum
1522 2469 1609 2517 post
1639 2476 1707 2503 an·
1734 2441 1865 2486 (XtX.)

163 2530 272 2584 gelos
299 2530 497 2584 dignitatis
525 2530 650 2571 locum
673 2531 852 2572 obtinens
879 2531 1166 2571 immortalitate
1190 2532 1239 2571 sit
1261 2531 1475 2586 praeditus,
1509 2545 1581 2586 age
1606 2531 1707 2572 istud

163 2590 285 2653 ipsum
312 2599 439 2640 denuo
462 2613 513 2640 ex
541 2613 634 2640 vera
657 2606 694 2639 et
719 2600 938 2641 orthodoxa
965 2600 1117 2641 ratione
1142 2600 1395 2655 disputemus.
1459 2598 1614 2641 Etenim
1643 2614 1706 2640 ce-

163 2662 442 2722 terissquidem
478 2668 738 2709 animantibus
773 2684 824 2710 ex
857 2669 959 2710 illius
991 2669 1150 2724 spiritus
1182 2669 1244 2723 qui
1279 2683 1346 2722 per
1377 2673 1508 2709 a'e'rem
1544 2669 1705 2710 diffusus

164 2736 487 2783 est'immissione
512 2738 638 2777 anima
664 2744 723 2777 est
748 2738 902 2793 vitaque
930 2752 1135 2779 concessa.
1200 2736 1355 2777 Homini
1389 2751 1483 2778 vero
1514 2737 1550 2778 id
1582 2738 1705 2793 ipsum

163 2818 215 2844 ex
240 2805 445 2854 immortali
479 2813 593 2860 atque
623 2796 833 2847 excellenti
864 2807 1083 2848 substantia
1114 2806 1312 2846 tributum.
1375 2809 1580 2859 Imperavit
1609 2811 1704 2846 em’m
1732 2819 1891 2854 Gcn.2‚7.

109 2865 112 2868 ⁴
162 2875 251 2912 deus
273 2876 464 2928 infaciem
488 2878 567 2914 eius
593 2878 823 2927 spiraculum
849 2879 965 2924 vitae,
1000 2885 1036 2915 et
1053 2878 1179 2927 sactus
1204 2883 1258 2913 cst
1285 2877 1390 2915 homo
1411 2879 1448 2915 ile
1470 2880 1630 2916 animam
1653 2880 1705 2916 υί-

164 2950 315 2982 ventem.
381 2942 460 2984 lllis
492 2944 643 2984 servire
677 2952 801 2998 atque
823 2945 984 2999 imperio
1018 2945 1202 2994 subesse,
1244 2943 1330 2984 huie
1369 2944 1558 2986 dominari
1591 2954 1705 3000 atque

211 3032 287 3064 Cn).
312 3034 437 3066 xxvt.
463 3054 507 3060 —
566 3035 591 3068 1.
620 3038 716 3077 Vulgo
749 3035 909 3079 ε’μῴυχῶ-
957 3035 1092 3081 χῶσὲῑαι
1115 3037 1161 3068 vel
1186 3033 1432 3080 ἐνεψυχώσὲαι.

165 3077 252 3111 σθαι.
299 3081 361 3112 Pro
391 3078 627 3126 ἐμῴυχοῡσὲαι
649 3084 750 3122 possis
771 3086 798 3114 et
829 3081 909 3122 &dau-
