2066 3319
559 183 738 216 PANARn
763 183 847 216 Lm.
866 185 906 215 11.
931 184 1037 217 TOM.
1059 184 1082 216 1.
1108 184 1238 218 HAER.
1260 184 1314 216 Li.
1654 175 1704 214 73

168 271 419 305 monstraret.
481 262 574 304 Non
603 263 703 303 enim
731 270 891 318 repente
920 271 1005 318 post
1031 264 1259 319 baptismum
1289 265 1333 305 ad
1361 263 1544 305 loannem
1573 277 1706 303 acces-

167 333 242 384 sit,
275 333 342 373 sed
369 332 530 388 primum
556 332 594 372 in
620 330 855 382 Galilaeam,
890 332 977 372 inde
1002 333 1046 372 ad
1075 331 1302 384 lordanein,
1346 333 1417 373 hoc
1443 341 1500 373 est
1526 333 1570 372 ad
1595 330 1707 371 loan-

127 444 134 448 ,
168 414 277 452 nem,
312 401 501 456 perrexit.
565 398 675 441 Unde
700 400 820 450 dixit,
854 403 924 439 Ille
944 408 999 439 est
1016 416 1118 452 (lm-m
1141 405 1225 440 delri
1243 403 1354 439 vobis.
1420 402 1480 441 Ad
1504 401 1598 440 haec
1619 414 1706 439 cum

167 470 410 525 evangelium
438 470 488 509 ita
515 475 668 509 narrat:
715 471 769 507 Et
791 472 1035 508 testimoniam
1059 471 1250 520 pet-hibuit
1274 472 1454 517 Ioamtes,
1497 473 1583 521 quia
1611 471 1699 515 vidi,

165 538 361 593 aliquanto
392 538 428 578 id
460 544 549 578 ante
582 545 755 592 tempore
787 537 998 591 contigisse
1030 537 1215 577 declarat.

276 672 374 715 Post
404 675 498 715 haec
530 674 748 716 vocationis
779 672 887 714 Petri
916 681 1030 728 atque
1058 673 1242 714 Andreae
1274 673 1424 714 initium
1456 673 1702 715 describitur.

163 742 226 783 Ad
251 741 449 784 Christum
477 742 578 783 enim
607 743 786 783 Andreas
810 741 925 792 adiit,
969 756 1067 782 unus
1093 756 1144 781 ex
1169 741 1355 781 ambobus
1382 742 1444 795 qui
1472 756 1556 781 eum
1581 742 1704 782 secuti

163 819 276 862 sunt,
321 811 461 866 quique
488 809 645 851 loannis
672 818 785 851 erant
810 810 985 865 discipuli
1018 817 1055 850 et
1079 810 1201 851 adhuc
1232 811 1268 850 in
1296 809 1472 851 Galilaea
1499 810 1705 850 manebant

162 894 206 920 ae
237 878 374 920 Ioanni
406 879 558 920 interim
598 893 754 934 operam
790 878 947 918 dabant.
1010 877 1160 919 Deinde
1191 886 1389 934 postquam
1424 879 1487 919 illo
1524 877 1584 917 die
1619 892 1702 918 cum

164 945 323 989 Christo
347 955 518 988 moratus
544 954 603 988 est
624 948 828 997 Andreas,
862 961 907 988 ac
930 947 1002 987 iam
1029 947 1121 987 hora
1144 947 1291 988 decima
1317 954 1445 998 esset,
1483 948 1581 987 sorte
1604 947 1704 986 aeci-

162 1016 216 1056 dit
242 1023 283 1057 ut
307 1017 439 1056 eadem
467 1016 528 1056 die
556 1016 594 1056 in
621 1014 821 1056 Simonem
849 1017 1006 1056 fratrem
1031 1016 1240 1066 incideret,
1289 1030 1409 1070 eaque
1435 1015 1581 1056 diceret
1607 1029 1703 1070 quae

120 1072 125 1077 ¹
161 1085 275 1141 paulo
298 1091 387 1125 ante
411 1084 824 1135 commemoravimus,
859 1088 953 1135 Quia
980 1088 1183 1124 invenimus
1207 1088 1405 1133 Messium,
1440 1085 1572 1139 sieque
1599 1084 1703 1124 illum

160 1154 207 1194 ad
229 1151 425 1194 Christum
449 1153 702 1208 perduceret,
737 1160 813 1193 etc.
875 1151 1020 1194 Secuta
1043 1161 1130 1194 sunt
1153 1154 1216 1194 illa
1239 1154 1445 1209 deinceps,
1480 1160 1517 1193 ut
1543 1153 1576 1193 ei
1602 1153 1704 1193 dice-

160 1228 244 1273 ret,
282 1225 335 1261 Tu
359 1223 548 1261 vocaberis
573 1224 728 1274 CephaS.
792 1224 836 1261 Ia
863 1225 1068 1261 erastinum
1089 1225 1227 1270 voluit,
1263 1222 1408 1275 inquit,
1441 1225 1546 1261 exire
1569 1225 1605 1261 iu
1632 1225 1704 1260 Ga-

160 1293 329 1338 lt'laeam,
371 1299 410 1330 et
436 1293 575 1330 invenlt
595 1293 826 1342 Philippum,
870 1298 908 1329 et
934 1293 1027 1329 a'e'ez‘t
1054 1294 1092 1330 εἰ
1110 1294 1236 1339 Iesus,
1285 1295 1449 1344 Sequere
1475 1306 1542 1330 me.
1606 1293 1708 1330 Erat

158 1367 279 1398 autem
302 1362 494 1412 Philippus
515 1373 536 1398 a
562 1361 777 1407 Bethsaida,
813 1362 962 1398 civitate
984 1362 1162 1399 Andreae
1183 1369 1222 1399 et
1238 1363 1354 1399 Petri.
1421 1359 1542 1401 Vides
1570 1374 1702 1414 quem-

158 1427 362 1468 admodum
393 1428 639 1482 cogitandum
671 1428 781 1468 nobis
810 1428 900 1468 illud
927 1428 1144 1482 relinquat,
1189 1442 1241 1469 ex
1269 1429 1417 1469 duobus
1441 1429 1515 1469 illis
1545 1426 1702 1468 Ioannis

159 1495 356 1551 discipulis
381 1497 443 1551 qui
470 1494 669 1537 Christum
695 1497 818 1536 secuti
845 1503 957 1547 sunt,
992 1511 1154 1551 quornm
1180 1498 1293 1538 unius
1320 1511 1482 1548 nomen,
1517 1497 1701 1537 Andreae

158 1564 323 1615 scilicet,
358 1564 571 1619 expressit,
606 1564 765 1605 alterius
788 1565 920 1615 tacuit,
956 1565 1055 1605 hunc
1080 1567 1200 1620 ipsum
1226 1579 1312 1606 esse
1333 1564 1564 1620 Philippum,
1594 1566 1702 1606 cuius

159 1647 299 1674 nomen
325 1640 384 1673 est
408 1633 617 1684 omissum,
653 1634 752 1687 quod
778 1641 815 1673 et
839 1633 1032 1688 popularis
1057 1634 1139 1674 eius
1166 1642 1296 1684 esset,
1332 1641 1371 1674 et
1393 1633 1698 1685 contubernalis,

158 1708 197 1742 et
230 1702 392 1742 eandem
428 1709 549 1742 artem
584 1709 699 1756 atque
736 1701 928 1756 opificium
964 1710 1186 1743 exerceret.
1249 1702 1339 1744 Nisi
1376 1704 1475 1743 forte
1514 1702 1699 1743 Ioannem

158 1770 297 1820 mavis,
332 1777 396 1810 aut
419 1768 599 1810 Iacobum
624 1769 820 1810 Zebedaei
843 1771 975 1811 filium.
1024 1769 1178 1811 Primos
1199 1772 1300 1812 enim
1326 1772 1457 1812 vocari
1478 1772 1564 1812 illos
1588 1786 1701 1826 opor-

159 1839 252 1890 tuit,
286 1846 364 1879 tum
390 1839 572 1893 deinceps
595 1836 836 1893 Philippum,
870 1854 944 1894 quo
970 1839 1006 1880 in
1032 1839 1245 1895 evangeliis
1271 1840 1406 1880 ordine
1430 1849 1697 1881 numerantur.

156 1905 298 1948 Petrus
324 1907 491 1962 primus,
526 1906 664 1947 deinde
687 1907 884 1958 Andreas,
920 1915 997 1948 tum
1020 1906 1200 1959 lacobus,
1236 1909 1323 1949 inde
1349 1907 1531 1960 Ioannes,
1566 1916 1701 1964 postea

158 1974 371 2031 Philippus.
425 1973 503 2016 Sed
529 1975 574 2016 de
596 1975 644 2016 iis
671 1976 872 2016 hactenus.
925 1975 1101 2031 Longius
1126 1978 1228 2018 enim
1251 1984 1356 2033 patet
1376 1977 1450 2019 ista
1473 1978 1696 2033 disputatio.

267 2111 386 2153 Nunc
412 2113 458 2153 ad
487 2113 521 2153 id
554 2113 653 2168 quod
686 2114 834 2154 eratin
865 2115 1091 2168 quaestione
1124 2116 1362 2157 redeundum
1399 2123 1482 2165 est,
1518 2115 1696 2157 nimirum

157 2181 441 2222 observandum
465 2182 555 2222 illud
579 2196 683 2232 esse,
718 2183 1036 2236 quemadmodum
1062 2184 1114 2224 illi
1138 2199 1223 2225 cum
1247 2183 1403 2225 loannis
1429 2193 1561 2225 essent
1585 2186 1698 2226 disci-

156 2249 251 2306 puli,
286 2251 398 2305 eique
426 2260 615 2291 navarent
642 2265 816 2306 operam,
854 2252 950 2306 apud
976 2250 1104 2293 lesum
1130 2254 1250 2308 prima
1279 2254 1339 2293 die
1365 2261 1605 2294 manserunt.
1661 2254 1699 2294 A

157 2333 232 2373 quo
263 2319 448 2374 postridie
481 2319 646 2374 digressi
679 2319 817 2359 iterum
846 2321 891 2360 ad
918 2320 1142 2375 piscandum
1177 2322 1328 2362 reversi
1357 2329 1467 2372 sunt,
1511 2323 1562 2362 uti
1594 2330 1697 2363 cete-

155 2402 286 2429 rorum
313 2388 643 2442 evangelistarum
668 2388 839 2428 narratio
866 2389 1053 2431 continet.
1119 2390 1271 2431 Etenim
1306 2392 1366 2432 ubi
1399 2390 1506 2431 lesus
1541 2400 1696 2446 postera

1729 678 1908 722 Cap.X1v.

1725 2127 1802 2170 Cap.
1827 2127 1902 2161 XV.

155 2456 241 2497 luce
273 2456 477 2507 discessit,
520 2457 648 2497 statim
681 2456 907 2510 evangelica
941 2458 1032 2499 illud
1069 2460 1228 2500 historia
1263 2460 1440 2500 subiicit:
1486 2463 1554 2499 1)ιό
1585 2465 1855 2510 tet-tz'a10ann.2‚
1876 2476 1899 2503 1.

155 2529 306 2578 nuptiae
317 2527 452 2579 saetae
470 2534 559 2566 sunl
584 2529 620 2565 iu
646 2529 747 2565 Cana
772 2529 974 2575 Galilaeae,
1011 2537 1047 2568 el
1067 2537 1152 2568 erat
1174 2538 1292 2569 malel·
1313 2533 1397 2568 lesu
1423 2530 1486 2567 e'be'.
1536 2533 1695 2570 Vocatus

155 2602 214 2634 est
242 2602 363 2634 autem
398 2603 436 2633 et
458 2598 587 2642 Iesus,
623 2603 658 2633 el
680 2597 858 2646 (le'sm'pale'
881 2599 959 2636 eius
987 2600 1037 2636 acl
1064 2602 1228 2649 nuptias.
1295 2597 1365 2638 Ubi
1399 2611 1449 2638 ex
1481 2600 1695 2640 enucleatis

154 2662 347 2717 utrimque
373 2663 605 2717 minutisque
631 2663 761 2704 verbis
785 2678 830 2704 ac
854 2665 1060 2706 sententiis
1083 2664 1490 2719 colligiturChristum
1513 2668 1608 2707 alios
1633 2682 1694 2708 se-

155 2745 241 2771 cum
281 2731 492 2771 addu'xisse
529 2732 763 2786 discipulos,
809 2733 871 2787 qui
909 2749 992 2774 cum
1034 2748 1081 2775 eo
1118 2742 1401 2775 remanserant.
1466 2734 1692 2777 Cuiusmodi

157 2800 257 2840 forte
279 2798 501 2840 Nathana'el
533 2800 603 2840 fuit
634 2808 672 2841 et
701 2799 925 2857 Philippus,
959 2803 1099 2858 aliique
1134 2803 1322 2852 nonrmlli,
1384 2803 1486 2844 Nam
1513 2805 1691 2846 Andreas

157 2881 241 2908 cum
268 2868 348 2908 suis
378 2875 613 2909 recesserat.
677 2869 754 2924 Qui
778 2885 873 2912 vero
907 2873 1004 2927 apud
1033 2873 1135 2911 illum
1168 2859 1414 2923 manserant,
1449 2888 1533 2913 cum
1568 2888 1613 2913 eo
1646 2875 1692 2914 ad

157 2936 308 2990 nuptias
332 2936 483 2978 invitati
510 2944 614 2979 suut.
676 2937 823 2980 Postea
847 2955 931 2982 eum
965 2940 1125 2996 primuni
1153 2940 1242 2981 illud
1272 2940 1485 2995 prodigium
1517 2942 1688 2994 fecisset,
