2035 3309
546 178 724 211 PANARH
750 180 831 210 [ΑΒ.
854 179 894 210 n.
921 181 1026 212 Tou.
1048 183 1070 212 ι.
1098 182 1226 213 unca.
1249 182 1302 213 Lt.
1643 174 1690 214 51

266 258 374 299 Haec
403 258 523 312 igitur
554 258 767 312 Alogorum
805 265 864 298 est
895 260 1040 313 opinio.
1103 260 1204 301 Nam
1241 262 1429 302 eiusmodi
1466 262 1521 302 eis
1554 276 1693 302 nomeu
1723 266 1799 309 Cap.
1823 268 1878 299 lll-

155 328 407 382 imponimus,
454 340 524 366 nec
556 340 576 366 a
607 326 718 367 nobis
746 327 928 380 deinceps
951 328 1064 367 aliter
1088 329 1250 369 vocandi
1276 338 1380 370 sunt.
1443 329 1495 371 Et
1521 345 1591 371 vos
1616 344 1696 372 me-

155 411 257 446 cum,
292 411 314 436 o
337 394 544 445 carissimi,
577 395 729 448 Alogos
755 395 840 435 illos
864 396 1076 436 nominate.
1141 395 1316 449 Quorum
1343 398 1515 439 haeresis
1541 397 1697 439 loannis

153 465 273 506 libros
297 464 488 519 repudiat.
552 461 814 516 Quamobrem
841 478 925 503 cum
951 464 1111 504 verbum
1139 479 1158 504 a
1185 463 1330 505 Ioanne
1356 468 1613 520 praedicatum
1639 481 1698 508 re-

155 540 314 589 spuant,
348 532 492 585 Alogi,
527 531 599 571 hoc
624 539 683 572 est
705 546 726 572 a
750 532 870 572 verbo
893 532 1009 572 alieni
1034 533 1276 586 nuncupandi
1303 541 1406 574 sunt.
1471 534 1576 589 Ergo
1601 535 1652 576 illi
1679 551 1699 576 a

156 601 331 642 doctrina
355 600 532 640 veritatis
560 600 730 641 funditus
753 600 1010 641 abhorrentes
1036 601 1228 641 sinceram
1254 602 1364 641 fidem
1388 602 1597 656 abnegant,
1633 618 1704 644 nec

154 669 314 711 Ioannis
338 668 581 722 evangelium
604 676 669 709 aut
692 669 956 724 Apocalypsin
984 669 1211 724 approbant.
1267 670 1387 723 Atqui
1407 671 1439 710 si
1464 671 1702 727 Apocalypsi

155 740 346 780 duntaxat
367 737 783 796 reiecta-evangelium
810 738 1082 786 admitterent,
1119 738 1190 777 dici
1215 738 1248 777 id
1275 746 1435 792 possent
1457 739 1586 779 subtili
1611 755 1704 793 quo-

156 809 241 848 dam
269 814 307 847 et
328 813 512 846 accurato
536 805 677 846 iudicio
702 805 866 855 fecisse,
901 812 942 845 ut
966 806 1188 860 apocrypha
1214 814 1470 861 respuerent,
1505 808 1603 861 qnod
1627 808 1705 862 ple-

156 889 276 931 raque
299 876 335 916 in
356 874 594 930 Apocalypsi
619 873 830 914 altissimos
850 881 888 914 et
911 873 1100 914 obscuros
1124 888 1264 915 sensus
1289 874 1468 915 habeant.
1515 874 1594 916 Sed
1620 891 1703 916 cum

159 946 364 985 universos
388 942 546 984 loannis
568 941 686 982 libros
711 944 866 997 proprie
888 942 1091 992 reiiciant,
1127 942 1302 983 dubitare
1329 957 1442 983 nemo
1466 951 1593 998 potest
1616 945 1706 999 quin

157 1013 183 1054 ii
207 1025 419 1066 eorumque
439 1011 586 1052 similes
607 1010 658 1050 illi
682 1010 753 1065 ipsi
778 1011 855 1051 sint
878 1025 1038 1065 quorum
1063 1011 1100 1051 in
1122 1011 1320 1052 catholicis
1342 1012 1517 1066 epistolis
1541 1011 1707 1053 loannes

158 1081 356 1122 meminit:
390 1083 602 1120 Novissima
626 1081 720 1118 Ιιοιά
746 1087 819 1127 est,
855 1079 1001 1134 inquit,
1035 1089 1071 1119 et
1093 1082 1276 1128 (teule'slz‘s,
1312 1084 1483 1132 quonlam
1504 1085 1703 1121 Anticles-i·
1724 1087 1867 1149 1-2Ιοῗὲιι.

158 1159 239 1190 stus
266 1153 384 1189 vem't:
417 1157 456 1188 et
476 1164 575 1188 nunc
594 1162 680 1188 ecee
700 1150 1083 1197 Antichre‘stz·1nulti‚
1119 1157 1190 1188 etc.
1257 1147 1501 1204 Quamquam
1527 1150 1582 1190 illi
1609 1166 1705 1191 nou-
1775 1143 1782 1156 ⁷
1836 1144 1842 1150 ⁸

160 1218 253 1259 nihil
288 1219 334 1258 ad
361 1217 626 1258 excusandam
658 1231 766 1257 suam
791 1217 990 1258 audaciam
1016 1224 1207 1258 conantur
1232 1217 1388 1258 afferre.
1452 1217 1579 1259 Pudet
1607 1219 1708 1260 enim

160 1287 282 1342 palam
315 1287 353 1327 b.
383 1284 519 1327 Ioanni
552 1286 844 1336 contradicere,
892 1286 992 1340 quod
1018 1293 1057 1326 et
1083 1286 1206 1340 ipsum
1239 1286 1342 1326 inter
1366 1288 1562 1341 apostolos
1589 1288 1709 1329 fuisse

163 1362 405 1396 numeratum
428 1362 466 1395 et
489 1368 510 1395 a
532 1354 688 1395 domino
708 1355 912 1409 praecipue
935 1355 1113 1395 dilectum
1138 1369 1214 1395 non
1238 1354 1428 1406 dubitent,
1455 1356 1517 1410 qui
1542 1363 1578 1396 et
1597 1371 1709 1398 sacra

163 1424 348 1479 mysteria
374 1437 443 1478 pro
466 1423 521 1463 rei
548 1423 733 1477 dignitate
758 1422 955 1477 patefecit,
991 1430 1029 1463 et
1055 1437 1172 1478 supra
1197 1423 1339 1463 domini
1365 1431 1498 1478 pectus
1519 1425 1708 1465 incubuit.

164 1490 298 1545 Quare
338 1492 452 1532 aliam
488 1492 793 1532 damnandorum
828 1491 992 1546 apostoli
1025 1491 1258 1544 scriptorum
1294 1506 1471 1533 caussam
1504 1494 1713 1534 commenti

164 1567 269 1600 sunt.
330 1558 492 1614 Negant
525 1560 618 1600 haec
645 1558 802 1600 loannis
834 1573 946 1609 esse,
991 1567 1028 1599 et
1056 1558 1246 1601 Cerintho
1278 1560 1474 1612 tribuunt,
1520 1576 1593 1603 nec
1625 1575 1712 1603 esse

164 1628 279 1683 (ligna
312 1635 448 1683 putant
479 1642 575 1683 quae
608 1628 655 1668 ab
686 1627 854 1668 ecclesia
886 1628 1113 1682 probentur.

280 1695 427 1738 Verum
459 1697 523 1738 vel
556 1696 627 1736 hoc
659 1696 743 1751 ipso
775 1697 833 1737 sui
860 1706 1023 1737 conatus
1047 1697 1156 1737 initio
1182 1696 1491 1749 convineuntur,
1536 1714 1604 1738 nec
1626 1701 1716 1751 quid
1741 1708 1818 1751 Cap.
1840 1709 1895 1741 lv.

165 1769 293 1806 dicant
313 1768 545 1816 intelligere,
580 1780 647 1804 nec
667 1768 711 1804 cle
733 1767 865 1817 quibus
884 1766 1082 1816 affirment.
1149 1764 1226 1818 Qui
1251 1765 1353 1805 enim
1381 1766 1462 1806 fieri
1488 1773 1637 1821 potest,
1671 1776 1712 1807 ut
1732 1763 1916 1795 ¹·⁷¹‘i¹¹²·¹³⁷·

167 1835 263 1875 haec
287 1849 309 1875 a
338 1831 527 1875 Cerintho
551 1834 694 1888 scripta
727 1833 827 1885 sint,
862 1848 960 1888 quae
987 1831 1177 1874 Cerintho
1204 1834 1444 1889 potissimum
1472 1837 1715 1889 repugnent?

168 1902 242 1944 Hic
264 1903 364 1943 enim
385 1909 583 1942 recentem
605 1916 650 1942 ac
670 1903 812 1942 nudum
832 1901 1024 1942 hominem
1047 1916 1136 1943 esse
1158 1900 1356 1944 Christum
1379 1902 1562 1944 asseruit.
1610 1900 1716 1944 Con-

169 1979 226 2012 tra
253 1970 421 2012 loannes
445 1977 631 2026 perpetuo
654 1970 773 2011 fuisse
798 1971 974 2021 verbum,
1008 1978 1122 2025 atque
1147 1985 1167 2012 e
1190 1971 1300 2012 coelo
1325 1971 1539 2026 delapsum,
1573 1979 1612 2012 et
1633 1987 1717 2013 car-

169 2055 256 2082 nem
291 2053 381 2081 esse
413 2040 555 2080 sactum
582 2041 822 2094 pronuntiat.
886 2037 1080 2092 Quocirca
1107 2040 1236 2080 statim
1261 2041 1366 2080 aditu
1391 2041 1474 2095 ipso
1503 2041 1717 2096 deprehen-

170 2109 294 2160 ditur,
336 2122 474 2149 vanam
506 2107 670 2149 istorum
698 2108 954 2148 calumniandi
981 2108 1175 2149 licentiam
1205 2123 1350 2149 meram
1385 2122 1472 2149 esse
1497 2109 1713 2159 stultitiam,

171 2191 243 2218 nec
277 2177 376 2218 unde
405 2176 587 2231 redargui
621 2177 743 2231 possit
780 2176 875 2216 satis
905 2176 1231 2218 animadvertere.
1293 2176 1396 2218 Nam
1430 2177 1483 2217 illi
1516 2177 1715 2218 nobiscum

171 2246 313 2301 alioqui
337 2245 471 2286 eadem
492 2259 536 2285 ac
559 2245 667 2300 paria
687 2245 834 2285 sentire
853 2245 1048 2286 videntur.
1113 2244 1191 2287 Sed
1215 2260 1299 2286 cum
1324 2247 1369 2286 ad
1394 2245 1476 2286 eius
1498 2245 1715 2296 doctrinae,

172 2329 282 2370 quam
318 2328 387 2369 per
421 2313 460 2354 b.
494 2312 678 2354 loannem
716 2313 846 2353 divina
881 2313 990 2354 nobis
1022 2314 1212 2369 sapientia
1246 2314 1436 2369 providit,
1483 2314 1716 2354 soliditatem

173 2397 414 2438 nequaquam
439 2382 744 2432 adhaerescaut,
778 2381 817 2422 in
839 2381 886 2422 iis
910 2396 1008 2437 quae
1033 2382 1213 2423 nesciunt
1233 2390 1366 2423 eontra
1394 2382 1569 2422 veritatis
1590 2383 1717 2422 scien-

174 2452 266 2494 tiam
291 2451 506 2493 insolenter
527 2451 616 2492 illos
641 2450 771 2491 ell'erri
796 2451 1085 2505 cognoscimus.
1148 2450 1279 2505 Atque
1304 2451 1375 2490 hoc
1398 2449 1552 2504 ipsimet
1574 2450 1717 2490 intelli-

175 2534 268 2576 gere
301 2526 506 2576 poterunt‚
550 2519 582 2560 si
614 2518 847 2574 resipiscere
879 2519 991 2559 modo
1016 2534 1060 2560 ac
1083 2527 1250 2560 mentem
1275 2519 1480 2558 advertere
1504 2518 1714 2558 voluerint.

175 2588 262 2630 Nos
283 2589 384 2630 enim
407 2601 452 2628 ea
478 2595 750 2638 monumenta,
785 2588 921 2642 quibus
947 2588 1104 2643 spiritus
1129 2587 1253 2628 sancti
1281 2587 1456 2626 doctrina
1479 2587 1716 2637 continetur,

177 2671 273 2712 quae
301 2657 451 2712 quidem
479 2656 552 2696 fide
577 2656 691 2710 digna
717 2656 954 2711 probataque
982 2657 1080 2707 sint,
1121 2656 1224 2696 nullo
1250 2655 1362 2694 modo
1388 2654 1600 2695 reiicimus.
1662 2655 1717 2695 At

177 2725 232 2766 illi
257 2733 393 2766 contra
425 2738 467 2766 se
493 2724 619 2780 potius
647 2738 757 2779 quam
785 2732 921 2765 contra
948 2725 1152 2765 veritatem
1185 2723 1274 2763 illud
1301 2722 1466 2763 all'erunt
1489 2721 1648 2764 loannis
1674 2723 1718 2762 li-

178 2794 270 2835 bros
304 2808 388 2834 cum
423 2800 641 2834 ceterorum
675 2793 1126 2847 apostolorum-scriptis
1162 2791 1318 2831 minime
1349 2791 1589 2832 consentire.
1653 2790 1719 2832 Ex

180 2876 254 2916 quo
288 2861 468 2916 deinceps
501 2867 794 2902 sacrosanctam
828 2875 872 2902 ac
898 2862 1065 2903 divinam
1094 2859 1195 2899 illius
1223 2858 1436 2899 doctrinam
1463 2860 1716 2914 redarguunt.

183 2927 284 2982 Quid
307 2930 430 2981 enim,
462 2928 662 2984 inquiunt,
696 2929 877 2985 scripsit?
935 2933 978 2969 In
997 2930 1184 2980 principio
1207 2934 1290 2966 erac
1309 2928 1475 2975 verbum,
1510 2936 1547 2967 et
1568 2929 1717 2967 verbum
1742 2939 1901 2972 toanu.1,1

184 3005 266 3038 erat
287 3000 387 3050 apud
407 3000 512 3038 deum
525 3028 536 3047 ,
570 3006 609 3038 et
627 3000 717 3038 deus
737 3006 823 3038 erat
840 2998 1002 3038 verbum.
1065 2994 1188 3036 Item:
1221 2998 1274 3036 Et
1294 2997 1442 3035 verbum
1466 3010 1554 3036 caro
1574 2998 1716 3048 factum
1754 2979 1783 3001 ⁰²
1802 2975 1885 3007 ¹⁴⁵4

1385 3068 1410 3106 4
1428 3065 1450 3089 ηε
