2066 3319
365 207 444 244 416
924 208 1086 243 SANCTI
1108 210 1334 244 EPIPHANII

366 289 487 329 αὐτοῦ
514 285 676 340 δυνάμει
697 291 990 342 καθαιροῦντος
1012 286 1059 328 τά
1081 288 1170 341 βέλη
1195 293 1272 330 τῶν
1295 288 1373 330 7δι’
1401 289 1594 339 ε’ναντίας,
1625 287 1668 330 τὸ
1699 289 1820 343 πέρας
1848 286 1892 329 τό

365 351 479 407 ἧττον
506 354 819 410 ἀπενεγκαμένου
843 359 913 397 τοῦ
935 354 1080 408 Μάνη,
1110 358 1177 398 καὶ
1200 355 1416 412 κρινάντων
1445 361 1522 398 τῶν
1553 361 1696 411 κριτῶν
1725 354 1767 397 τὸ
1799 361 1894 411 βρα-

364 425 472 475 βεῖον
494 421 591 464 εἶναι
613 428 660 481 τῇ
685 422 852 479 ἀληθείᾳ
882 422 993 478 (ὅπερ
1015 423 1089 465 οὐκ
1111 419 1161 477 ῆν
1182 429 1343 478 θαῦμα,
1373 423 1664 477 αὐτοσυστάτης
1687 423 1805 477 οὔσης
1827 428 1896 476 τῆς

365 491 552 544 ἀληθείας
575 492 643 532 καὶ
667 490 719 544 μὴ
744 492 963 545 δυναμένης
985 498 1286 543 καθαιρεῖσθαι,
1317 490 1390 534 κὸἱν
1411 510 1449 534 τε
1478 491 1728 547 ἀντιπράττοι
1753 490 1779 544 ἦ
1805 491 1894 533 ἀνο-

365 562 433 612 μία
461 558 742 616 Βάναισχυντία
776 561 974 615 φερομένη
1007 565 1059 617 τῷ
1088 565 1157 614 τῆς
1189 560 1375 614 ἀληθείας
1403 565 1590 618 9θεσμῷ,
1622 564 1693 601 τοῦ
1716 558 1895 612 ψεύδους

365 625 418 680 μὴ
454 629 608 680 ἔχοντος
638 625 874 679 ὑπόστασιν,
906 628 1003 681 μηδὲ
1026 627 1162 681 βάσιν,
1193 626 1246 677 ώς
1269 630 1334 670 καὶ
1357 627 1384 682 ἦ
1406 627 1496 670 σκιά
1519 633 1589 670 τοῦ
1612 629 1799 678 σκότους,
1828 628 1895 668 καὶ

363 699 432 736 τοῦ
455 694 585 747 ὄφεως
604 694 646 738 το“
671 694 866 751 σφαλερόν
885 701 955 749 τῆς
978 695 1206 750 ε’πιβάσεως,
1237 697 1303 738 καὶ
1326 696 1546 753 ἀνέρειστον
1567 701 1636 750 τῆς
1655 701 1734 738 τῶν
1760 698 1896 737 ποδῶν

363 762 603 818 στερήσεως),
635 791 689 795 -
724 766 965 806 ιοἐντεῦθεν
988 763 1011 806 ὁ
1037 762 1186 818 Μάνης
1218 764 1516 819 Ηάποδράσας,
1548 765 1797 818 βουλομένων
1818 768 1896 805 τῶν

364 831 497 885 δήμων
522 831 640 874 αὐτὸν
670 835 949 886 λιθοβολῆσαι,
981 835 1016 874 εἰ
1037 832 1091 886 μή
1119 832 1236 875 12ὅτι
1259 837 1458 888 παρῆλθεν
1485 835 1538 881 εἷς
1569 834 1686 886 μέσον
1712 831 1894 886 Μάρκελ-

364 906 452 951 λος,
493 902 557 942 καὶ
591 906 644 957 τῷ
681 902 865 958 αἰδνεσίμῳ
898 900 1021 943 αὐτοῦ
1054 901 1249 959 προςώπῳ
1283 900 1582 954 κατεδυσώπησε
1612 900 1704 950 τούς
1732 900 1895 954 δήμους,

365 970 448 1010 ἐπεὶ
467 968 514 1010 ἂν
533 967 555 1010 ὁ
579 968 695 1018 τάλας
716 968 853 1024 νεκρὸς
876 970 1004 1023 μένων
1025 969 1144 1011 πάλαι
1165 969 1378 1023 ἐτεθνήκει,
1410 968 1663 1025 ἀναχωρήσας
1685 969 1726 1010 δὲ
1749 969 1895 1025 ἔρχεται

365 1039 418 1086 εἰς
452 1036 590 1091 κώμην
621 1036 705 1079 τινά
738 1043 807 1091 τῆς
843 1037 1121 1093 13Καρχοὲρων
1153 1040 1206 1086 εἰς
1236 1040 1460 1094 Διοδωρίδα
1493 1038 1754 1091 καλουμένην,
1800 1039 1840 1079 ἒν
1867 1031 1895 1095 ’ᾗ

370 1110 416 1134 ¹4
435 1104 605 1161 Τρύφων
633 1123 691 1154 τις
716 1106 997 1155 ἐπιεικέστατος
1021 1104 1103 1149 κατ’
1129 1108 1251 1148 έκεῖνο
1274 1111 1414 1162 καιροῦ
1440 1105 1618 1161 ἐτύγχανε
1645 1111 1722 1147 τῶν
1751 1104 1896 1148 αὐτόθι

368 1173 639 1230 πρεσβύτερος.

188 1251 272 1295 Κεφ.
300 1251 353 1284 ια’.
482 1241 583 1297 Παρ’
604 1237 634 1299 ᾦ
657 1240 679 1284 ὁ
696 1241 844 1295 Μάνης
865 1241 1071 1297 γενόμενος
1090 1241 1206 1284 πάλιν
1228 1241 1351 1284 ε’κύκα
1373 1241 1633 1296 καυχώμενος,
1663 1240 1896 1295 καταλαβών

366 1310 433 1352 τὸν
455 1308 578 1365 ἄνδρα
600 1308 753 1365 ἀγαθὸν
776 1310 842 1363 μὲν
863 1309 978 1351 τᾶλλα
998 1311 1065 1352 καὶ
1085 1310 1317 1368 θαυμαστὸν
1334 1315 1381 1368 τῇ
1401 1312 1620 1367 θεοσεβείᾳ,
1651 1309 1833 1367 πενιχρὸν
1854 1310 1897 1351 δὲ

368 1384 418 1436 τῷ
437 1378 549 1435 λόγῳ.
607 1376 717 1419 'And
738 1379 805 1419 καὶ
829 1379 869 1419 ἐν
892 1379 1067 1429 τούτοις,
1100 1376 1153 1427 ώς
1174 1376 1398 1432 ὑπείληφεν,
1429 1378 1502 1420 οὐκ
1524 1380 1674 1432 ἴσχυσεν
1698 1375 1896 1421 έπιτωθά-
1916 1425 1924 1431 ,

367 1452 442 1497 ζειν
462 1450 517 1504 τῷ
542 1450 612 1487 τοῦ
636 1450 809 1501 Χριστοῦ
832 1447 970 1503 δούλῳ.
1028 1444 1072 1487 Ὁ
1096 1445 1191 1495 θεός
1214 1445 1286 1502 γάρ
1311 1445 1371 1488 ἀεὶ
1396 1452 1476 1495 τοῖς
1497 1445 1554 1488 ἐπ’
1579 1445 1699 1488 αὐτόν
1725 1448 1894 1497 ἐλπίζου-

208 1537 272 1565 pag.
290 1529 347 1556 628.
368 1529 428 1556 σιν
450 1513 635 1567 ἕτοιμάζει
656 1513 725 1563 τοὶς
747 1516 790 1556 ἐκ
811 1514 1030 1567 πνεύματος
1051 1512 1164 1569 ἁγίου
1188 1513 1335 1569 δωρεάς
1360 1514 1721 1570 ἕπιχορηγούμενος,
1753 1512 1808 1564 (ἇς
1829 1516 1896 1556 καὶ

368 1585 613 1638 ἐπηγγείλατο
637 1581 815 1636 ἀψευδὴς
836 1581 891 1624 ὢν
912 1582 985 1633 ὅτι,
1018 1581 1093 1637 Μή
1114 1582 1368 1639 μεριμνήσητε
1389 1586 1425 1624 τί
1444 1585 1592 1637 εἴπητε·
1624 1580 1671 1625 οὗ
1690 1580 1765 1639 γάρ
1785 1581 1898 1637 ὑμεῖς

368 1655 448 1694 ἐστε
469 1654 508 1693 οἱ
527 1656 742 1701 λαλοῦντες,
773 1648 868 1692 ἀλλά
891 1649 934 1692 vd
958 1656 1112 1705 πνεῦμα
1136 1656 1206 1693 τοῦ
1229 1650 1378 1707 πατρός
1400 1669 1476 1705 μου
1497 1649 1541 1693 τό
1564 1656 1706 1693 λαλοῦν
1729 1653 1770 1694 ἓν
1791 1649 1894 1704 ὖμῖν.

364 1719 570 1761 Ἐντεῦθεν
593 1718 709 1761 πάλιν
731 1721 996 1772 βουληθέντος
1018 1721 1268 1770 διαλέξασθαι
1291 1719 1391 1776 πρὸς
1419 1719 1616 1775 Τρύφωνα
1639 1718 1707 1762 τὸν
1727 1717 1896 1775 πρεσβύ-

368 1805 498 1844 τερον,
529 1789 596 1830 καὶ
617 1786 739 1830 αὐτοῦ
765 1790 806 1830 ἐν
833 1793 988 1837 πολλοῖς
1015 1786 1283 1840 ἀντειπόντος,
1313 1787 1540 1844 γράψαντός
1568 1805 1608 1829 τε
1630 1792 1684 1846 τῷ
1707 1785 1895 1845 Ἀρχελάῳ

369 1858 457 1911 περὶ
482 1861 551 1910 τῆς
577 1854 805 1904 ὑποθέσεως
833 1855 976 1910 ταύτης
1007 1856 1086 1907 ὅτι,
1130 1855 1278 1913 1Ἀνήρ
1309 1874 1366 1905 τις
1391 1851 1514 1910 ἦλθεν
1547 1858 1720 1898 ἐνταῦθα
1751 1853 1817 1898 οἶα
1847 1853 1897 1908 δὴ

368 1924 485 1973 λύκος
517 1924 660 1979 βαρύς,
698 1926 763 1966 καὶ
787 1925 956 1966 διολέσαι
985 1923 1057 1979 τῆν
1088 1923 1267 1981 μα’νδραν
1299 1927 1487 1981 ἐπιχειρεῖ.
1545 1922 1656 1966 Ἀλλά
1683 1927 1898 1979 παρακαλῶ

368 1991 596 2034 ἀπόστειλόν
617 2010 682 2046 μοι
705 1996 742 2034 τί
762 1990 812 2034 ἀν
833 1992 933 2048 πρὸς
953 1998 1092 2035 τοῦτον
1113 1993 1349 2048 ποιήσομαι,
1383 1993 1407 2047 ἢ
1426 1996 1556 2042 ποίοις
1578 1992 1706 2048 λόγοις
1729 1990 1896 2034 ἀντείπω

369 2066 414 2118 τῇ
440 2066 460 2090 2
473 2059 595 2102 αὐτοῦ
615 2063 953 2118 κακοδιδασκαλία.
998 2063 1078 2103 Καὶ
1096 2064 1130 2103 εἰ
1150 2063 1218 2115 μὲν
1237 2061 1354 2111 αὐτὸς
1371 2064 1569 2112 καταξιοῖς
1590 2061 1894 2117 παραγενέσθαι,

370 2129 584 2185 ἀμέριμνον
610 2128 813 2183 ποιήσειας
831 2129 901 2183 τὴν
926 2134 994 2171 τοῦ
1020 2135 1192 2185 Χριστοῦ
1213 2129 1410 2185 μάνδραν,
1440 2133 1508 2172 καὶ
1529 2128 1575 2171 τά
1600 2131 1806 2185 θρέμματα
1827 2127 1897 2169 αὗ-

371 2202 451 2238 τοῦ.
509 2195 552 2237 Ὁ
584 2197 625 2238 δὲ
659 2194 874 2240 ἀπέστειλεν
905 2197 1009 2256 αὐτῷ
1039 2198 1111 2240 δύο
1147 2198 1286 2254 λόγους
1319 2201 1360 2240 ἐν
1390 2200 1579 2256 προχείρῳ
1608 2197 1898 2251 καταλαβέσθαι

376 2264 471 2306 3τόν
500 2262 669 2319 Μάνην,
711 2267 944 2315 ἐκδέξασθαι
978 2267 1019 2308 δὲ
1053 2266 1124 2320 τὴν
1155 2265 1277 2309 αὐτοῦ
1309 2269 1526 2322 παρουσίαν
1558 2265 1664 2324 αὐτῷ
1695 2264 1896 2319 ἐσήμανεν.

370 2332 412 2374 Ὁ
429 2332 575 2387 Μάνης
594 2334 635 2375 δὲ
655 2336 695 2376 ἐν
716 2339 761 2392 τῇ
782 2335 878 2391 μέσῃ
898 2333 1011 2392 κώμῃ
1031 2340 1229 2391 προῆλθεν
1250 2334 1537 2391 ὄρθριαίτερον,
1559 2332 1898 2390 προςκαλούμενος

375 2400 528 2451 4αὐτός
550 2401 814 2454 συνάξασθαι,
848 2407 1185 2458 5προςκαλεῖσ-θαι
1214 2402 1282 2446 τὸν
1311 2402 1508 2459 Τρύφωνα
1532 2404 1585 2453 εἰς
1607 2401 1747 2458 λόγους
1775 2401 1896 2456 ἥκειν.

418 2575 447 2608 7.
474 2577 570 2616 Vulyo
594 2577 743 2615 scriptum
767 2578 851 2607 extat
874 2574 1064 2613 διεναντίας.
1157 2577 1200 2607 ad
1223 2578 1314 2608 Acac-
1336 2576 1367 2608 2.
1397 2579 1424 2608 et
1454 2578 1563 2608 Ancor.
1594 2585 1662 2615 cap.
1685 2574 1735 2608 12.
1769 2576 1801 2606 in
1833 2575 1898 2606 loco

417 2620 447 2653 8.
473 2616 714 2664 οἷναντισχέτως
744 2624 798 2652 aut
829 2617 1019 2664 οἷναισχυντὶ
1046 2630 1111 2652 cor·
1157 2623 1293 2660 gemello.

374 2668 450 2697 rexit
475 2667 647 2698 Gatakerus
668 2668 687 2697 l.
709 2668 729 2697 l.
1206 2666 1254 2697 12.
1281 2668 1459 2706 Suspicelur
1479 2667 1591 2705 aliquis
1618 2663 1710 2699 τότες
1746 2667 1778 2695 at
1805 2665 1898 2695 etiam

419 2710 450 2743 9.
475 2712 591 2755 δεσμῷ
616 2713 762 2743 mendosa
791 2715 833 2743 est
861 2712 1010 2743 editorum
1038 2713 1112 2742 scri·
1156 2720 1253 2750 supra
1275 2712 1358 2742 haer.
1380 2711 1444 2750 30,
1468 2711 1498 2742 5.
1533 2709 1562 2743 εἰ
1583 2722 1629 2752 μη
1653 2705 1703 2743 ότι
1724 2711 1898 2741 occurrebat

372 2760 476 2796 ptura.
1155 2766 1213 2795 pro
1238 2754 1266 2788 εἰ
1291 2754 1337 2798 μὴ
1361 2734 1505 2795 posit’um.

422 2802 472 2833 10.
497 2803 553 2834 Hic
572 2803 657 2842 apud
672 2804 778 2834 Petav.
799 2803 906 2842 incipit
926 2811 994 2842 cap.
1015 2802 1110 2833 unde·
1205 2800 1255 2833 13.
1281 2798 1454 2844 καλχάρων
1478 2804 1601 2840 uterque
1625 2801 1699 2831 liber
1721 2801 1862 2839 scriptus.

377 2849 498 2878 cimam.
1205 2842 1253 2877 14.
1288 2848 1456 2878 Diodorum
1486 2846 1622 2885 appellat
1655 2847 1730 2876 Acta
1757 2846 1898 2877 Archelai

425 2892 473 2923 11.
501 2893 581 2923 Cave
602 2902 638 2924 ne
660 2895 797 2933 corrigas
821 2889 980 2932 ἀποδρὰς.
1019 2893 1110 2923 Haer.
1154 2901 1186 2930 Ρ.
1208 2888 1262 2923 68.

376 2934 437 2974 54,
468 2933 694 2978 1.ατῑε’δρασε
715 2939 779 2979 τῆς
808 2936 885 2970 ἐαυτ
888 2938 925 2970 οὔ
948 2936 1111 2978 πατρίδος.
1203 2935 1279 2966 CAP.
1302 2936 1362 2966 Xf.
1390 2954 1428 2958 —
1490 2934 1518 2967 l.
1553 2936 1677 2975 Inteyra
1709 2938 1792 2966 extat
1823 2936 1898 2966 haec

376 2983 428 3012 Sic
449 2983 541 3013 etiam
570 2980 720 3023 φύσασαι
746 2992 804 3023 pro
834 2982 939 3025 φῦσαι
962 2985 994 3014 in
1017 2983 1114 3022 Epist.
1158 2982 1286 3021 epistola
1309 2982 1496 3021 Tryphonis,
1526 2982 1574 3012 vel
1598 2980 1745 3019 Diodori,
1775 2981 1817 3012 ad
1839 2983 1897 3014 Ar-
