2066 3319
232 916 298 944 pag.
318 907 376 936 612.

220 2534 306 2577 Κεφ.
329 2534 367 2571 ς’.

396 204 475 243 388
957 208 1117 242 SANGTI
1141 210 1363 242 ΕΡΙΡΗΑΝΠ

1573 291 1590 299 ιν

396 287 565 341 οὐρανοῦ
594 287 660 327 καὶ
686 290 776 341 γῆς,
807 290 944 337 σαφῶς
972 284 1212 339 ἀμεταθέτου
1235 287 1346 336 ὄντος
1372 291 1444 328 τοῦ
1470 289 1590 341 ῥἠτου
1622 289 1725 328 2τοῦ
1753 286 1812 328 ὅτι
1842 286 1918 342 πρὸ

397 353 568 409 ου’ρανοῦ
589 355 654 396 καὶ
676 359 748 409 γῆς
775 352 890 395 οὐδὲν
911 348 960 406 ἦν
982 358 1059 395 τῶν
1081 357 1386 409 3κεκτισμένων,
1417 354 1475 397 ὅτι
1498 356 1538 396 ἐν
1562 354 1660 411 ἀρχῇ
1689 355 1868 408 ἐποίησεν
1897 353 1920 396 6

394 421 491 471 θεὸς
520 421 588 464 τόν
619 420 790 477 οὐρανόν
820 422 887 462 καὶ
912 421 983 475 τὴν
1014 427 1106 477 γῆν,
1138 421 1190 472 ὥς
1214 422 1331 479 ἀρχῆς
1355 421 1475 476 οὔσης
1502 425 1679 473 κτίσεως,
1708 423 1775 464 καὶ
1807 420 1921 464 οὐδὲν

395 489 471 545 πρό
503 489 626 543 αὐτῆς
653 494 731 531 τῶν
760 490 1026 543 κεκτισμένων.
1119 544 1128 552 .

512 557 570 600 Οὕ
594 557 755 599 δύναται
778 552 869 609 οὖν,
902 555 955 607 ὥς
980 564 1189 613 προεῖπον,
1220 557 1243 600 6
1267 560 1307 600 ἐν
1335 557 1534 615 ἀνθρώπῳ
1563 556 1677 612 λόγος
1706 556 1921 613 ἅνθρωπος

394 631 611 676 καλεῖσθαι,
643 624 735 667 ἄλλα
754 624 867 681 λόγος
888 624 1116 681 ἀνθρώπου.
1163 628 1218 668 Εἰ
1237 627 1278 668 δὲ
1302 625 1323 668 6
1342 625 1455 682 λόγος
1476 631 1545 667 τοῦ
1567 631 1665 667 θεοῦ
1687 624 1783 674 θεός
1806 627 1919 676 ἐστιν,

395 694 468 737 οὐκ
491 696 594 736 ἔστιν
623 692 892 742 ἀνυπόστατος
919 693 1053 749 λόγος,
1094 692 1186 735 ἄλλα
1221 693 1483 743 ἐνυπόστατος
1516 692 1611 742 θεός
1639 692 1753 748 λόγος
1782 694 1824 735 ἐκ
1851 697 1920 735 τοῦ

394 767 497 804 θεοῦ
517 764 812 818 γεγεννημένος,
844 760 1019 817 ἆνάρχως
1039 763 1105 803 καὶ
1126 760 1317 818 α’χρόνως·
1350 760 1371 804 6
1396 761 1467 817 γαρ
1499 761 1614 816 λόγος
1638 759 1734 816 σάρξ
1756 761 1919 816 ἐγένετο,

395 833 461 872 καὶ
486 830 704 884 ἐσκήνωσεν
727 832 767 872 ἐν
789 828 903 884 ἡμῖν,
935 831 1000 872 καὶ
1024 833 1175 884 εἴδομεν
1195 830 1264 884 τήν
1283 829 1399 880 δόξαν
1422 828 1562 879 αὐτοῦ,
1594 828 1711 879 δόξαν
1733 827 1786 878 ὥς
1805 845 1920 883 μονο-

397 904 535 955 γενοῦς
555 898 662 954 παρὰ
682 897 843 954 πατρὸς,
867 897 1017 953 πλήρης
1038 897 1193 954 χάριτος
1213 899 1280 940 καὶ
1299 896 1494 951 ἀληθείας.
1539 896 1720 950 Ἰωάννης
1738 902 1926 952 μαρτυρεῖ

396 968 483 1023 περὶ
505 965 640 1018 αὐτοῦ,
673 969 738 1009 καὶ
759 968 921 1022 κέκραγε
941 967 1073 1021 λέγων,
1109 962 1237 1015 Οὗτός
1260 968 1358 1008 ἐστιν
1379 965 1423 1007 ὃν
1445 963 1554 1007 εἷπον
1581 963 1720 1018 4ὖμῖν,
1751 963 1774 1006 6
1794 962 1919 1006 ὀπίσω

397 1053 472 1089 μου
489 1034 693 1090 ἐρχόμενος
710 1036 935 1090 ἔμπροσθέν
955 1052 1032 1087 μου
1051 1036 1216 1090 γέγονεν,
1240 1034 1300 1076 ὅτι
1315 1039 1467 1089 πρῶτος
1485 1051 1561 1087 μου
1576 1028 1643 1086 ἦν·
1667 1028 1782 1081 οὗτος
1799 1027 1920 1086 ἦλθεν

395 1106 448 1153 εἰς
466 1102 535 1145 τὸν
557 1102 716 1157 κόσμον,
746 1105 812 1144 ἵνα
833 1107 946 1160 σωθῇ
972 1101 994 1144 6
1014 1101 1160 1156 κόσμος
1183 1101 1230 1143 δι’
1249 1101 1379 1144 αὐτοῦ.
1422 1100 1486 1143 Ἑν
1508 1107 1559 1159 τῷ
1575 1100 1709 1159 κόσμῳ
1726 1095 1789 1154 ἦν,
1812 1101 1881 1142 καὶ
1897 1097 1920 1141 6

396 1171 542 1225 κόσμος
556 1169 603 1213 δι’
621 1169 740 1213 αὐτοῦ
757 1172 917 1226 ἐγένετο,
938 1171 1004 1211 καὶ
1023 1168 1045 1212 6
1060 1169 1206 1223 κόσμος
1225 1169 1343 1212 αὐτόν
1359 1168 1430 1212 οὐκ
1446 1172 1554 1225 ἔγνω.
1596 1167 1713 1226 Ὁρᾷς
1729 1172 1920 1224 μονογενῆ

395 1238 527 1295 λόγον,-
561 1237 659 1296 ὁρᾷς
680 1240 721 1280 ἐν
741 1238 876 1296 κόσμῳ
897 1239 1199 1293 πεπληρωμένον
1223 1243 1240 1266 ⁵
1255 1239 1296 1280 ἐν
1315 1236 1561 1293 ἀνθρώποις,
1584 1239 1649 1279 καὶ
1668 1235 1794 1291 πλήρη
1808 1237 1919 1290 ἕχον-

395 1326 441 1349 τα
460 1307 577 1357 δόξαν
597 1311 830 1361 μονογενοῦς
849 1305 956 1360 παρά
976 1304 1144 1361 πατρός,
1177 1304 1247 1359 οὐχ
1263 1304 1316 1354 ὦς
1331 1311 1401 1348 τοῦ
1422 1304 1570 1361 πατρὸς
1584 1304 1697 1354 ὄντος
1713 1304 1850 1360 λόγου·
1873 1303 1920 1347 οὗ

395 1374 543 1431 πατρὸς
567 1374 647 1427 ἅμα
666 1373 768 1431 λόγῳ
789 1378 982 1431 συναλιφῇ
1007 1372 1250 1426 πεφηνότος,
1282 1372 1334 1422 ὥς
1356 1372 1571 1429 ἅνθρωπος
1596 1372 1677 1427 ἅμα
1698 1378 1751 1430 τῷ
1781 1374 1922 1415 ἑαυτοῦ

393 1443 493 1500 λόγῳ
517 1441 764 1496 φαινόμενος,
794 1443 858 1483 καὶ
883 1440 904 1483 6
925 1441 1038 1497 λόγος
1059 1439 1181 1483 αὐτοῦ
1200 1440 1246 1483 οὗ
1272 1440 1433 1483 δύναται
1455 1446 1627 1495 φανῆναι
1653 1439 1720 1482 ἐάν
1737 1439 1790 1494 μή
1812 1445 1920 1498 παρῇ

395 1510 417 1553 6
449 1510 720 1566 φθεγγόμενος
753 1509 818 1552 τὸν
849 1509 973 1565 λόγον.
1041 1513 1124 1551 Τίνι
1157 1512 1288 1551 τοίνυν
1323 1509 1514 1552 πιστεύσω
1526 1528 1537 1560 3
1577 1511 1654 1551 τίνι
1687 1513 1918 1562 συνθῶμαι,·

394 1577 502 1635 παρα
522 1582 637 1620 τίνων
657 1577 762 1631 λάβω
784 1577 884 1632 ζωὴν
911 1579 952 1620 ἐν
972 1577 1176 1632 μαθήμασι
1185 1596 1196 1628 ,·
1258 1576 1377 1633 Παρα
1398 1583 1475 1620 τῶν
1501 1575 1622 1633 ἆγίων
1647 1575 1920 1633 εὖαγγελιστῶν

394 1649 461 1690 καὶ
487 1645 846 1701 πνευματοφόρων,
879 1651 956 1688 τῶν
982 1645 1050 1688 τόν
1076 1644 1191 1701 λόγον
1221 1645 1327 1701 παρα
1354 1645 1502 1702 πατρὸς
1530 1645 1815 1699 ἀπεσταλμένον
1844 1663 1918 1699 φη-

395 1715 566 1766 σάντων,
607 1714 634 1768 ἢ
656 1713 805 1756 τούτων
836 1719 913 1756 τῶν
942 1712 1020 1756 οἷπὸ
1048 1713 1212 1756 Παύλου
1246 1719 1314 1756 τοῦ
1338 1715 1618 1768 Σαμοσατέως,
1658 1718 1737 1755 τῶν
1765 1712 1837 1755 σῦν
1866 1718 1919 1771 τῷ

393 1783 495 1841 λόγῳ
517 1781 638 1833 θεόν,
669 1783 735 1824 καὶ
759 1782 876 1837 λόγον
898 1781 968 1823 σὺν
993 1787 1047 1840 τῷ
1067 1787 1151 1840 θεῷ
1171 1781 1425 1835 φασκόντων,
1455 1787 1532 1824 τῶν
1550 1786 1596 1824 ἓν
1615 1781 1825 1836 πρόςωπον
1846 1799 1919 1823 πα-

394 1851 486 1907 τρός
507 1849 607 1906 πρὸς
627 1849 693 1892 τόν
722 1849 858 1906 λόγον,
889 1852 957 1892 καὶ
977 1849 1044 1892 τόν
1065 1852 1180 1905 λόγον
1203 1850 1301 1905 πρὸς
1320 1849 1389 1893 τόν
1413 1852 1562 1906 πατέρα
1583 1848 1809 1907 ὅριζόντωνς
1866 1851 1924 1891 Εἰ

394 1920 435 1961 ὑὲ
458 1922 504 1961 ἓν
530 1918 573 1960 vd
602 1917 832 1974 πρόςωπον,
864 1923 948 1967 πῶς
971 1916 992 1960 6
1015 1919 1082 1972 μὲν
1107 1917 1347 1970 ἀποστέλλει,
1379 1917 1401 1960 6
1427 1919 1467 1960 δὲ
1499 1918 1784 1969 ἀποστέλλεται,
1824 1916 1917 1960 ἄπο-

393 1993 533 2036 στελεῖς
553 1985 648 2042 γάρ,
681 1987 778 2039 φησὶ
803 1984 825 2027 6
849 1985 1077 2041 προφήτης,
1109 1985 1177 2029 τὸν
1201 1986 1336 2042 λόγον,
1374 1988 1441 2028 καὶ
1471 1986 1572 2041 τήξει
1608 1985 1723 2029 αὐτά·
1764 1985 1920 2028 πνεύσει

393 2055 434 2096 τό
461 2060 612 2108 πνεῦμα
636 2053 780 2105 αὐτοῦ,
811 2056 877 2096 καὶ
898 2053 1081 2109 ρυήσεται
1104 2054 1239 2097 ὕδατα.
1302 2056 1391 2097 Καὶ
1402 2054 1539 2107 πάλιν,
1568 2054 1665 2111 Ἐγώ
1689 2057 1854 2108 ἐξῆλθον
1876 2055 1919 2096 ἐκ

393 2129 463 2165 τοῦ
487 2122 635 2178 πατρός
656 2140 752 2175 μου,
784 2124 850 2163 καὶ
871 2122 966 2175 ἥκω.
1029 2125 1127 2174 Καὶ,
1162 2128 1226 2165 Ζῶ
1253 2122 1341 2179 ἐγώ,
1371 2124 1437 2165 καὶ
1461 2128 1506 2182 ζῇ
1528 2125 1568 2165 ἐν
1590 2125 1676 2177 ἐμοὶ
1700 2121 1722 2165 6
1743 2121 1917 2164 ἀποστεί-

391 2198 460 2241 λας
486 2209 532 2245 με
557 2190 696 2245 πατήρ.
759 2194 855 2238 Πῶς
878 2186 949 2231 οὗν
973 2188 1242 2234 α’ποστέλλεται
1263 2190 1285 2234 6
1309 2190 1557 2243 ἀποσταλεὶς,
1589 2193 1656 2233 καὶ
1686 2189 1751 2233 διὰ
1776 2189 1920 2246 σαρκός

393 2263 591 2313 φαίνεται,-
629 2257 727 2301 θεὸν
755 2257 828 2314 γαρ
857 2256 985 2308 οὐδεὶς
1008 2258 1166 2302 πώποτε
1199 2258 1378 2315 ἑώρακεν.
1436 2258 1478 2301 Ὀ
1506 2258 1720 2315 μονογενὴς
1747 2257 1864 2310 θεὸς,
1896 2255 1919 2299 6

393 2328 447 2370 ὧν
469 2330 523 2377 εἷς
544 2327 612 2370 τόν
634 2324 780 2369 κολπὸν
802 2331 872 2368 τοῦ
895 2327 1062 2382 πατρὸς,
1095 2330 1241 2377 ἐκεῖνος
1261 2327 1481 2384 ἐξηγήσατο.
1536 2330 1615 2370 Καί
1637 2341 1754 2381 φησι,
1782 2324 1827 2368 ‘O
1849 2342 1917 2379 μο-

391 2395 549 2451 νογενὴς
571 2395 683 2444 θεός·
715 2393 738 2436 6
761 2395 828 2447 μὲν
849 2394 921 2450 γάρ
943 2395 1057 2450 λόγος
1078 2397 1180 2438 ἐστὶν
1200 2398 1242 2438 ἐκ
1265 2395 1412 2452 πατρὸς
1432 2397 1648 2452 γεννηθεὶς,
1680 2393 1703 2438 o‘
1724 2393 1851 2450 πατὴρ
1876 2392 1918 2434 δὲ

393 2463 465 2506 οὐκ
497 2462 710 2520 ἐγεννήθη,
742 2461 806 2504 διὰ
835 2468 949 2505 τοῦτο
981 2463 1192 2519 μονογενὴς
1220 2463 1314 2514 υἱός.

508 2531 717 2588 Προῦλαβε
741 2529 813 2586 γοὶρ
835 2529 861 2584 ἦ
885 2537 976 2572 θεῖα
1000 2536 1159 2585 γνῶσις,
1190 2531 1434 2588 κηρύττουσα
1458 2533 1598 2586 ἑαυτῆς
1618 2531 1690 2586 τὴν
1715 2530 1915 2586 ἀλήθειαν,

392 2600 457 2641 διὰ
480 2599 550 2654 τήν
579 2599 700 2653 αὐτῆς
721 2598 961 2655 πρόγνωσιν,
993 2601 1046 2648 εἰς
1072 2597 1284 2651 ἀσφάλειαν
1306 2606 1382 2642 τῶν
1407 2598 1602 2655 ’ἡμετέρων
1624 2605 1785 2654 ψυχῶν,
1816 2601 1917 2642 ἐπει-

393 2668 514 2723 δήπερ
540 2667 624 2726 ᾕδει
648 2673 718 2710 τοῦ
739 2668 1000 2721 Σαμοσατέως
1022 2665 1095 2720 τήν
1119 2666 1268 2719 ἄνοιαν,
1301 2670 1367 2710 καὶ
1387 2673 1464 2711 τῶν
1483 2667 1692 2724 Ἀρειανῶν
1710 2667 1783 2722 τὴν
1800 2685 1915 2710 κακο-

394 2739 548 2788 δοξίαν,
578 2738 646 2779 καὶ
672 2741 749 2778 τῶν
774 2735 984 2790 Ἀνομοίων
1008 2733 1079 2788 τὴν
1108 2739 1366 2791 κακουργίαν,
1395 2738 1463 2778 καὶ
1485 2741 1562 2778 τῶν
1584 2739 1818 2790 Μανιχαίων
1844 2734 1918 2790 τὴν

393 2809 559 2855 πτῶσιν,
589 2805 657 2846 καὶ
679 2809 827 2846 λοιπῶν
849 2805 1032 2860 αἱρέσεων
1052 2802 1122 2856 τήν
1141 2806 1441 2857 κακομηχανίαν.
1501 2804 1582 2845 Καὶ
1605 2803 1670 2845 διὰ
1689 2808 1805 2846 τοῦτο
1828 2804 1916 2860 περὶ

394 2871 556 2925 ἑκάστης
577 2874 710 2922 λέξεως
731 2871 975 2925 ἄσφαλίζεται
997 2869 1097 2925 ἡμᾶς
1121 2869 1144 2913 6
1164 2877 1277 2920 θεῖος
1296 2871 1417 2927 λόγος.
1482 2870 1560 2913 Τὸν
1581 2871 1651 2924 μὲν
1673 2870 1746 2927 γάρ
1769 2873 1916 2929 πατέρα

438 2976 468 3006 ’2.
492 2975 551 3009 τοῦ
574 2987 633 3009 non
651 2978 739 3009 habet
763 2979 810 3009 ed.
833 2978 941 3010 Pelav.
1218 2972 1249 3007 4.
1275 2977 1321 3008 Ιια
1349 2979 1473 3016 uterque
1501 2977 1576 3007 liber
1603 2985 1659 3008 ms.
1706 2978 1742 3008 Ιη
1763 2977 1852 3009 editis
1873 2979 1916 3009 est

438 3021 468 3054 3.
494 3019 692 3064 ἐκτισμένων
716 3024 783 3055 cod.
803 3032 860 3055 ms.
881 3026 1015 3063 uterque.
1175 3017 1267 3063 ἡμῖν.
