2066 3319
180 645 248 675 pag.
270 636 330 664 515.

165 1853 254 1898 Κεφ.
273 1851 314 1888 δ’.

186 2957 253 2986 pag.
273 2949 331 2978 516.

350 203 431 242 212
911 204 1072 238 SANCTI
1094 204 1319 238 EPIPHANII

353 303 483 340 ματος.
547 281 606 324 Οῦ
627 281 700 338 γαρ
727 280 751 324 ὅ
770 280 859 331 υἱός
881 280 1020 323 ἕαυτὸν
1042 283 1261 338 ἐγέννησεν,
1292 279 1384 323 οῦδὲ
1409 279 1433 323 ὅ
1453 280 1579 337 πατὴρ
1605 282 1881 335 μεταβέβληται

352 352 430 395 οἷπό
455 355 525 394 τοῦ
550 349 699 405 πατὴρ,
729 355 799 392 τοῦ
825 348 925 391 εἶναι
951 349 1058 401 υἱός,
1090 348 1181 392 οῦδὲ
1210 348 1253 391 τὸ
1281 348 1393 404 ἅγιον
1422 354 1574 402 πνεῦμα
1597 348 1766 404 Χριστόν
1795 350 1882 390 ε”αυ-

348 419 418 462 τόν
441 418 601 461 πώποτε
625 415 846 471 ω’νόμασεν,
878 415 970 458 ἄλλα
993 422 1147 471 πνεῦμα
1174 421 1366 472 Χριστοῦ,
1395 418 1462 458 καὶ
1488 415 1552 459 διὰ
1579 420 1752 472 Χριστοῦ
1778 415 1881 458 διδό-

349 505 486 542 μενον,
518 485 596 529 ἆπὸ
621 485 769 541 πατρὸς
794 484 1124 541 ἐκπορευόμενον,
1154 486 1220 527 καὶ
1241 489 1311 526 τοῦ
1334 485 1424 526 υἱοῦ
1453 484 1662 538 λαμβάνον.
1720 482 1882 526 Ένυπό-

351 571 488 604 στατος
512 553 535 597 ὅ
559 553 707 609 πατὴρ,
740 553 1002 602 ἐνυπόστατος
1025 551 1047 595 ὁ
1069 551 1176 603 υἱός,
1218 550 1482 594 ε’νυπόστατον
1511 551 1552 594 τὸ
1579 552 1690 607 ἅγιον
1719 556 1881 605 πνεῦμα.

354 622 465 665 ’Λλλοὶ
487 621 534 665 οὗ
557 621 775 676 συναλοιφή
795 620 821 675 ἦ
843 620 973 677 τριὰς,
1005 619 1058 670 ὥς
1081 621 1290 674 Σαβέλλιος
1315 619 1508 674 ἐνόμισεν,
1539 618 1626 662 οὔτε
1646 619 1882 673 ἠλλοιωμένη

347 697 417 745 τῆς
437 692 538 740 ἰδίας
562 688 785 743 ἄϊδιότητος
805 691 870 732 καὶ
894 689 1030 743 δόξης,
1062 687 1115 738 ὥς
1140 687 1326 743 δ”Αρειος
1355 693 1594 741 κενοφωνῶν
1617 687 1880 743 ἐδογμάτισεν,

349 758 425 801 ἀλλ’
450 757 509 801 ἆεὶ
533 759 602 812 μὲν
622 753 672 812 ἧν
694 757 803 813 τριοὶς
829 756 957 813 τριιὶς,
989 758 1055 799 καὶ
1077 755 1265 798 οὐδέποτε
1286 754 1312 810 ἡ
1337 755 1448 811 τριοὶς
1473 755 1708 810 προςθήκην
1734 753 1882 809 λαμβά-

348 844 424 878 νει,
457 830 525 881 μία
547 821 646 869 οῦσα
669 826 832 880 θεότης,
864 829 932 879 μία
952 824 1156 881 κυριότης,
1187 827 1256 878 μία
1279 827 1482 879 δοξολογία
1503 818 1626 874 οὖσα,
1658 821 1751 864 ἄλλα
1774 821 1883 878 τριὰς

349 894 646 951 ἀριθμουμένη,
677 893 826 949 πατὴρ,
856 894 923 935 καὶ
942 892 1050 945 υἱὸς,
1081 894 1147 934 καὶ
1170 892 1282 948 ἅγιον
1309 897 1484 945 πνεῦμα,
1518 889 1588 944 οὐχ
1612 889 1664 940 ὥς
1687 892 1727 932 ἕν
1748 908 1784 932 τι
1803 908 1880 946 τρι-

350 965 412 1006 σὶν
447 961 610 1017 ὀνόμασι
640 963 894 1016 κεκλημένον,
926 960 1019 1003 ἀλλὰ
1043 959 1202 1014 ἀληθῶς
1225 962 1345 1002 τέλεια
1376 959 1423 1001 τὰ
1449 958 1640 1012 ὄνόματα,
1677 959 1813 1000 τέλειαι
1841 959 1886 1000 αἱ

350 1029 604 1083 ὑποστάσεις,
636 1029 753 1073 οὐδὲν
772 1030 1100 1085 παρηλλαγμένον.
1163 1027 1301 1084 Πατὴρ
1325 1028 1367 1069 δὲ
1390 1026 1449 1069 ἀεὶ
1472 1027 1598 1082 πατὴρ
1611 1061 1621 1078 ,
1652 1028 1719 1069 καὶ
1740 1025 1813 1068 οῦκ
1833 1020 1882 1080 ἦν

348 1098 487 1154 καιρὸς
508 1098 572 1142 ὅτε
596 1097 669 1141 οὐκ
693 1093 744 1152 ἧν
766 1096 788 1140 ὁ
815 1096 941 1152 πατὴρ
966 1096 1108 1152 πατὴρ,
1139 1097 1278 1145 τέλειος
1302 1094 1356 1137 ὦν
1378 1093 1437 1137 dez
1458 1095 1586 1151 πατὴρ
1608 1093 1880 1146 ἐνυπόστατος,

348 1169 416 1210 καὶ
436 1165 523 1216 υἱός
548 1165 609 1208 οἷεὶ
630 1168 771 1215 τέλειος
792 1164 846 1207 ὢν
869 1164 926 1207 ἅεὶ
952 1164 1232 1216 ε’νυπόστατος,
1264 1165 1306 1206 ἐκ
1330 1162 1477 1218 πατρὸς
1503 1165 1544 1205 έν
1570 1161 1734 1220 ἀληθείᾳ
1756 1179 1878 1219 γεγεν-

347 1237 514 1289 νημένος
545 1233 722 1288 ἆνάρχως
753 1235 821 1276 καὶ
852 1231 1027 1288 ιῖχρόνως
1054 1234 1118 1274 καὶ
1145 1230 1449 1287 ἅνεκδιηγήτως,
1481 1229 1529 1273 οὖ
1559 1230 1800 1284 συνάδελφος
1827 1235 1880 1288 τῷ

348 1304 481 1358 πατρὶ,
514 1301 586 1344 οῦκ
611 1301 826 1357 ἀρξάμενος
845 1306 915 1342 τοῦ
939 1298 1053 1351 εἶναι,
1085 1299 1175 1342 οὐδὲ
1195 1299 1384 1341 διαλιπών
1404 1316 1511 1351 ποτε,
1542 1298 1602 1341 αἐὶ
1623 1299 1665 1341 δὲ
1681 1298 1768 1348 υἱός
1790 1297 1879 1355 γνή·

349 1372 437 1419 σιος
459 1372 579 1424 πατρὶ
604 1368 881 1423 συνυπάρχων,
919 1370 961 1410 ἐκ
990 1366 1137 1423 πατρὸς
1164 1366 1337 1422 ἅχρόνως
1359 1369 1652 1423 γεγεννημένος,
1690 1369 1782 1417 ἴσως
1812 1365 1879 1418 ὧν,

349 1437 447 1487 θεός
470 1440 512 1480 ἐκ
534 1441 654 1488 θεοῦ,
686 1442 773 1489 φῶς
798 1438 838 1479 ἐκ
863 1434 1014 1489 φωτός,
1043 1434 1141 1484 θεός
1163 1433 1350 1488 ἆληθινὸς
1370 1437 1412 1477 ἐκ
1432 1440 1534 1477 θεοῦ
1559 1433 1768 1489 ἀληθινοῦ·
1798 1451 1880 1490 γεν-

348 1507 507 1560 νηθεὶς,
546 1503 595 1548 οῦ
629 1506 825 1556 κτισθεὶς,
866 1503 959 1546 ἄλλα
994 1502 1066 1546 οῦκ
1103 1502 1221 1552 αὐτὸς
1251 1502 1400 1559 πατὴρ,
1439 1502 1531 1546 οῦδὲ
1558 1501 1580 1545 ὁ
1609 1501 1735 1559 πατὴρ
1764 1501 1882 1552 αὐτός

345 1573 452 1624 υἱός·
485 1575 520 1616 εἰ
547 1573 589 1615 δὲ
618 1571 715 1622 θεὸς
741 1571 891 1628 πατὴρ,
923 1573 990 1614 καὶ
1020 1570 1106 1621 υἱός
1135 1572 1201 1614 καὶ
1231 1570 1343 1627 ἅγιον
1372 1576 1537 1625 πνεῦμα.

458 1844 546 1888 Ἀεὶ
580 1845 652 1901 γαρ
684 1844 727 1888 τὸ
755 1849 907 1897 πνεῦμα
930 1843 1002 1886 σῦν
1030 1846 1147 1900 πατρὶ
1175 1846 1242 1886 καὶ
1272 1845 1346 1902 υἱῷ
1356 1877 1366 1895 ,
1406 1842 1454 1886 οὗ
1478 1842 1721 1896 συνάδελφον
1745 1844 1877 1899 πατρὶ,

350 1913 397 1957 οῦ
421 1913 623 1970 γεννητόν,
656 1911 704 1955 οὔ
724 1911 900 1964 κτιστὸν,
932 1911 1003 1954 οῦκ
1025 1911 1196 1965 α’δελφόν
1217 1914 1327 1964 υἱοῦ,
1360 1909 1432 1954 οὐκ
1455 1913 1616 1967 ἔγγονον
1638 1910 1804 1967 πατρὸς,
1835 1913 1877 1954 ἐκ

347 1980 495 2037 πατρός
532 1981 573 2022 δὲ
614 1980 945 2036 ἐκπορευόμενον,
985 1982 1052 2023 καὶ
1082 1985 1153 2023 τοῦ
1184 1982 1276 2022 υἱοῦ
1309 1978 1530 2033 λαμβάνον,
1571 1978 1644 2022 οῦκ
1679 1978 1878 2035 ἀλλότριον

348 2048 496 2105 πατρὸς
519 2050 586 2091 καὶ
611 2050 722 2100 υἱοῦ,
754 2047 846 2090 ἄλλά
872 2051 914 2091 ἐκ
944 2053 1013 2102 τῆς
1036 2047 1157 2103 αὐτῆς
1183 2046 1338 2100 οὐσίας,
1371 2049 1414 2090 ἐκ
1435 2052 1504 2102 τῆς
1526 2046 1646 2102 αὐτῆς
1675 2046 1876 2101 θεότητος,

348 2119 391 2160 ἐκ
418 2115 566 2173 πατρὸς
596 2117 663 2158 καὶ
697 2118 808 2168 υἱοῦ,
851 2116 923 2159 σῦν
946 2118 1064 2173 πατρὶ
1099 2119 1166 2159 καὶ
1204 2119 1298 2175 υἱῷ,
1339 2115 1602 2158 ε’νυπόστατον
1634 2114 1693 2158 ἀεὶ
1727 2120 1878 2170 πνεῦμα

348 2184 483 2241 ἅγιον,
514 2189 669 2238 πνεῦμα
689 2190 822 2235 θεῖον,
861 2190 1012 2239 πνεῦμα
1037 2184 1174 2239 δόξης,
1212 2190 1365 2238 πνεῦμα
1389 2189 1585 2240 Χριστοῦ,
1622 2189 1775 2238 πνεῦμα
1803 2201 1875 2226 πα-

347 2252 449 2307 τρός.
504 2252 555 2294 Td
580 2252 653 2308 γαρ
674 2258 830 2306 πνεῦμα
846 2258 916 2295 τοῦ
939 2252 1086 2309 πατρὸς
1108 2253 1150 2295 τό
1172 2258 1314 2296 λαλοῦν
1334 2255 1376 2296 ἐν
1396 2250 1505 2306 ὑμῖν·
1536 2253 1615 2304 καὶ,
1653 2251 1704 2295 Τὸ
1725 2250 1878 2307 πνεῦμά

349 2338 426 2375 μου
462 2322 671 2374 ἐφέστηκεν
694 2322 734 2363 ἐν
757 2321 859 2378 μέσῳ
888 2319 1018 2374 ὑμῶν,
1049 2324 1178 2377 τρίτον
1201 2327 1249 2380 τῇ
1272 2319 1483 2378 ὀνομασίᾳ,
1514 2322 1601 2362 ἰ’σον
1627 2325 1675 2379 τῇ
1708 2319 1876 2374 θεότητι,

350 2388 424 2431 οὐκ
444 2387 703 2443 ἠλλοιωμένον
723 2387 830 2443 παρα
853 2390 999 2444 πατέρα
1018 2391 1084 2432 καὶ
1105 2389 1194 2432 υἱὸν
1215 2388 1425 2443 σύνδεσμος
1443 2387 1613 2443 τριάδος,
1645 2390 1878 2446 ἐπισφραγὶς

348 2460 416 2511 τῆς
447 2455 663 2513 ὁμολογίας.
721 2454 765 2498 Ὁ
791 2455 862 2512 γάρ
897 2456 984 2506 υἱός
1006 2472 1144 2510 φησιν,
1172 2456 1271 2513 Ἐγώ
1296 2457 1364 2499 καὶ
1385 2454 1408 2499 ὁ
1428 2455 1554 2511 πατὴρ
1587 2457 1627 2498 ἕν
1649 2458 1781 2511 ε’σμεν,
1810 2458 1877 2499 καὶ

349 2523 423 2567 οὐκ
448 2523 574 2577 εἶπεν,
606 2523 682 2574 Εἷς
704 2526 802 2578 εἰμι,
835 2523 926 2566 ἄλλα
949 2524 1014 2576 τὸ,
1043 2523 1140 2580 Ἐγώ
1161 2527 1228 2567 καὶ
1251 2524 1274 2567 ὁ
1293 2524 1440 2580 πατὴρ,
1470 2527 1646 2578 σημαίνει
1667 2523 1876 2568 ἕνυπόστα-

349 2610 416 2634 τον
443 2591 510 2635 τὸν
533 2594 701 2649 πατέρα,
738 2594 805 2635 καὶ
837 2592 1101 2635 ε’νυπόστατον
1126 2592 1194 2635 τόν
1221 2592 1321 2635 υἱόν.
1381 2594 1463 2635 Καὶ
1495 2595 1547 2636 Οἱ
1575 2592 1647 2636 δύο
1676 2591 1779 2644 εἷπε,
1808 2593 1875 2635 καὶ

351 2658 424 2702 οὐκ
458 2658 563 2702 εἶπεν
593 2659 637 2702 Ὁ
670 2659 735 2711 εἷς.
797 2662 876 2702 Καὶ
900 2660 1036 2713 πάλιν,
1068 2660 1142 2702 ’Ἐν
1176 2663 1309 2715 ἐσμεν,
1339 2663 1407 2703 καὶ
1431 2661 1505 2704 οὐκ
1527 2659 1651 2713 εἶπεν,
1682 2658 1758 2710 Εἷς
1787 2662 1874 2715 εἰμι.

347 2725 544 2778 Ώςαύτως
566 2730 620 2781 δὲ,
650 2727 904 2778 Ἀπελθόντες
925 2732 1136 2783 βαπτίσατε
1158 2731 1212 2778 εἰς
1233 2728 1275 2771 τὸ
1296 2728 1419 2782 ὄνομα
1439 2735 1510 2772 τοῦ
1531 2727 1690 2783 πατρὸς,
1720 2729 1787 2770 καὶ
1807 2732 1877 2771 τοῦ

348 2797 459 2847 υἱοῦ,
489 2798 555 2838 καὶ
588 2800 658 2839 τοῦ
689 2797 805 2853 ἅγιου
830 2795 1058 2851 πνεύματος.
1118 2798 1267 2838 Μέσων
1297 2797 1339 2839 δὲ
1367 2799 1582 2851 τιθεμένων
1604 2800 1682 2838 τῶν
1711 2795 1875 2852 ὄρθρων

347 2868 416 2917 τῆς
437 2867 628 2918 συλλαβῆς
648 2870 731 2917 τοῦ,
762 2870 845 2917 τοῦ,
877 2866 943 2908 καὶ
963 2869 1047 2917 τοῦ,
1076 2865 1143 2907 καὶ
1164 2866 1299 2920 ἐλέγχει
1320 2864 1390 2907 τὸν
1409 2866 1622 2918 Σαβέλλιον
1642 2869 1873 2917 Ματθαῖος,

351 2929 421 2984 τὴν
445 2932 685 2986 συναλοιφὴν
706 2934 1028 2989 παρειςφέροντα.
1071 2930 1219 2987 1Ὁμοῦ
1240 2932 1313 2988 yolo
1335 2934 1402 2975 καὶ
1421 2935 1597 2988 σημαίνει
1618 2929 1778 2986 ἀληθῶς
1800 2949 1871 2976 πα·

396 3024 473 3056 CAP.
493 3024 549 3056 IV.
573 3043 613 3049 -
663 3024 692 3058 1.
716 3027 869 3067 Rescripsi
889 3023 997 3069 Ὁμοῦ
1021 3036 1090 3059 cum
1109 3027 1257 3067 Peiavio,
1277 3036 1336 3067 pro
1352 3022 1484 3069 ΓὈτῑου,
1509 3027 1592 3067 quod
1614 3026 1684 3059 libri
1702 3027 1838 3059 retinent.
