2030 3324
474 208 653 240 PANARu
679 208 760 240 ΜΒ.
784 210 823 240 n.
845 209 952 241 ToM.
974 210 1014 242 u.
1039 209 1315 241 HAER.LX1X.
1585 200 1666 241 687

124 297 193 328 tem
212 291 263 327 ad
286 290 479 326 dea-teram
503 302 639 334 meam,
677 290 735 326 vel
755 291 805 327 ad
824 292 1015 327 sinistram
1040 304 1112 328 non
1136 297 1192 327 es!
1217 303 1332 327 meum
1357 291 1462 332 dare,
1495 291 1562 327 sed
1586 292 1667 340 qui-

123 358 190 395 bus
217 363 394 408 paratum
423 363 481 394 est
504 369 526 393 (ι
559 363 671 406 palre
695 371 786 394 meo.
853 355 973 396 Vides
1009 356 1145 409 igitur,
1188 357 1390 410 inquiunt,
1425 357 1528 396 omni
1561 358 1666 397 illum

123 430 314 478 potestate
337 436 474 463 carere
500 423 585 462 siue
610 431 740 478 patre,
786 438 905 478 penes
939 438 1050 477 quem
1086 430 1148 463 est
1170 423 1229 463 cui
1258 424 1350 464 velit
1381 425 1581 464 deferendi
1617 427 1667 464 fa-

123 492 262 532 cultas.
327 488 426 543 Quis
449 491 508 530 sui
541 506 699 545 compos
727 506 770 532 ac
800 492 968 546 prudens
993 492 1088 530 haec
1115 493 1161 530 de
1183 489 1342 531 Christo
1372 493 1545 545 cogitare
1579 507 1666 547 pos·

121 559 200 599 sit?
243 557 346 599 Nam
373 559 405 598 si
429 559 532 599 fitius
556 566 748 613 potestate
781 565 911 607 caret,
947 559 1031 612 quis
1054 572 1138 598 eam
1165 559 1316 598 tandem
1343 559 1556 599 obtinebit?
1598 557 1794 626 1¹‘1·¹{-}³'¹2¹{2

122 634 179 665 ter
202 630 311 673 enim,
346 626 492 680 inquit,
528 629 692 678 ve'mfical
711 635 896 673 mot-letos.
932 634 968 665 el
991 630 1043 664 ila
1065 629 1166 664 (ledit
1195 634 1230 665 el
1249 628 1363 677 fillo,
1400 635 1441 665 ut
1461 643 1565 679 quem
1592 631 1671 667 rull

119 696 304 745 ve'vgficet:
351 701 412 744 et,
449 697 551 744 Quae
577 698 701 746 pall-is
731 703 839 741 smel,
887 708 964 733 mea
995 702 1105 733 smel.-
1156 702 1217 742 et,
1253 698 1382 733 Omnia
1416 699 1555 734 tradita
1584 704 1672 735 smel
1691 692 1814 754 Ῑῗῧ“”ἰ·5

120 764 215 800 milei
239 776 262 801 a
287 771 399 814 γαίη·
421 777 511 801 meo.
560 760 659 815 Quis
685 763 730 802 de
752 776 798 801 eo
822 761 998 802 dubitare
1025 762 1188 816 amplius
1214 764 1368 816 potest?
1401 762 1665 816 Quamobrem
1687 760 1809 825 Rffsjssi'

120 829 193 869 hoc
218 830 372 871 divinus
402 829 523 884 ipsius
560 844 604 870 ac
628 830 784 885 sapiens
816 843 946 869 sermo
978 830 1247 870 demonstrare
1274 830 1417 881 voluit,
1454 832 1555 871 nulla
1583 845 1669 886 per-

120 911 305 938 sonarum
332 899 585 952 acceptione,
621 899 687 938 sed
716 911 767 937 ex
792 898 979 951 cuiusque
1012 898 1152 937 merito
1187 912 1267 938 rem
1302 913 1454 939 omnem
1487 900 1665 954 transigi.

121 963 283 1006 Domini
318 967 420 1006 enim
458 973 517 1006 est
550 967 756 1015 conferre3
801 967 952 1005 confert
979 972 1107 1006 autem
1144 966 1349 1019 unicuique
1384 982 1451 1022 pro
1480 967 1669 1022 dignitate

121 1034 366 1074 meritorum.
430 1032 707 1087 Unusquisque
743 1033 843 1072 enim
870 1032 932 1086 qui
958 1034 1058 1087 quod
1090 1033 1231 1073 iustum
1267 1041 1325 1073 est
1349 1036 1564 1088 praestitit,
1601 1050 1668 1090 pro

120 1102 266 1143 laboris
289 1102 350 1143 sui
377 1102 528 1142 ratione
552 1101 771 1140 mercedem
798 1101 960 1154 accipit,
995 1114 1066 1140 nec
1090 1101 1201 1140 alteri
1224 1101 1396 1141 tribuere
1420 1102 1526 1152 licet,
1559 1118 1670 1157 prae-

121 1176 296 1224 terquam
333 1170 368 1209 ei
402 1169 465 1223 qui
501 1183 543 1209 se
579 1169 734 1222 dignum
768 1167 994 1209 reddiderit.
1060 1167 1196 1208 Dicam
1233 1169 1334 1209 enim
1369 1171 1577 1220 audacter,
1623 1186 1669 1212 ne

120 1237 242 1292 ipsius
268 1237 419 1291 quidem
441 1251 551 1288 esse,
598 1236 671 1276 nisi
706 1236 778 1276 hoc
801 1237 938 1286 modo,
985 1236 1102 1286 dare,
1147 1251 1377 1291 quamquam
1411 1238 1482 1279 hoc
1515 1240 1553 1280 in
1587 1240 1670 1280 eius

121 1312 313 1360 potestate
339 1305 455 1345 situm
473 1312 556 1355 est,
591 1305 658 1345 sed
682 1305 782 1358 quod
812 1319 1054 1358 nequaquam
1080 1305 1115 1344 id
1143 1305 1260 1355 velit3
1308 1306 1385 1345 imo
1414 1321 1484 1347 uec
1509 1307 1668 1361 spiritus

121 1387 209 1414 esse
233 1373 382 1422 sancti,
417 1373 592 1426 quamvis
617 1380 655 1412 et
690 1373 771 1427 ipse
805 1372 976 1413 tribucre
1005 1373 1151 1427 possit,
1195 1380 1236 1413 ut
1268 1387 1319 1414 ex
1349 1374 1420 1414 hoc
1454 1375 1671 1430 scripturae

119 1441 206 1481 loco
234 1442 482 1481 manifestum
506 1448 589 1491 est,
623 1444 721 1480 Huic
743 1444 887 1493 quidem
914 1444 1028 1480 datm·
1047 1444 1230 1492 sape‘enlc'a
1256 1456 1328 1493 pet·
1357 1446 1545 1494 spirillum,
1581 1447 1668 1485 kuic
1688 1450 1875 1486 1.Cor.12,e.

118 1524 206 1548 vero
234 1523 378 1561 genera
411 1512 626 1561 linguarum
660 1513 697 1548 z'n
729 1512 852 1548 eodem
876 1513 1035 1561 spirim,
1081 1511 1198 1548 alleri
1228 1513 1488 1562 interpretatio
1518 1515 1668 1564 lingua-

119 1592 202 1616 rum
217 1608 226 1625 ‚
262 1580 349 1616 huie
382 1580 522 1625 ve‘t'lzcs,
569 1579 655 1616 huie
685 1580 880 1616 doctrina.-
926 1592 1022 1616 unas
1053 1586 1109 1616 est
1137 1586 1259 1617 autem
1291 1582 1471 1629 spae't‘e'lus,
1518 1585 1586 1633 qui
1613 1585 1670 1622 de·-

118 1648 212 1685 vidz't
242 1648 442 1697 uuicuique
457 1653 576 1697 prout
599 1648 689 1684 vult.
755 1644 847 1685 Non
877 1645 999 1695 dixit,
1033 1643 1157 1685 Prout
1184 1645 1364 1696 iubetur,
1400 1648 1484 1699 sed,
1521 1647 1669 1701 Quate-

121 1728 193 1754 nus
217 1714 313 1754 vult.
377 1713 437 1753 Ad
466 1713 582 1763 haee,
617 1716 738 1753 Fe'le‘us
764 1729 868 1766 quem
902 1716 980 1752 vall
1011 1716 1195 1766 vivificat,
1230 1722 1266 1752 el
1290 1722 1402 1766 paler
1433 1725 1539 1755 vocat
1563 1733 1667 1769 quem
1691 1716 1794 1745 ¹⁰³¹¹¹¹·

121 1784 202 1821 vult
231 1785 282 1821 acl
299 1783 444 1834 filium.
508 1779 722 1822 Praeterea
755 1795 881 1836 neque
907 1789 1040 1835 pater,
1085 1789 1150 1822 aut
1184 1782 1308 1833 filius,
1353 1797 1478 1837 neque
1511 1786 1670 1839 spiritus
1691 1752 1795 1812 ¹33³}ss·

119 1857 280 1890 sanctus
308 1863 562 1904 personarum
592 1850 630 1890 in
656 1851 833 1890 vocando
859 1850 1038 1890 dandove
1062 1864 1107 1890 ac
1134 1850 1358 1904 largiendo,
1394 1851 1457 1891 vel
1485 1853 1671 1908 cuiusque
1706 1821 1733 1852 θ’
1752 1821 1795 1847 ⁴⁴⁴

122 1918 272 1958 meritis
306 1917 605 1973 compensandis
642 1918 832 1958 rationem
869 1918 1005 1969 habet,
1049 1919 1117 1959 sed
1155 1918 1227 1959 hoc
1264 1919 1423 1959 omnino
1453 1929 1668 1975 spectatur,

120 1987 441 2040 quemadmodum
471 2000 513 2027 se
543 1985 705 2040 quisque
736 1986 917 2027 idoneum
947 1987 1182 2041 dignumque
1213 1995 1427 2042 comparet.
1492 1988 1673 2044 Denique

120 2054 182 2094 hic
211 2068 352 2095 sensus
380 2061 462 2104 est,
495 2053 589 2095 Non
621 2061 681 2094 est
712 2068 838 2094 meum
863 2056 977 2105 dare,
1012 2056 1080 2096 sed
1103 2056 1136 2096 si
1162 2055 1462 2108 laboraveritis,
1496 2066 1671 2111 paratum

121 2123 196 2163 erit
227 2123 338 2163 vobis
371 2137 392 2163 a
425 2129 533 2177 patre
565 2136 676 2173 meo3
722 2137 913 2163 summum
947 2130 1076 2164 antem
1108 2138 1153 2164 ac
1186 2126 1401 2179 perfectum
1433 2132 1514 2176 est,
1555 2141 1671 2178 quon-

120 2194 193 2231 iam
226 2206 295 2243 ego
325 2205 405 2229 sum
437 2194 526 2230 vita.
592 2189 709 2230 Nunc
744 2192 789 2231 ad
823 2191 896 2231 alia
929 2192 1242 2246 progrediamur.

237 2257 440 2300 Obiiciuut
465 2258 581 2299 illud:
628 2256 797 2311 Quinam
827 2259 931 2299 illum
966 2273 1017 2300 ex
1052 2261 1226 2315 perfecta
1254 2260 1456 2301 divinitate
1488 2261 1548 2301 dei
1579 2276 1667 2316 pro-
1682 2263 1761 2307 Cap.
1784 2265 1876 2299 LIX.

123 2327 240 2368 diisse
266 2326 418 2367 dicitis?
478 2326 584 2367 Ecce
612 2327 712 2367 enim
747 2328 945 2382 apostolus
969 2328 1025 2368 sio
1052 2329 1098 2368 de
1122 2329 1188 2369 illo
1210 2328 1368 2369 scribit:
1417 2333 1519 2369 Deus
1548 2334 1668 2370 susci·
1688 2308 1875 2371 goiitiss?

123 2398 217 2434 tavit
246 2397 350 2434 illum
381 2409 404 2434 α
435 2399 604 2434 mortuis.
671 2394 736 2435 Ex
770 2410 845 2449 quo
883 2403 987 2450 patet
1021 2397 1081 2437 dei
1116 2397 1221 2437 illum
1264 2396 1435 2448 auxilio,
1481 2398 1544 2452 qui
1576 2412 1618 2439 se
1650 2413 1670 2439 a
1712 2378 1752 2410 ω’
1774 2378 1815 2405 ιι

123 2463 287 2503 mortuis
319 2463 514 2503 excitaret
547 2477 643 2518 opus
668 2463 866 2504 habuisse.
929 2462 1178 2519 proindeque
1216 2465 1313 2505 alius
1346 2472 1406 2505 est
1438 2465 1501 2519 qui
1534 2474 1670 2522 suapte

121 2529 228 2570 illum
253 2530 290 2570 vi
319 2530 497 2581 suscitat,
531 2531 630 2572 alius
653 2538 692 2571 et
716 2532 852 2572 eodem
878 2531 1059 2583 inferior,
1093 2533 1155 2586 qui
1179 2533 1444 2587 praepotentis
1465 2532 1567 2574 illius
1593 2534 1671 2575 vir-

122 2605 203 2638 tute
228 2598 455 2638 suscitatur.
510 2596 612 2651 Quid
636 2599 798 2654 amplius
823 2600 1032 2654 perfrictae
1060 2601 1198 2641 frontis
1225 2600 1421 2640 hominum
1447 2602 1671 2644 refellendis

123 2666 236 2720 nugis
269 2680 311 2706 ac
344 2666 506 2707 somniis
540 2667 818 2707 immoramur?
877 2665 977 2720 Quis
999 2667 1198 2709 Lazarum
1227 2668 1417 2708 excitavit
1443 2669 1487 2708 ad
1521 2669 1667 2712 vitam?
1687 2669 1787 2699 ¹⁰³¹¹¹¹·
1808 2672 1849 2701 ¹¹·

1686 2705 1757 2732 Luc.
1774 2708 1800 2733 ⁷.

123 2731 223 2787 Quis
251 2734 392 2774 viduae
421 2734 456 2774 in
484 2735 622 2789 oppido
645 2733 763 2775 Naim
790 2735 905 2775 filium
931 2736 1035 2776 vitae
1060 2736 1256 2777 restituit?
1317 2734 1417 2788 Quis
1442 2751 1667 2793 synagogae
1689 2739 1842 2803 {ffifflhss-

122 2801 308 2857 principis
332 2802 431 2842 tiliae
459 2802 580 2852 dixit,
617 2806 727 2841 Cumz'
753 2805 908 2850 talitha,
944 2803 1016 2844 hoc
1037 2811 1122 2854 est,
1158 2807 1284 2855 Surge
1302 2806 1408 2856 filla.
1474 2803 1573 2858 Quis
1605 2807 1663 2847 in·
1683 2809 1812 2871 {fg-‘11⁸3
1832 2844 1865 2873 ⁴1

125 2877 267 2911 vocato
292 2869 338 2911 ab
364 2870 551 2925 apostolis
575 2869 731 2910 nomine
758 2871 898 2911 mortui
922 2878 1012 2912 sunt
1034 2872 1080 2912 ad
1106 2871 1223 2913 vitam
1247 2873 1446 2913 revocati?
1506 2874 1560 2915 At
1583 2875 1665 2927 isti,
1788 2865 1793 2871 ’
1815 2865 1823 2879 ’

169 2970 199 3004 3.
226 2969 336 3005 αὐτῶν
360 2973 449 3005 codd.
476 2982 548 3004 mss.
571 2976 706 3012 uterque.
933 2976 1037 3005 Euam
1064 2975 1233 3006 Carnarius
1268 2976 1357 3006 vertit
1394 2974 1526 3008 Dicunt.
1583 2976 1672 3020 φησὶ

171 3015 250 3049 ΟΑΡ.
273 3017 366 3050 Lix.
403 3036 446 3042 —-
497 3019 524 3050 l.
550 3016 644 3051 Φασὶ
667 3018 735 3050 cod.
755 3019 884 3059 Rhediy.
931 3019 997 3051 cod.
1016 3020 1077 3052 len.
1103 3020 1190 3063 (cum
1213 3018 1368 3062 rasura),
1392 3024 1419 3052 et
1441 3022 1525 3054 editi.
