2066 3319
471 209 651 241 PANARn
675 209 758 240 ΜΒ.
781 209 822 239 n.
847 209 954 241 Tou.
975 210 998 240 1.
1024 209 1154 240 HAER.
1175 208 1296 240 LXtv.
1580 198 1660 238 2⁵35

117 305 222 332 mors
249 297 334 341 est,
379 303 464 330 cum
499 289 696 344 plagarum
726 288 850 328 instar
882 288 926 327 ad
962 289 1201 329 coercendos
1233 302 1374 343 pueros
1407 294 1562 342 reperta
1595 287 1659 326 sit.

117 358 209 400 Non
249 366 494 414 peccatorum
524 358 608 396 dieo
641 363 828 406 mortem,
871 371 893 396 o
927 357 1204 412 sapientissimi
1235 357 1434 406 homines,
1477 356 1543 396 sed
1577 369 1662 395 eam

118 442 192 482 qna
215 427 367 468 animus
392 442 413 467 a
438 425 614 480 corporis
642 425 840 464 consortio
870 433 1087 479 separatur.
1151 423 1253 464 Nam
1287 439 1371 464 enm
1399 424 1496 464 liber
1528 438 1572 464 ac
1604 424 1663 463 sui

117 496 213 536 iuris
246 502 349 536 esset
375 495 488 534 homo
515 495 659 543 sactus,
695 500 732 533 et
755 493 799 532 ad
828 493 992 534 honesta
1023 493 1258 548 capessenda
1286 492 1345 532 sni
1373 492 1492 547 ipsius
1516 492 1664 532 arbitrii

118 564 349 618 consiliique
373 563 611 603 voluntatem
643 561 886 616 accepisset,
922 577 965 602 ae
991 562 1210 601 mandatum
1241 560 1341 600 istud
1367 561 1577 610 audiisset,
1612 564 1667 599 De

119 635 222 672 omni
247 635 350 684 legno
374 634 553 670 paradas-2·
573 634 790 677 comedetis,
825 633 870 669 cle
903 633 1006 681 ligno
1028 638 1149 668 autem
1172 632 1350 667 scientiae
1374 630 1463 668 boni
1488 638 1554 668 aut
1579 631 1671 668 mali

117 716 190 741 non
219 704 436 741 comedetis:
477 713 707 752 quacumque
729 707 850 738 aulem
876 701 934 737 (lle
959 701 1155 737 comedetis
1183 700 1228 736 (le
1257 700 1343 744 illo,
1386 705 1503 736 mos-te
1533 702 1665 736 morie-

118 773 230 818 mini,
267 783 334 823 per
367 782 456 809 sese
491 769 536 808 ad
565 769 844 808 comedendum
880 767 1059 806 inductus
1092 780 1136 806 ac
1165 766 1304 805 diaboli
1337 766 1568 816 ealliditate,
1605 766 1666 819 qui

120 840 166 879 ad
198 838 418 879 violandum
450 837 652 891 imperium
687 836 808 876 variis
836 835 960 875 modis
993 834 1201 885 incitabat,
1235 834 1342 875 velut
1376 834 1573 874 inescatus
1606 835 1666 874 dei

120 914 367 963 praeceptum
397 913 667 959 transgressus
694 913 776 955 est,
820 904 933 958 idque
961 903 1084 958 ipsum
1113 903 1283 943 scandali
1321 904 1444 942 instar
1473 910 1511 942 et
1541 903 1666 956 laquei

120 983 159 1016 et
180 975 410 1016 offensionis
438 974 582 1014 extitit.
645 972 793 1014 Malum
823 973 923 1012 enim
953 972 1047 1012 deus
1082 986 1159 1011 non
1191 972 1305 1022 l'ecit,
1341 986 1413 1011 nec
1446 971 1523 1011 ullo
1555 971 1668 1011 modo

120 1052 258 1085 auctor
287 1043 391 1084 illius
425 1051 499 1083 est.
564 1041 642 1083 Sed
673 1041 850 1096 quicquid
881 1040 1032 1081 arbitrii
1065 1041 1123 1080 sui
1157 1046 1350 1095 potestate
1375 1040 1590 1095 praeditum
1623 1040 1669 1080 ab

120 1127 167 1154 eo
205 1113 346 1153 factum
380 1119 463 1162 est,
507 1118 547 1151 ut
578 1125 691 1165 quam
726 1111 850 1164 legem
881 1108 1096 1149 iustissime
1130 1108 1425 1164 praescripserit
1458 1108 1670 1149 observare

121 1181 267 1236 possit,
301 1181 374 1220 nisi
405 1195 489 1220 eam
523 1179 767 1229 servaverit,
803 1178 944 1219 malum
970 1177 1199 1233 appellatur.
1263 1176 1338 1217 Est
1360 1185 1489 1217 autem
1517 1177 1668 1231 gravis-

121 1250 258 1290 simum
294 1249 366 1289 lioo
398 1249 577 1289 damnum
614 1247 814 1302 inprimis,
849 1247 908 1288 dei
938 1247 1118 1287 mandata
1147 1246 1371 1301 negligere,
1407 1260 1451 1286 ae
1479 1246 1666 1297 institiae,

123 1332 219 1373 quae
246 1318 427 1358 adiuncta
451 1317 620 1357 libertati
647 1324 728 1368 est,
762 1316 904 1357 limites
936 1314 1168 1371 praeterire.
1232 1313 1343 1356 Unde
1370 1322 1621 1370 posteaquam
1649 1330 1671 1356 a

123 1387 183 1427 dei
215 1387 410 1427 sententia
444 1386 628 1426 deficiens
659 1385 774 1425 homo
799 1384 1023 1439 inquinatus
1051 1391 1133 1434 est,
1168 1398 1213 1424 ae
1238 1384 1369 1423 delicti
1397 1384 1577 1425 sordibus
1603 1384 1670 1424 ob—

123 1456 280 1504 solevit,
317 1455 476 1509 vitiique
504 1453 805 1509 quamplurimas
827 1453 1026 1508 expressit
1049 1453 1087 1493 in
1112 1466 1200 1492 sese
1226 1453 1414 1502 maculas,
1450 1468 1543 1507 quas
1567 1454 1670 1508 prin-

125 1538 215 1578 ceps
238 1524 301 1564 ille
325 1531 364 1564 et
388 1524 535 1564 erroris
561 1537 701 1578 parens
723 1522 932 1572 indiderat,
967 1521 1028 1575 qui
1052 1523 1228 1569 laborem,
1264 1529 1305 1562 ut
1329 1522 1522 1576 scriptura
1546 1522 1669 1576 loqui-

127 1600 211 1643 tur,
245 1596 434 1645 concepit,
470 1599 511 1632 ut
535 1591 728 1631 hominem
763 1592 808 1630 ad
834 1590 1118 1645 improbitatem
1144 1597 1331 1644 perpetuo
1364 1591 1561 1630 fraudibus
1589 1591 1670 1630 suis

125 1661 279 1702 trahere
300 1675 345 1701 ac
365 1660 649 1701 circumvenire
674 1666 805 1714 queat,
837 1659 1081 1714 omnipotens
1107 1659 1202 1699 deus
1226 1667 1427 1699 aeternum
1452 1659 1557 1699 illum
1582 1659 1672 1699 dae—

126 1730 251 1770 monis
276 1730 474 1770 fraudibus
500 1729 640 1769 malum
669 1742 756 1768 esse
788 1729 929 1768 sactum
953 1727 1114 1778 videns,
1149 1734 1190 1767 ut
1219 1735 1253 1767 et
1284 1728 1474 1782 impostor
1497 1727 1670 1768 diabolus

127 1806 232 1849 erat,
267 1806 474 1854 propterea
495 1800 674 1850 pelliceas
697 1805 734 1836 ct
754 1800 840 1836 illas
867 1799 1012 1836 tunicas
1042 1796 1154 1847 fecit,
1189 1810 1264 1850 quo
1291 1796 1395 1836 illum
1421 1796 1527 1837 velut
1548 1803 1671 1836 morte

128 1868 291 1921 quadam
325 1868 528 1917 indueret,
571 1873 611 1906 ut
644 1880 689 1906 ea
722 1866 897 1921 corporis
931 1864 1188 1905 dissolutione
1222 1864 1400 1919 quiequid
1434 1866 1472 1905 in
1505 1878 1553 1905 eo
1585 1865 1673 1905 mali

127 1937 355 1991 productum
388 1938 513 1976 fuerat
543 1934 882 1975 intermoreretur.

241 2003 337 2045 lllud
369 2019 465 2045 vero
500 2004 574 2044 iam
614 2012 727 2044 antea
762 2004 994 2059 disputatum
1028 2009 1085 2043 est
1122 2009 1456 2057 monstratumque
1489 2002 1672 2058 pelliceas

129 2074 278 2114 tunicas
314 2073 415 2114 aliud
451 2086 538 2113 esse
571 2080 728 2127 praeter
761 2087 941 2128 corpora.
1003 2070 1082 2113 Sed
1118 2072 1367 2112 nihilominus
1403 2072 1502 2112 idem
1536 2085 1673 2112 rursus

129 2142 347 2196 (dicendum
371 2142 471 2182 enim
496 2142 650 2197 saepius
674 2141 750 2196 est)
776 2141 847 2182 hoc
871 2142 957 2182 loeo
984 2148 1220 2196 repetamus.
1271 2139 1426 2181 Primus
1450 2140 1569 2194 igitur
1592 2141 1673 2196 ipse

128 2225 293 2266 parens,
326 2219 531 2267 antequam
555 2225 626 2250 eae
654 2210 809 2251 tunicae
836 2217 1145 2261 consuerentur,
1183 2223 1273 2251 ossa
1295 2223 1338 2250 se
1361 2217 1400 2250 et
1425 2224 1581 2250 carnem
1608 2209 1674 2249 ha-

128 2279 222 2320 bere
250 2281 480 2331 confitetur,
517 2294 602 2320 eum
627 2279 805 2320 nimirum
833 2280 1055 2334 perductam
1081 2280 1125 2320 ad
1158 2293 1247 2320 sese
1274 2279 1475 2319 mulierem
1500 2285 1673 2335 contem-

130 2349 278 2403 platus,
311 2353 391 2389 Hoc
411 2364 511 2389 nunc
534 2364 595 2397 os,
631 2347 776 2403 inquit,
810 2365 858 2388 ea·
884 2350 1027 2388 ossibus
1053 2352 1155 2403 mels,
1191 2357 1229 2387 et
1247 2363 1336 2387 caro
1364 2350 1408 2386 (Ie
1431 2362 1544 2386 carne
1568 2361 1670 2386 mea:

131 2420 221 2458 haec
242 2420 438 2458 vocabitur
465 2420 611 2465 mulier,
647 2421 819 2471 quoniam
843 2421 887 2457 de
908 2421 988 2457 viro
1008 2426 1154 2470 sumpta
1178 2425 1256 2456 est:
1294 2424 1450 2469 propter
1472 2418 1540 2455 hoe
1559 2418 1673 2456 relin-

130 2495 218 2540 quet
242 2490 348 2527 homo
367 2495 512 2540 patrem
536 2495 572 2526 et
593 2495 746 2526 matrem
769 2502 895 2535 suam,
930 2495 966 2526 el
988 2488 1207 2527 adhaerebit
1230 2489 1346 2525 ωιτη-ι’
1366 2500 1469 2533 suae,
1504 2493 1540 2524 et
1564 2494 1674 2526 erunt

131 2559 203 2596 duo
226 2560 264 2596 in
289 2571 437 2596 carnem
462 2571 585 2595 emant.
635 2554 775 2610 Neque
799 2555 900 2596 enim
926 2564 1055 2597 certos
1078 2556 1253 2596 homines
1277 2556 1379 2594 serre
1404 2568 1576 2609 possum,
1611 2554 1675 2609 qui

133 2625 309 2666 consulto
346 2633 541 2680 nouantur
577 2640 622 2666 ac
661 2624 877 2680 scripturas
919 2624 1251 2680 impudentissime
1295 2624 1551 2677 detorquent,
1598 2639 1673 2678 quo

133 2730 222 2761 tium.
256 2730 340 2761 Idem
353 2731 463 2761 titium
484 2731 549 2760 iam
568 2739 665 2768 supra
687 2731 827 2760 occurrit.
840 2748 882 2752 —
933 2739 974 2771 με
976 2727 1018 2762 τὰ
1040 2727 1076 2762 τὸ
1100 2727 1264 2764 ἐκπεσεῖν,
1290 2728 1435 2758 Leontius
1456 2728 1476 2757 l.
1489 2729 1508 2758 l.
1546 2729 1579 2759 V
1597 2737 1675 2768 quae

133 2771 169 2808 τὸ
196 2771 326 2808 ‹mom›
349 2770 436 2812 ὀλςω
462 2773 499 2807 ἐκ
522 2785 606 2807 ’του-.-
609 2773 646 2812 ὂς
666 2772 703 2807 τὸ
729 2772 882 2815 παράπαν
930 2775 1090 2806 annotant
1113 2777 1189 2813 1719.
1213 2774 1359 2804 Maiusl.
1381 2774 1400 2803 l.
1424 2782 1499 2813 pay.
1519 2774 1572 2804 50.

133 2823 282 2859 reperitur
301 2822 395 2852 etiam
414 2830 513 2860 supra
542 2831 610 2860 cap.
631 2820 685 2853 27.
735 2822 781 2861 Cf.
813 2831 882 2860 cap.
973 2823 1003 2852 ²².
1039 2817 1206 2862 <animone
1209 2830 1223 2850 ν
1257 2820 1345 2850 habet
1381 2819 1566 2858 Excerptum
1602 2819 1672 2850 Sir-

135 2866 207 2905 51„
235 2869 262 2897 et
286 2876 376 2906 capp.
399 2866 442 2899 δ’.)
466 2869 492 2898 et
515 2865 569 2899 37.
927 2867 1032 2897 monet.
1054 2876 1106 2904 ap.
1122 2865 1271 2895 Gunand.
1288 2865 1324 2894 Β.
1340 2865 1375 2896 Ρ.
1396 2867 1467 2895 tom.
1480 2865 1533 2896 111
1552 2875 1584 2904 p.
1598 2864 1672 2897 772.

330 2934 345 2941 .,
529 2937 535 2942 .
972 2912 1003 2943 3.
1040 2909 1098 2943 καὶ
1129 2908 1208 2943 ποῦ·-
1210 2921 1224 2942 a
1257 2910 1347 2941 addit
1380 2910 1455 2942 Exc.
1489 2911 1583 2942 Sirm.
1620 2920 1672 2950 ap.

184 2932 233 2965 12.
258 2944 406 2977 τηρησαι
429 2935 583 2966 Leonttus.
928 2958 1075 2989 Gallam

185 3000 261 3033 Cn.
282 3001 398 3034 XXX.
421 3020 465 3026 —
517 3002 542 3034 1.
567 3004 726 3043 Excerpsit
746 3005 882 3043 priorem
972 3002 1003 3033 4.
1028 3013 1088 3043 πρε
1075 3012 1110 3039 ..ς
1131 2999 1191 3042 τὴθ
1216 3012 1356 3043 (omnm
1379 3003 1467 3033 habet
1490 3003 1675 3041 Excerpeum

138 3047 228 3079 huius
262 3049 372 3087 capitis
404 3051 548 3088 partem,
584 3059 678 3088 usque
713 3050 756 3080 act
787 3051 882 3081 verba
927 3049 1080 3086 Anonymi
1101 3048 1317 3080 Sirnzondiani
1339 3057 1391 3088 ap.
1415 3049 1562 3080 Galland.
1587 3049 1606 3078 l.
1628 3049 1646 3078 l.

1686 569 1762 595 Gen.
1783 568 1808 601 2,
1831 569 1870 595 115.

1692 1529 1738 1557 ΡΞ.
1758 1530 1783 1564 7,
1805 1531 1844 1557 Η.

1733 1962 1810 2004 Cap.

1714 2008 1832 2040 XXX.

1691 2054 1855 2096 (XXIII.)

1692 2356 1769 2384 Gen.
1789 2355 1815 2391 2,
1834 2355 1877 2384 23.
