2030 3324
392 218 574 250 PANAau
600 218 682 250 Lm.
704 219 743 249 u.
771 219 878 251 ΤοΜ.
900 220 938 250 u.
965 219 1242 251 HAER.Lx1x.
1518 210 1600 250 589

47 302 120 342 bac
152 299 305 340 ratione
337 296 495 338 stabiliti
527 296 632 351 impii
665 297 856 347 dogmatis
892 299 1098 338 factionem
1133 298 1455 338 corroborarunt.
1521 295 1598 338 Sed

50 369 146 409 haec
190 366 318 407 onmia
361 365 397 404 in
441 364 620 418 proxima
666 366 857 405 adversus
899 367 1035 406 Arium
1080 367 1339 419 disputatione
1383 365 1603 406 accuratius

49 443 163 478 erunt
195 434 450 489 explicanda,
497 433 543 472 ad
577 447 688 486 quam
724 435 919 487 praesenti
953 434 1180 474 narratione
1214 434 1419 488 praeterita
1453 448 1603 473 sermo·

50 518 136 545 nem
170 504 393 551 conferam,
429 501 631 555 implorata
667 502 771 556 prius
803 516 875 555 ope
911 502 971 541 dei
1004 517 1117 555 quam
1150 516 1235 541 cum
1264 501 1437 541 horribili
1464 503 1528 541 illo
1559 517 1603 542 ac

50 570 270 625 multicipiti
305 576 490 624 serpente
521 568 558 608 iu
594 577 792 609 certamen
830 570 1081 610 descendam.

305 797 640 847 CONTRA
701 798 1261 846 ARIOMANITA
1291 799 1352 858 S,

338 894 447 940 quae
486 883 554 925 est
589 877 786 925 haeresis
824 878 993 925 XLIX.
1031 880 1125 927 sive
1162 877 1331 926 LXIX.

165 991 262 1032 Post
297 991 500 1046 superiora
534 990 597 1030 illa
624 989 773 1030 Melctii
813 1005 857 1030 ac
886 988 990 1030 Petri
1019 991 1281 1031 Alexandrini
1307 991 1477 1045 episcopi
1512 999 1607 1031 tem-

53 1074 145 1116 pora
178 1059 299 1100 Arius
333 1058 552 1112 Ariauique
585 1058 762 1112 proxime
795 1066 1104 1112 consequuntur.
1170 1057 1237 1098 llle
1269 1058 1340 1097 sub
1376 1057 1606 1099 Alexandro

53 1126 161 1168 Petri
187 1140 421 1168 successore
446 1125 598 1177 lloruit3
634 1140 652 1165 a
678 1141 752 1180 quo
778 1141 854 1167 non
880 1127 964 1166 siue
989 1141 1128 1181 magua
1152 1125 1413 1166 commotione
1440 1127 1608 1180 ingenti-

53 1210 126 1251 que
155 1202 291 1236 coacta
322 1194 474 1250 synodo
496 1194 722 1249 profligatus
750 1201 823 1234 est.
889 1195 1122 1235 Alexander
1147 1194 1248 1235 enim
1275 1195 1379 1235 illum
1412 1195 1525 1235 eiecit
1552 1203 1609 1234 at-

53 1279 127 1319 que
151 1278 201 1305 ex
229 1263 398 1305 ecclesia
423 1270 460 1303 et
486 1263 604 1314 urbe,
638 1263 746 1303 velut
771 1263 910 1317 ingens
933 1264 1122 1317 quoddam
1151 1263 1306 1314 malum,
1340 1265 1439 1317 quod
1470 1265 1514 1303 ad
1542 1264 1610 1304 liu-

55 1333 156 1374 mani
196 1333 355 1387 generis
393 1331 605 1386 perniciem
639 1331 916 1385 grassabatur,
963 1331 1259 1373 exterminavit.
1324 1330 1474 1372 Ferunt
1506 1332 1609 1372 illum

55 1415 108 1442 ex
133 1399 263 1456 Libya
289 1400 493 1441 oriundum
519 1398 789 1439 Alexandriae
814 1400 1086 1454 presbyterum
1115 1415 1203 1441 csse
1234 1403 1399 1451 factum,
1435 1400 1496 1454 qui
1532 1407 1609 1440 tum

55 1468 312 1510 Baucalensis
339 1468 538 1509 cuiusdam
564 1468 755 1508 ecclesiae
779 1469 1063 1522 praefecturam
1087 1469 1264 1522 gerebat.
1318 1467 1474 1509 Etenim
1500 1475 1611 1522 quot—

56 1545 150 1592 quot
170 1536 441 1578 Alexandriae
466 1535 681 1576 catbolicae-
710 1536 995 1576 communionis
1024 1537 1215 1577 ecclesiae.
1244 1544 1356 1582 sunt,
1390 1537 1454 1576 uui
1485 1536 1612 1576 archi-

58 1606 242 1661 episcopo
268 1605 494 1655 subiectae,
530 1618 624 1645 suus
653 1604 792 1658 cuique
824 1605 1070 1660 praepositus
1104 1613 1163 1645 est
1188 1605 1417 1660 presbyter,
1453 1605 1514 1658 qui
1550 1619 1613 1644 ec-

58 1674 278 1715 clesiastica
307 1686 469 1713 munera
497 1672 544 1712 iis
571 1672 839 1723 administret,
876 1674 937 1727 qui
962 1673 1066 1713 circa
1092 1673 1280 1714 ecclesias
1303 1673 1388 1713 illas
1422 1673 1610 1722 habitant,

58 1756 271 1796 eorumque
304 1741 578 1782 conventicula
615 1741 713 1790 vici,
758 1741 841 1781 sive
876 1739 1061 1791 Laurae,
1105 1741 1152 1781 ab
1179 1740 1464 1782 Alexandrinis
1496 1741 1614 1795 vulgo

59 1810 324 1852 nominantur.
390 1808 503 1850 Vixit
538 1817 667 1850 autem
702 1809 823 1850 Arius
850 1809 920 1849 sub
954 1810 1190 1864 imperatore
1216 1808 1479 1850 Constantino
1509 1807 1616 1850 Con-

59 1879 192 1921 stantii
215 1877 385 1920 senioris
411 1878 509 1928 lilio,
546 1878 607 1932 qui
640 1876 840 1918 Valeriani
864 1877 1112 1933 imperatoris
1142 1878 1241 1918 filius
1267 1878 1358 1928 fuit,
1395 1878 1457 1932 qui
1482 1885 1519 1917 et
1544 1877 1614 1932 ipsi

61 1962 146 1989 cum
176 1947 425 1988 Diocletiano
461 1953 500 1986 et
521 1945 792 1996 Maximiano,
837 1961 881 1986 ac
907 1946 1050 1987 ceteris
1077 1946 1332 2002 imperarunt.
1395 1945 1526 1986 Nemo
1559 1953 1617 1986 est

60 2030 156 2059 vero
181 2016 243 2071 qui
268 2015 420 2056 nesciat
443 2012 744 2055 Constantinum
768 2015 873 2055 illum
903 2012 1143 2065 Constantii,
1170 2012 1401 2056 Constantis
1426 2021 1465 2054 et
1485 2011 1616 2069 Crispi

63 2093 210 2142 patrem
238 2085 275 2125 iu
304 2082 528 2125 Christiana
562 2083 753 2137 religione
787 2098 832 2124 ac
858 2083 1045 2123 maiorum
1072 2084 1167 2134 fide,
1213 2083 1284 2124 hoc
1319 2092 1379 2124 est
1401 2082 1616 2138 apostolica

63 2161 100 2195 et
140 2152 390 2209 prophetica,
438 2151 550 2206 plane
585 2152 850 2192 admirabilem
891 2159 926 2192 et
967 2151 1138 2192 divinum
1183 2152 1327 2202 fuisse,
1382 2165 1480 2206 quae
1523 2151 1616 2191 fides

63 2229 152 2263 ante
175 2221 314 2262 Arium
339 2221 490 2274 integra
516 2220 705 2260 hacteuus
731 2227 769 2260 et
793 2220 1017 2275 incorrupta
1044 2227 1329 2275 permanserat.
1376 2218 1532 2260 Primus
1555 2219 1617 2259 ille

65 2288 334 2332 Christianum
369 2289 549 2344 populum
582 2304 601 2329 a
635 2303 676 2329 se
710 2296 842 2329 mutuo
875 2288 1078 2329 disiunxit.

180 2426 296 2467 Hunc.
324 2425 442 2480 igitur
468 2425 605 2466 Arium
635 2426 850 2467 Alexandri
877 2427 1149 2481 presbyterum
1175 2424 1343 2468 Satanae
1370 2425 1529 2482 spiritus
1561 2426 1620 2466 in-

65 2496 214 2537 vadens
250 2495 400 2549 impulit
435 2501 475 2534 ut
507 2495 849 2548 (quemadmodum
879 2495 1065 2550 scriptum
1091 2499 1170 2549 est)
1203 2495 1402 2550 pulverem
1430 2496 1619 2536 adversus

67 2564 274 2605 ecclesiam
300 2563 517 2612 excitaret,
553 2576 604 2602 ex
631 2577 755 2617 eoque
789 2563 885 2604 baud
910 2564 1107 2604 mediocre
1134 2563 1355 2604 incendium
1381 2571 1620 2618 erumperet,

67 2633 168 2687 quod
195 2631 420 2672 universum
448 2631 725 2686 propemodum
750 2630 1016 2672 Romanorum
1044 2632 1271 2686 imperium,
1313 2646 1357 2671 ac
1389 2632 1619 2686 praesertim

68 2700 282 2742 orientales
306 2700 409 2741 illius
432 2706 563 2754 partes
586 2699 825 2753 corriperet3
870 2700 966 2740 adeo
997 2707 1037 2741 ut
1062 2700 1177 2740 etiam
1202 2700 1272 2739 boc
1297 2707 1471 2754 tempore
1493 2699 1621 2741 since-

115 2872 145 2906 3.
173 2869 327 2914 μεγάλων
354 2868 502 2905 συνόδων
534 2872 623 2903 codd.
644 2881 718 2903 mss.
768 2881 824 2913 με·
917 2871 948 2904 6.
975 2870 1105 2914 λαβρών
1129 2872 1218 2902 codd.
1242 2881 1314 2902 mss.
1339 2874 1364 2902 el
1384 2872 1430 2902 ed.
1453 2873 1552 2911 princ.
1590 2872 1623 2903 111

70 2915 178 2960 γάλης
200 2916 338 2951 συνόδου
363 2919 437 2948 editi
462 2919 541 2948 libri.
872 2918 918 2948 ed.
944 2919 1053 2949 Peluv.
1074 2918 1167 2955 plane
1188 2918 1293 2947 ritiose
1317 2920 1400 2947 extat
1424 2917 1544 2960 λαβών.

116 2960 148 2995 4.
173 2965 323 3002 Suspicor
346 2962 491 3004 πλησίοι.
918 2962 946 2995 7.
973 2972 1124 2994 κωνσταν
1160 2962 1277 3003 (vacuo
1300 2964 1402 3001 spatio
1434 2964 1477 2993 ad
1499 2964 1626 3002 explen-

116 3008 146 3039 5.
173 3009 321 3048 Suspicor
341 3009 552 3048 reponendum
577 3017 639 3040 esse
659 3008 725 3041 τῶν
749 3002 824 3040 κατ’
871 3008 946 3038 dum
967 3016 1078 3039 nomen
1099 3006 1219 3049 relicto)
1243 3008 1339 3039 codex
1361 3017 1417 3039 ms.
1439 3011 1577 3048 uterque,
1599 3010 1625 3038 et

71 3049 248 3096 α’μφόδων.
870 3053 918 3084 ed.
940 3054 1039 3092 princ.

1646 993 1725 1035 Cap.
1757 994 1779 1023 l.

1648 2433 1726 2475 Cap.
1753 2434 1792 2465 11.
