2066 3319
463 226 642 259 PANAnn
669 225 751 257 [ΑΒ.
770 225 811 257 11.
836 226 944 258 Toxi.
966 227 990 258 1.
1016 226 1148 259 HAEP..
1169 227 1271 259 Lvu.
1568 217 1645 258 155

107 308 222 357 citur,
259 319 302 347 se
322 306 445 361 ipsum
467 305 616 359 genuit,
651 305 719 345 sed
745 312 805 346 est
825 318 844 344 a
868 312 975 360 patre
997 307 1167 360 genitus.
1231 305 1266 348 Ο
1291 306 1553 347 incredibilem
1580 305 1647 345 lio-

106 376 250 417 minum
286 375 491 415 amentiam
528 380 567 413 et
599 373 807 414 absurdum
842 374 1134 428 abhorrensque
1174 374 1376 415 iudicium!
1442 374 1514 415 Est
1543 374 1646 414 enim

105 444 280 499 profecto
310 443 451 483 rationi
481 449 809 493 consentaneum,
844 456 919 482 non
953 443 1051 495 quod
1084 442 1292 497 opinantur
1323 443 1408 493 isti,
1450 443 1515 482 sed
1549 442 1648 497 quod

105 526 175 568 per
197 525 332 552 sacras
356 511 488 551 literas
511 511 658 551 veritas
682 511 763 565 ipsa
790 511 1044 550 demonstrat.
1109 510 1176 551 Sic
1198 511 1299 551 enim
1325 512 1502 551 dominus
1525 511 1648 565 loqui-

106 588 189 621 tur:
238 582 336 619 Ecce
370 582 559 631 intelliget
577 581 692 631 filsas
728 594 828 618 meus
859 581 1038 625 dilectus,
1081 593 1185 630 quem
1221 582 1338 630 clegi,
1380 595 1483 631 quem
1517 582 1807 621 rle’leoez‘eisa÷.42,
1830 588 1852 614 1.

104 651 228 688 anima
251 663 351 687 mea:
380 663 515 700 ponam
536 651 709 700 spiritum
732 662 846 687 meum
867 651 904 686 in
926 650 1018 698 ipso.
1070 644 1143 687 Ubi
1169 661 1247 687 vox
1274 648 1353 696 illa,
1387 651 1524 695 Pan-ts,
1561 662 1646 688 eum

105 717 167 772 qui
192 716 347 772 proprie
372 716 422 756 sit
449 716 547 756 lilius
574 717 776 756 manifeste
804 716 1000 765 declarat,
1035 714 1071 754 in
1097 729 1172 769 qno
1197 715 1312 755 etiam
1337 715 1513 770 spiritum
1537 730 1646 756 suum

106 786 285 826 collocat.
349 783 501 825 Deinde
528 784 750 838 unigenitus
775 784 857 839 ipse
880 783 1003 834 lilius,
1040 785 1220 835 Glorfflca
1242 799 1318 831 me,
1349 792 1473 835 paler,
1509 784 1754 838 inquit,1⁰au¹¹
1776 787 1854 820 ΓΜ)-

104 868 147 894 ea
170 856 300 906 gloria
330 868 438 906 quam
470 854 602 892 habuit
629 855 731 904 apud
762 861 796 891 te
825 855 1045 905 priusquam
1074 855 1232 891 mundus
1249 855 1382 904 ficret.
1449 849 1530 891 lam
1554 866 1649 891 vero

106 923 169 978 qui
195 922 251 962 sic
276 921 466 976 loquitur,
498 924 625 969 Paler,
657 923 837 973 glorqfica
861 936 936 968 mc,
974 935 1049 961 non
1074 934 1161 961 sese
1186 928 1332 975 patrem
1360 920 1547 975 appellat,
1583 920 1650 959 sed

106 1006 216 1033 suum
244 999 392 1046 patrem
418 989 610 1045 agnoscit.
673 987 770 1029 ltem
797 990 871 1030 alio
898 989 934 1029 in
966 989 1076 1029 loeo:
1123 992 1230 1028 Venit
1254 1004 1328 1028 vox
1354 992 1398 1028 de
1423 990 1545 1027 coelo:
1581 991 1651 1027 Hic
1665 996 1855 1032 Matth.17‚5.

105 1068 160 1100 est
170 1062 285 1113 filius
309 1075 431 1107 meus,
467 1063 585 1111 ipsum
607 1061 745 1098 audite.
812 1057 903 1098 Non
929 1058 1050 1109 dixit,
1084 1061 1169 1110 Ego
1192 1073 1272 1097 sum
1288 1060 1403 1110 filins
1430 1073 1549 1105 meus,
1584 1072 1652 1096 (ιιι-

104 1132 180 1169 dite
206 1144 284 1177 mc,
320 1141 467 1182 neque,
509 1130 634 1167 Natus
657 1142 738 1166 sum
758 1129 893 1179 file'uS,
928 1127 1019 1178 sed,
1053 1130 1124 1167 He'c
1155 1135 1213 1166 est
1232 1129 1347 1179 filius
1377 1142 1496 1175 meus,
1533 1130 1651 1179 ipsum

105 1201 244 1238 audite.
306 1195 519 1237 Praeterea
546 1210 631 1236 cum
657 1196 769 1246 dixit,
802 1199 887 1248 Ego
909 1204 945 1235 ct
965 1204 1076 1248 paler
1098 1211 1210 1235 unum
1236 1210 1376 1243 sumus,
1413 1210 1489 1236 non
1519 1196 1570 1236 ita
1596 1195 1651 1235 lo-

106 1273 217 1307 cutus
252 1272 334 1316 est,
379 1268 463 1317 Ego
494 1273 531 1304 ct
558 1273 670 1317 pater
703 1279 804 1304 mens
837 1280 932 1305 unus
955 1280 1059 1312 sum,
1095 1265 1188 1315 sed,
1222 1267 1307 1316 Ego
1338 1272 1375 1303 et
1398 1272 1511 1317 paler
1540 1271 1857 1304 unltmloann.10,30-

103 1349 243 1376 sumus.
310 1332 416 1374 Haec
452 1335 553 1374 enim
588 1333 799 1384 vocabula,
843 1337 927 1386 Ego
957 1342 995 1373 et
1019 1342 1144 1386 pater,
1181 1334 1311 1373 addito
1337 1334 1500 1374 articulo
1527 1330 1571 1384 ὁ,
1615 1340 1653 1373 et

104 1404 308 1445 interiecta
343 1402 478 1458 copula
506 1410 563 1453 et,
599 1417 674 1442 non
709 1402 874 1443 obscure
904 1402 1102 1443 declarant
1127 1410 1273 1457 patrem
1296 1402 1452 1457 proprie
1476 1416 1563 1442 esse
1587 1416 1652 1458 pa-

105 1480 228 1522 trem,
263 1471 458 1526 filiumque
489 1471 643 1526 proprie
677 1471 809 1511 filium.

220 1539 280 1581 De
315 1541 453 1595 spiritu
475 1554 570 1580 vero
594 1546 730 1580 sancto
759 1538 814 1579 sic
841 1538 1034 1593 loquitur,
1069 1542 1117 1579 Se·
1142 1554 1211 1591 ego
1236 1540 1386 1587 abiero,
1422 1542 1486 1578 ille
1514 1543 1646 1587 veniel,
1667 1537 1756 1609 ¹021)-
1778 1537 1846 1608 ῙῙῖ-,Ι

104 1613 264 1663 spiritus
285 1612 467 1649 veritalis.
532 1607 609 1649 Sed
639 1608 758 1648 multo
783 1607 872 1647 illud
901 1608 1095 1662 apertius,
1130 1611 1214 1660 Ego
1239 1611 1351 1656 vado,
1387 1617 1424 1647 et
1447 1611 1511 1648 ille
1536 1611 1646 1647 venit.
1682 1590 1768 1609 naun.
1814 1602 1821 1613 ’
1849 1601 1855 1607 ’

104 1677 247 1733 Neque
272 1691 366 1719 vero
391 1677 504 1727 dixit,
538 1680 622 1728 Ego
643 1679 748 1723 cade,
783 1684 820 1715 ct
841 1691 909 1728 ego
930 1680 1048 1716 venio.
1105 1674 1182 1717 Sed
1208 1676 1312 1717 hisce
1338 1676 1516 1727 vocibus,
1550 1680 1648 1728 Ego,

107 1754 146 1788 et
167 1749 259 1794 Ille,
296 1753 371 1786 tam
399 1747 514 1786 filium
541 1745 740 1801 hypostasi
763 1760 830 1786 sua
854 1752 1034 1785 constare
1056 1760 1167 1799 quam
1194 1745 1369 1800 spiritum
1394 1753 1568 1785 sanctum
1594 1746 1653 1784 iti-

106 1816 190 1856 dem
216 1828 284 1855 sua
311 1816 567 1854 demonstrat.
631 1812 749 1854 Item:
784 1817 951 1866 Spiritus
986 1817 1154 1853 veritatis
1187 1818 1255 1867 qui
1276 1829 1298 1853 α
1327 1822 1438 1867 patre
1464 1816 1648 1867 procedit,

106 1887 151 1924 de
174 1899 251 1923 meo
273 1887 444 1936 accipiet.
497 1881 649 1936 Quibus
675 1882 804 1923 verbis
833 1882 1003 1922 ostendit
1023 1890 1061 1922 et
1086 1883 1310 1938 hypostasin
1336 1883 1432 1938 patri
1460 1883 1651 1938 propriam

107 1959 146 1994 et
171 1953 248 1993 lilio
275 1959 312 1993 et
338 1952 489 2007 spiritui
517 1959 653 1992 sancto
682 1965 770 1991 esse
794 1952 1050 1991 tribuendam.
1114 1951 1175 1991 Ad
1199 1952 1293 1992 haec
1315 1959 1425 2006 pater
1449 1952 1494 1991 ad
1521 1950 1653 1991 lorda-
1673 1959 1783 1988 Matth.
1805 1958 1829 1986 ³.

107 2035 195 2062 nem
229 2022 275 2062 de
305 2022 414 2062 coelo
447 2021 598 2061 locutus
632 2027 713 2069 est,
756 2020 854 2061 filius
877 2033 973 2060 vero
1005 2020 1050 2060 ad
1076 2017 1280 2060 Iordanem
1310 2020 1532 2069 descendit,
1578 2020 1656 2074 spi-

106 2090 204 2131 ritus
227 2100 385 2132 sanctus
405 2089 508 2130 inter
528 2096 732 2143 utrumque
752 2089 823 2128 sub
844 2088 1043 2129 columbae
1063 2089 1193 2142 specie
1215 2088 1408 2144 apparuit,
1435 2088 1531 2129 etin
1554 2088 1655 2129 hunc

107 2158 265 2213 illapsus
300 2166 375 2199 est.
440 2157 685 2212 Quamquam
713 2158 870 2213 spiritus
899 2165 1056 2197 sanctus
1084 2157 1241 2198 minime
1276 2172 1432 2198 carnem
1466 2157 1653 2212 suscepit,

110 2241 235 2282 neque
267 2241 409 2282 corpus
440 2227 580 2267 induit.
645 2224 722 2267 Sed
760 2240 807 2266 ne
839 2226 938 2267 lilius
971 2241 1055 2267 cum
1092 2226 1230 2281 spiritu
1263 2233 1399 2267 saneto
1431 2226 1655 2266 coalescere

108 2296 369 2350 confundique
401 2296 650 2345 crederetur,
694 2295 764 2336 sub
799 2295 966 2349 imagine
999 2294 1200 2335 columbae
1229 2296 1434 2335 videndum
1468 2308 1510 2334 se
1543 2308 1656 2349 prae-

107 2364 213 2414 buit,
249 2365 301 2405 uti
332 2363 509 2404 nimirum
538 2363 698 2419 spiritus
723 2379 807 2404 cum
841 2363 1027 2418 singulari
1055 2378 1099 2403 ac
1132 2365 1285 2419 propria
1320 2378 1486 2418 persona
1518 2377 1655 2403 cerne—

108 2440 232 2474 retur.
289 2431 467 2487 Denique
492 2448 602 2487 quam
627 2432 755 2473 multis
781 2433 871 2473 illud
897 2433 1138 2487 argumentis
1162 2434 1349 2473 adversus
1375 2432 1470 2472 istos
1496 2432 1654 2473 demon-

109 2509 234 2543 strare
260 2515 491 2557 possumus,
526 2502 588 2556 qui
621 2501 796 2542 insanam
831 2502 927 2542 hane
963 2501 1186 2557 opinionum
1214 2501 1422 2541 amentiam
1455 2501 1493 2541 in
1525 2502 1653 2542 animo

110 2585 181 2612 suo
204 2570 493 2625 conceperunt!
543 2568 699 2610 Etenim
725 2571 756 2610 si
782 2585 899 2612 verus
923 2578 983 2610 est
1007 2570 1158 2611 illorum
1185 2584 1326 2610 sensus
1352 2577 1389 2609 et
1413 2571 1554 2620 oratio,
1588 2570 1653 2610 ab·

109 2640 225 2680 surda
252 2653 298 2680 ea
325 2640 478 2694 quidem
506 2639 738 2694 minimeque
764 2639 1005 2689 cohaerens,
1039 2654 1083 2680 ac
1116 2639 1218 2679 nulla
1245 2639 1280 2678 vi
1319 2652 1443 2692 neque
1476 2639 1653 2694 prudenti

109 2707 434 2758 ratiocinatione,
468 2722 513 2748 ac
547 2721 596 2748 ne
627 2708 785 2748 minima
817 2708 968 2763 quidem
1001 2708 1113 2748 huius
1147 2707 1430 2761 significatione
1464 2709 1651 2763 praedita,

110 2789 356 2831 consequens
379 2783 500 2817 estut
527 2790 662 2816 omnes
688 2778 904 2831 scripturae
928 2777 1201 2831 repudientur,
1237 2789 1336 2829 quae
1362 2775 1502 2831 ubique
1525 2784 1563 2817 et
1589 2791 1654 2832 pa·-

112 2852 209 2885 trem
236 2859 325 2886 esse
357 2852 529 2900 patrem,
563 2845 742 2886 etlilium
766 2846 906 2896 filium,
942 2845 1117 2900 spiritum
1146 2851 1324 2884 sanctum
1355 2845 1531 2900 spiritum
1564 2859 1653 2886 san-

112 2920 213 2953 ctum
244 2921 476 2968 agnoscunt.

227 2981 292 3022 Tu
317 2996 428 3034 vero,
463 2983 511 3023 mi
539 2982 669 3033 homo,
704 2982 791 3037 quid
817 2982 968 3022 tandem
993 2981 1149 3021 adfers?
1194 2981 1258 3021 An
1284 2981 1375 3022 illud
1402 2984 1569 3034 vereris,
1604 2997 1652 3024 ne

114 3048 272 3090 deorum
308 3050 360 3090 illi
395 3050 675 3092 multitudinem
712 3051 920 3101 invehant,
962 3049 1025 3105 qui
1064 3058 1338 3091 sacrosanctae
1370 3051 1483 3091 triadi
1516 3065 1650 3092 verum
