2066 3319
521 175 702 208 PANARn
727 176 811 208 ΜΒ.
829 177 871 207 11.
895 175 1002 208 ToM.
1023 177 1048 208 1.
1074 174 1205 207 HAER.
1226 175 1347 207 LX1v.
1627 165 1708 204 359

168 257 413 312 expansum?
473 253 674 296 Undenam
708 255 803 295 solis
836 255 899 295 ille
931 255 1059 309 fulgor
1088 268 1278 296 accensus
1310 260 1391 305 est,
1435 260 1501 294 aut
1530 253 1594 293 ille
1625 252 1708 308 ipse

166 340 251 366 cum
285 324 378 364 luna
404 322 672 377 sideribusque
707 323 914 363 conditus?
975 321 1152 376 Quanam
1180 337 1275 363 vero
1307 337 1359 363 ex
1389 323 1518 377 priore
1546 321 1708 362 materia

167 392 352 434 translata
388 398 493 432 terra
524 399 606 442 est,
640 405 737 445 quae
766 398 827 431 est
855 405 906 431 ex
933 391 1051 431 nihilo
1080 391 1293 447 producta?
1353 388 1532 444 Quonam
1561 403 1611 430 ex
1642 404 1708 429 na—

165 469 274 502 turae
305 473 450 515 genere
479 466 632 500 montes
659 458 783 499 excisi
809 461 926 500 sunt?
987 458 1098 500 [nde
1123 459 1239 499 totius
1265 459 1438 500 universi
1463 457 1704 507 constitutio,

165 543 275 584 quam
303 542 352 569 ex
378 527 496 568 nihilo
524 527 618 567 (leus
651 527 827 582 peperit?
885 528 968 568 Aut
994 528 1094 568 unde
1119 527 1241 567 nubes
1265 528 1455 567 conflatae
1481 534 1592 576 sunt,
1627 525 1708 580 qui-

164 598 234 638 hus
258 603 418 652 repente
444 595 594 636 coelum
620 595 849 636 obducitur?
908 594 1022 637 Unde
1047 596 1210 636 culicum
1233 595 1516 650 cyniphumque
1542 595 1618 635 vim
1648 593 1706 634 dei
1729 597 1912 632 Exsul-921⁷·

164 665 327 720 imperio
360 678 500 704 servus
529 664 611 704 eius
636 662 802 719 Moyses
835 678 1063 718 comparare
1093 663 1240 717 potuit?
1302 662 1507 717 Quomodo
1540 663 1707 717 ligneam
1726 666 1896 702 Exoddss·

164 734 314 788 virgam
337 732 546 773 animatum
571 746 615 772 ac
638 738 912 787 prorepentein
945 731 982 771 in
1010 731 1210 771 colubrum
1236 731 1457 771 convertit?
1516 729 1593 784 Qui
1625 731 1707 771 fieri
1732 735 1822 763 Exod.
1843 736 1869 770 4.
1889 736 1913 763 6-

163 801 286 857 potuit
310 807 351 840 ut
373 799 530 856 Moysis
552 815 687 841 manus
712 801 750 840 in
777 800 905 841 nivem
932 799 1263 840 commutaretur?
1324 796 1391 838 Sic
1415 798 1535 853 igitur
1562 806 1600 839 et
1629 806 1706 839 tum

163 871 260 921 deo,
294 870 513 910 mortalium
540 869 822 919 infidelissime,
855 867 1014 923 placuit,
1049 882 1094 907 ac
1119 867 1318 922 pelliceas,
1354 873 1392 907 et
1415 866 1566 920 quidem
1592 880 1709 907 veras

162 938 336 986 tunicas,
380 938 465 978 sine
498 937 586 977 ullis
619 937 875 989 animalibus,
918 936 1004 976 sine
1046 936 1237 976 humanae
1274 935 1368 976 artis
1405 949 1450 975 ac
1487 935 1708 989 multiplicis

163 1007 292 1062 operis
324 1005 555 1046 adminiculo
588 1005 720 1060 primis
748 1005 893 1045 nostris
921 1004 1145 1059 parentibus
1172 1003 1404 1059 simulatque
1430 1003 1553 1044 voluit
1576 1003 1709 1043 conse-

163 1076 237 1126 cit‚
282 1089 358 1115 non
393 1088 509 1114 secus
545 1081 660 1128 atque
695 1074 804 1114 initio
842 1073 1003 1114 simulac
1039 1073 1161 1114 voluit
1191 1072 1340 1113 eoelum
1374 1079 1490 1127 atque
1524 1071 1709 1112 universa

161 1144 347 1200 producta
367 1150 472 1183 sunt.
538 1140 722 1183 Ceterum
750 1143 795 1182 de
818 1141 876 1182 his
902 1156 972 1182 nos
997 1141 1154 1196 saepius
1178 1148 1216 1181 et
1241 1141 1324 1181 aliis
1352 1141 1391 1180 in
1413 1140 1510 1181 locis
1532 1147 1570 1180 et
1592 1153 1706 1194 supra

164 1212 460 1266 disputavimus.
521 1210 654 1265 Atque
681 1211 739 1251 his
761 1211 936 1265 quidem,
971 1210 1033 1264 qui
1057 1210 1160 1250 vitae
1187 1209 1382 1250 desiderio
1409 1216 1613 1258 tenentur,
1648 1221 1710 1249 sa·

162 1282 252 1322 lutis
275 1288 335 1322 est
360 1279 542 1335 expedita
565 1278 683 1330 ratio,
717 1286 755 1319 et
778 1279 1032 1320 infidelissimi
1054 1278 1200 1319 erroris
1223 1277 1440 1319 confutatio
1466 1277 1604 1318 facilis.
1655 1275 1708 1316 lis

161 1364 280 1400 vero,
315 1348 378 1404 qui
403 1348 538 1388 salutis
563 1348 804 1403 disciplinam
828 1362 872 1388 ac
893 1347 1165 1404 magisterium
1186 1347 1407 1402 repudiant,
1441 1360 1489 1387 ne
1514 1346 1708 1400 integrum

163 1419 314 1473 quidem
339 1416 511 1458 seculum
540 1423 668 1471 potest
690 1417 735 1457 ad
759 1416 1029 1471 disputandum
1055 1416 1258 1466 sufficere3
1293 1430 1378 1456 cum
1407 1415 1559 1455 illorum
1593 1429 1709 1455 aures

162 1494 372 1542 perpetuo,
413 1487 554 1537 aspidis
585 1488 719 1533 instar,
756 1487 1046 1524 obsurdescant.-
1081 1498 1174 1536 quae
1199 1499 1311 1523 aures
1336 1498 1425 1523 suas
1451 1485 1633 1531 obdurat,
1669 1492 1711 1523 ut
1728 1488 1838 1524 Ps-5⁷‚
1858 1490 1882 1518 5.

162 1571 234 1595 non
258 1557 439 1594 exaudiat
459 1568 579 1593 vocem
605 1557 897 1601 incantantium,
934 1555 1091 1605 venefici
1112 1556 1340 1592 incantantis
1367 1555 1569 1605 sapienter,
1605 1558 1646 1591 ut
1669 1552 1707 1591 in

162 1624 288 1665 sacris
322 1623 444 1664 literis
481 1622 667 1676 scriptum
703 1629 778 1663 est.
844 1620 1033 1663 Veritatis
1072 1635 1188 1676 porro
1226 1621 1313 1661 filiis
1354 1619 1705 1661 fructuosissimum

163 1692 263 1732 hunc
289 1706 510 1733 sermonem
544 1691 694 1732 confido
727 1692 835 1742 fore,
879 1690 1031 1731 tametsi
1064 1690 1177 1731 latius
1211 1689 1315 1731 illum
1346 1689 1418 1729 hoc
1453 1689 1539 1729 loco
1572 1702 1707 1743 prose-

163 1775 340 1815 quamur.

277 1828 404 1871 Venio
446 1830 574 1884 itaque
616 1829 662 1870 ad
705 1829 920 1869 institutam
965 1828 1010 1868 de
1054 1827 1346 1868 resurrectione
1388 1826 1705 1881 disputationem.
1759 1836 1836 1878 Cap.

164 1896 263 1940 Cum
289 1898 390 1938 enim
414 1899 573 1953 ignaros
600 1897 824 1952 deceperis,
858 1911 902 1937 ac
929 1903 1031 1937 tuam
1058 1896 1278 1951 opinionem
1305 1910 1374 1951 pro
1402 1909 1498 1936 vero
1526 1895 1708 1949 dogmate
1733 1881 1869 1914 LXVII.

163 1967 401 2018 subieceris,
434 1967 565 2021 itaque
590 1966 762 2016 dixeris,
796 1964 986 2006 Nonnulli
1009 1979 1029 2005 e
1058 1964 1278 2005 rudioribus
1305 1963 1445 2020 impios
1471 1978 1547 2005 non
1575 1970 1710 2019 putant

163 2035 467 2077 resurrectionis
498 2043 696 2090 compotes
721 2036 887 2085 futuros,
920 2034 939 2090 Η
979 2041 1018 2074 et
1048 2041 1183 2089 postea
1213 2034 1327 2074 iidem
1360 2033 1540 2074 rudiores
1571 2046 1708 2073 rursus

163 2104 231 2145 abs
264 2111 302 2145 te
331 2104 649 2159 interrogentur,
686 2101 901 2145 Cuiusnam
931 2102 1107 2158 corporis
1142 2102 1216 2143 erit
1247 2102 1514 2143 resurreetio?
1551 2109 1590 2142 et
1623 2116 1707 2141 cum

164 2180 205 2214 tu
237 2173 437 2225 haeseris,
472 2187 519 2213 ne
544 2173 627 2228 ipse
650 2172 689 2213 in
715 2186 849 2213 eorum
873 2171 935 2226 qui
957 2172 1167 2212 secundum
1197 2178 1232 2211 te
1258 2171 1436 2212 rudiores
1468 2170 1709 2226 appellantur

166 2244 272 2296 (nam
299 2242 372 2283 hoc
405 2256 556 2297 quoque
585 2248 719 2297 aperte
749 2241 951 2282 dicendum
976 2241 1052 2293 est)
1085 2254 1253 2295 persona
1284 2240 1407 2281 bonos
1440 2239 1610 2295 appelles
1642 2252 1709 2278 eos

166 2310 229 2366 qui
253 2325 275 2352 a
297 2318 334 2352 te
352 2312 530 2352 rudiores
553 2311 747 2361 dicuntur,
781 2324 857 2350 non
885 2323 954 2364 per
976 2316 1014 2349 te
1035 2309 1109 2350 erit
1131 2323 1362 2364 responsum
1386 2321 1510 2363 neque
1535 2315 1600 2347 tuo
1622 2320 1709 2360 gra-

167 2381 218 2420 tia
249 2379 424 2421 habenda
451 2393 667 2435 responso,
701 2379 768 2419 sed
794 2379 949 2420 veritati
978 2378 1075 2428 erit,
1111 2392 1208 2432 quae
1234 2385 1270 2419 te
1295 2391 1500 2419 servorum
1525 2375 1586 2416 dei
1609 2389 1709 2430 quae

167 2450 245 2490 sint
275 2448 558 2490 emendationis
585 2454 700 2502 atque
724 2446 908 2488 bonitatis
938 2446 1107 2501 insignia
1136 2447 1265 2488 dicere
1298 2446 1415 2500 cogit.
1478 2443 1582 2485 Nam
1614 2458 1709 2498 gen-

167 2518 233 2559 tile
258 2532 409 2573 quoque
431 2517 697 2572 proverbium,
734 2514 928 2572 Simplex,
961 2516 1031 2568 ait,
1063 2516 1235 2557 narratio
1255 2514 1448 2557 veritatis.
1500 2511 1708 2569 Simplices

168 2603 261 2630 vero
286 2587 561 2630 consuevimus
586 2586 817 2626 innoeentes
843 2599 1004 2637 vocare,
1040 2584 1177 2640 quibus
1198 2584 1327 2625 multis
1348 2582 1443 2623 locis
1466 2596 1486 2622 a
1511 2582 1710 2624 salvatore

167 2659 251 2699 laus
284 2657 488 2708 tribuitur,
531 2656 606 2707 uti,
650 2658 781 2694 Estote
811 2657 998 2707 simplices
1028 2662 1201 2706 tanquam
1232 2653 1442 2700 columbae,
1486 2657 1546 2702 et,
1579 2654 1706 2691 Patia-
1725 2639 1838 2707 {lga‘ffss

1732 2708 1845 2773 aaa·

169 2785 211 2816 ad
233 2786 328 2816 verba
359 2779 396 2817 οὔ
427 2779 524 2826 μόνον
547 2780 611 2825 γὰρ
641 2777 739 2815 τοῦτο’
770 2779 859 2814 ἐστιν
884 2783 915 2813 in
1007 2779 1040 2814 6.
1066 2777 1083 2814 ὁ
1107 2777 1203 2816 ἐκτὸς
1224 2775 1330 2820 λόγος.
1381 2779 1425 2819 Cf.
1451 2779 1536 2811 haer.
1559 2776 1622 2820 66,
1647 2778 1710 2820 10.,
1769 2765 1776 2779 ’

168 2831 235 2861 cod.
251 2831 378 2870 Rhediy.
403 2833 429 2861 et
450 2830 510 2861 len.
535 2831 563 2861 et
583 2829 672 2860 edilis
694 2829 780 2858 libris
801 2829 915 2859 lacuna
963 2829 1014 2859 ubi
1046 2827 1203 2865 Marsipus
1235 2826 1365 2864 quidam
1399 2826 1577 2864 appellatur
1618 2824 1709 2867 „7032

170 2877 312 2906 interhiat
324 2877 399 2906 satis
417 2876 567 2915 spaciosa,
592 2883 687 2914 quam
698 2883 779 2905 nunc
792 2874 916 2905 demum
964 2869 1062 2909 ἐκτὸς
1087 2868 1192 2912 λόγων
1216 2866 1436 2912 φιλόσοφος.“

171 2922 289 2960 explere
309 2923 394 2952 licuit
416 2929 470 2960 ope
495 2921 610 2952 codicis
633 2920 754 2958 Veneti,
779 2921 917 2950 omnium
1009 2917 1038 2950 7.
1075 2916 1235 2955 Euripidis
1268 2919 1310 2947 est
1340 2917 1496 2949 Phoeniss.
1519 2913 1594 2951 472.
1663 2918 1710 2957 Cf.

170 2967 366 3006 integerrimi.
964 2965 1080 2995 Seneca
1104 2963 1201 3001 Epist.
1219 2959 1273 2993 49.

216 3011 246 3042 ὁ.
272 3006 450 3054 οἱνοὶγκησα
473 3011 548 3054 φῶς
570 3010 676 3053 λέγειν
701 3011 768 3043 cod.
790 3020 846 3042 ms.
1008 3012 1039 3040 ὃ.
1064 3006 1215 3051 meo-220.
1237 3007 1304 3039 cod.
1326 3017 1383 3040 ms.
