2066 3319
479 200 659 234 PANARn
686 199 770 231 Lm.
795 199 838 230 11.
864 198 971 230 Totu.
995 198 1036 230 ιι.
1063 196 1194 229 HAER.
1218 196 1358 228 vau.
1610 185 1691 224 559

143 280 313 323 Iterum:
358 281 449 319 Volo
477 294 601 319 omnes
635 293 714 318 esse
746 282 847 317 sicut
878 281 1066 330 meipsum.
1130 276 1257 316 Tum:
1301 278 1432 314 Simile
1461 277 1606 328 luctum
1637 281 1692 312 es!
1721 290 1897 321 1.Cor.·1,7.

141 363 298 400 regnum
320 350 506 387 coelorum
526 350 689 400 quinque
713 347 947 398 virginibus,
981 360 1138 397 qam-um
1163 348 1324 396 qm'nque
1350 352 1459 382 eran!
1479 345 1624 395 saluae,
1659 350 1694 380 e!
1706 324 1897 353 Matth.²5.1.

143 420 304 470 quinque
331 418 551 467 prudentes.
616 413 691 455 Ubi
728 422 803 454 tam
839 415 1049 468 prudentes
1083 412 1257 466 virgines
1293 426 1405 465 quam
1438 412 1591 460 fatuae,
1625 410 1692 449 sed

145 485 396 526 nihilominus
427 483 627 537 virgines,
672 497 757 523 cum
788 482 949 522 coelesti
981 494 1102 535 regno
1127 487 1425 534 comparantur,
1461 493 1532 519 nee
1557 479 1603 518 de
1627 492 1696 517 nu-

144 553 234 608 ptiis
266 551 504 592 mentionem
539 551 644 591 fecit.
706 548 832 590 Multa
865 550 900 590 id
940 562 1064 603 genus
1106 548 1181 588 alia
1218 548 1406 587 adversus
1446 547 1598 601 nuptias
1630 560 1695 586 ac-

144 620 327 661 cumulat.

257 686 400 741 Neque
430 700 526 728 vero
557 686 741 741 puerulos
778 693 869 726 ante
905 684 1139 739 cognitionis
1174 698 1282 724 usum
1311 690 1486 723 mortuos
1512 682 1693 732 admittit,

144 757 212 798 sed
237 770 257 796 a
279 755 477 811 proposita
508 769 576 810 spe
603 755 744 795 reiicit.
808 752 941 807 Negat
975 752 1076 793 enim
1114 752 1211 792 istos
1237 751 1411 791 coeleste
1438 765 1600 805 regnum
1634 764 1696 790 ca-

110 853 117 859 ·
145 837 329 879 pessere,
363 823 674 878 quandoquidem
698 829 894 862 certamen
921 821 1064 861 nullum
1089 820 1272 861 obierint.
1332 817 1434 859 Nam
1461 819 1524 872 qui
1553 819 1590 858 in
1613 833 1698 859 cer-

147 899 276 933 tamen
320 891 545 941 descendit,
590 906 662 930 non
700 897 926 936 coronatur,
973 892 1050 927 nisi
1081 891 1245 939 legitime
1284 891 1497 926 certaverit.
1564 886 1698 940 Quare
1718 891 1884 954 Ῑ-Ίὲἱῦέῦῑῦ-

147 974 234 1001 eum
261 973 309 1000 ne
334 959 357 999 ii
383 959 536 1013 quidem
565 959 627 1012 qui
653 964 804 998 certant
827 957 899 997 nisi
923 957 958 996 id
989 956 1161 1010 legitime
1186 956 1472 1009 praestiterint,
1507 969 1699 995 coronen-
1783 947 1791 961 '
1828 948 1834 955 ’

147 1035 232 1078 tur,
266 1034 411 1081 quanto
437 1027 563 1067 minus
590 1026 653 1080 qui
685 1039 732 1065 ne
765 1025 811 1066 ad
840 1031 1038 1064 certamen
1077 1023 1229 1078 quidem
1266 1023 1389 1064 adhuc
1425 1023 1552 1063 vocati
1585 1024 1702 1063 sunt?

146 1094 379 1137 Paradisum
406 1108 523 1149 porro
546 1093 772 1135 sensibilem
802 1106 890 1133 esse
917 1107 994 1133 non
1019 1098 1150 1147 putat,
1184 1106 1260 1146 quo
1291 1091 1330 1131 in
1356 1105 1494 1132 errore
1518 1097 1700 1131 versatus

147 1170 209 1205 est
240 1171 280 1204 et
311 1160 524 1217 Origenes.
587 1161 753 1216 Neque,
800 1168 840 1201 ut
873 1167 989 1202 antea
1021 1160 1126 1211 dixi,
1171 1166 1412 1200 mortuorum
1444 1159 1702 1200 resurrectio—

150 1245 237 1272 nem
261 1232 308 1271 ad
341 1244 497 1271 carnem
527 1230 749 1286 pertinere,
783 1230 851 1270 sed
884 1229 936 1269 ita
964 1242 1176 1283 resurgere
1200 1235 1374 1268 mortuos
1399 1229 1562 1279 fatetur,
1597 1227 1701 1267 solas

148 1308 191 1341 ut
216 1299 364 1340 animas
389 1299 426 1339 id
449 1298 604 1352 assequi
624 1297 746 1348 *velit,
781 1312 824 1338 ae
857 1296 1069 1352 spiritalem
1104 1296 1238 1337 nescio
1271 1311 1384 1350 quam
1412 1296 1576 1336 fabulam
1610 1310 1702 1336 con-

150 1375 276 1409 texat.
340 1364 527 1408 Ceterum
557 1379 672 1406 nemo
703 1366 742 1406 in
769 1366 921 1406 illorum
946 1379 1105 1420 gregem
1136 1365 1351 1405 admittitur
1382 1365 1455 1405 nisi
1490 1364 1602 1418 virgo
1634 1364 1700 1415 sit,

150 1444 217 1478 aut
238 1435 475 1485 monachus,
508 1441 575 1474 aut
599 1434 827 1484 continens,
861 1440 927 1474 aut
950 1433 1080 1473 vidua.
1145 1432 1204 1473 De
1233 1440 1363 1487 patre,
1399 1433 1475 1473 filio
1503 1441 1541 1473 et
1566 1433 1703 1488 spiritu

150 1511 288 1546 sancto
309 1518 386 1544 non
411 1503 546 1543 eadem
575 1517 658 1542 eum
687 1500 861 1555 Origene
888 1501 1030 1552 sentit,
1066 1500 1155 1555 quin
1182 1501 1310 1555 potius
1335 1508 1373 1541 et
1396 1515 1418 1541 a
1445 1508 1554 1556 patre
1586 1500 1703 1541 filium

151 1586 292 1614 revera
325 1570 523 1626 genitum',
559 1577 599 1610 et
628 1570 805 1625 spiritum
838 1576 1015 1610 sanetum
1048 1569 1173 1610 eredit
1204 1584 1225 1609 a
1257 1577 1366 1624 patre
1399 1569 1627 1624 procedere.

266 1639 394 1694 Quem
418 1639 571 1693 quidem
595 1638 789 1693 spiritum,
829 1638 1150 1691 quemadmodum
1177 1651 1293 1692 supra
1322 1637 1359 1677 in
1380 1635 1702 1677 Melchisedeeia-
1730 1644 1810 1687 Cap.
1830 1645 1886 1675 ΙΙΙ.

152 1722 291 1750 norum
328 1707 482 1748 haeresi
514 1707 738 1756 docuimus,
782 1704 1114 1747 Melcliisedecum
1148 1719 1237 1746 esse
1270 1705 1342 1745 sibi
1372 1705 1602 1760 persuadet,
1637 1720 1705 1761 pro

153 1790 200 1818 eo
227 1777 327 1831 quod
353 1775 539 1830 scriptum
566 1782 646 1826 est,
680 1778 753 1813 Pro
778 1776 884 1813 nobis
917 1783 1003 1814 orat
1022 1776 1224 1826 gemitibus
1253 1775 1584 1813 inenarrabilibus.
1649 1772 1700 1813 Et
1724 1766 1909 1830 gfff-⁹1³²}

152 1845 238 1899 quis
260 1844 324 1884 ille
352 1844 506 1884 tandem
533 1844 618 1883 est?
677 1846 830 1891 Manet,
865 1842 1010 1897 iuquit,
1043 1845 1219 1882 sacerdos
1243 1846 1281 1881 in
1309 1850 1515 1881 aeternum.
1580 1840 1706 1882 Porro

154 1913 341 1954 sacerdos
363 1912 401 1952 in
432 1919 633 1952 aeteruum
665 1910 753 1951 ideo
780 1918 912 1952 manet
939 1918 981 1951 ut
1004 1925 1119 1952 orare
1143 1910 1281 1966 possit.
1346 1908 1461 1951 Hunc
1484 1910 1608 1965 ipsum
1629 1910 1707 1964 spi-

154 1981 270 2022 ritum
299 1979 527 2021 Abraliamo
553 1993 622 2033 per
653 1979 743 2019 illud
777 1986 927 2034 tempus
950 1979 1172 2020 occurrisse
1205 1987 1326 2034 putat.
1390 1978 1464 2020 Est
1489 1980 1616 2031 enim,
1649 1979 1707 2019 in-

156 2049 261 2104 quit,
305 2048 384 2088 filio
410 2048 571 2098 similis;
617 2061 736 2101 quare
773 2047 820 2087 ab
856 2048 1032 2102 apostolo
1069 2047 1209 2088 dieitur
1238 2063 1318 2087 esse
1351 2051 1432 2088 sine
1450 2056 1586 2101 patre,
1629 2051 1709 2087 sine

155 2125 298 2164 matre,
333 2120 414 2156 sine
435 2118 675 2168 genealogia.
741 2118 832 2154 Sine
855 2124 995 2164 matre,
1031 2116 1131 2170 quod
1157 2117 1315 2156 omnino
1338 2117 1481 2157 nullam
1505 2116 1706 2166 liabnerit3

155 2189 237 2226 sine
252 2193 379 2237 patre,
416 2184 515 2238 quod
543 2197 630 2224 eum
657 2183 693 2223 in
719 2190 823 2224 terra
847 2198 925 2224 non
949 2184 1150 2235 habuerit,
1193 2187 1327 2224 similis
1350 2200 1437 2224 vero
1448 2186 1540 2237 filio
1566 2187 1629 2223 dei
1646 2186 1707 2236 fa-

158 2261 241 2293 ctus
263 2260 388 2293 monet
410 2254 586 2291 sacerdos
609 2255 646 2290 in
671 2259 876 2290 aeternum.
942 2250 1110 2293 Praeter
1134 2253 1229 2293 haec
1256 2253 1373 2293 multa
1406 2253 1479 2293 alia
1502 2253 1547 2293 de
1570 2251 1709 2306 spiritu

158 2329 296 2362 saneto
319 2320 498 2374 garriens
525 2319 758 2360 l'usissimam
786 2320 832 2360 de
859 2333 904 2360 eo
927 2320 1225 2374 disputationem
1251 2321 1433 2362 institnit.
1491 2318 1570 2361 Sed
1595 2333 1708 2374 prae-

159 2389 311 2444 cipuum
337 2388 530 2442 opinionis
554 2401 648 2428 suae
673 2388 956 2428 firmamentum
991 2402 1042 2428 ex
1064 2388 1164 2429 libro
1190 2390 1354 2443 quodam
1379 2388 1440 2443 qui
1466 2388 1708 2428 Anabaticus

161 2455 290 2498 Isaiae
322 2455 533 2509 inscriptus
560 2462 642 2505 est,
677 2456 866 2506 arcessit,
914 2470 989 2510 quo
1017 2456 1056 2496 in
1091 2456 1189 2497 libro
1219 2457 1274 2497 sic
1302 2457 1494 2510 loquitur:
1543 2459 1712 2496 Ostendit

160 2526 255 2564 milei
274 2525 433 2575 angelus
459 2526 503 2561 (le
534 2523 702 2562 omnibus
725 2538 850 2562 coram
876 2538 951 2571 me,
995 2532 1031 2562 el
1056 2528 1217 2564 ostendi!
1241 2527 1351 2571 milii,
1397 2532 1433 2562 el
1454 2527 1574 2572 delcit,
1620 2527 1710 2574 Quis

162 2600 220 2632 est
242 2594 293 2631 ad
313 2594 505 2630 deoeleram
533 2593 623 2629 dei?
682 2593 733 2629 Et
753 2593 849 2638 de‘m‘,
891 2594 944 2630 Τιι
969 2595 1066 2639 scis,
1101 2596 1259 2632 domine.
1329 2595 1417 2631 Tam
1444 2594 1522 2639 ille,
1556 2595 1629 2631 Hic
1656 2600 1714 2631 est

162 2662 335 2699 dilectus.
401 2661 454 2698 Et
475 2662 559 2711 quis
583 2666 640 2697 est
659 2661 758 2698 alter
778 2674 810 2698 ez
833 2662 968 2699 similis
991 2663 1060 2712 qui
1077 2675 1099 2699 α
1120 2664 1276 2700 sinislra
1303 2664 1420 2708 venit,
1456 2668 1491 2699 el
1514 2663 1617 2708 deiri,
1658 2663 1711 2700 Tea

163 2731 285 2776 nosti,·
319 2729 380 2766 ln'c
401 2734 458 2765 est
479 2729 636 2778 spiritus
657 2735 810 2766 sanetus
823 2757 833 2774 ‚
869 2730 937 2779 qui
954 2730 990 2766 in
1018 2735 1052 2766 te
1076 2730 1242 2780 loquitur
1265 2736 1301 2766 et
1323 2731 1359 2767 in
1387 2730 1597 2780 prophetis.
1661 2730 1713 2767 E!

163 2830 337 2868 scripturae
358 2830 566 2860 testimonium
587 2829 672 2859 dedit
690 2830 814 2860 Nicetes
832 2830 917 2860 Thes.
1009 2826 1040 2861 4.
1067 2827 1144 2862 εἶπα
1160 2832 1284 2862 Nicelas
1302 2832 1321 2860 l.
1337 2832 1369 2869 l.‚
1393 2833 1419 2862 et
1442 2831 1487 2862 ed.
1503 2832 1610 2863 Ρειαυ.
1642 2827 1714 2863 εἶπε

168 2875 295 2906 orthod.
331 2875 418 2905 Fidei
438 2874 489 2913 1V,
514 2872 567 2905 34.
618 2875 788 2905 Cornarius
809 2877 835 2905 et
859 2876 918 2905 Pe·
964 2875 1052 2905 codd.
1079 2876 1208 2913 Rhediq.
1233 2879 1259 2906 et
1279 2877 1338 2907 len.

167 2921 270 2949 levius
290 2919 451 2950 ediderunt
475 2916 551 2960 περὶ
574 2916 715 2951 πάντων.
754 2920 792 2950 Et
814 2922 918 2950 tamen
1010 2919 1041 2950 ὁ.
1068 2916 1145 2951 εἶπα
1168 2921 1290 2951 nicetas
1312 2921 1330 2951 l.
1344 2922 1376 2960 1.,
1400 2924 1427 2953 et
1447 2922 1615 2954 ed-Petav.
1642 2917 1713 2954 εἶπε

164 2966 298 2994 verterat
328 2964 499 2995 Coi-narius
531 2962 747 2995 obambulans
782 2963 917 3006 angelus
965 2965 1040 2996 liber
1062 2967 1196 3005 scriptus
1216 2968 1350 3006 uterque.

169 3017 281 3040 coram
307 3019 372 3040 me·
