2030 3324
494 195 677 228 PANARn
701 196 784 227 Lm.
802 197 842 227 11.
870 197 1037 229 TOM.11.
1064 197 1344 229 HAER.LX1X.
1635 189 1717 229 629

160 273 293 314 inania
319 273 508 326 quaedam
534 274 861 325 introduxerunt,
908 276 1046 330 quibus
1080 283 1272 317 terrarum
1308 277 1441 317 orbem
1479 290 1716 330 magnopere

161 341 454 397 perturbarunt.
521 339 708 383 Ceterum
737 342 932 384 Hebraice
965 345 1079 399 longe
1109 345 1222 384 aliter
1252 345 1416 399 legitur,
1464 346 1627 399 ideoque
1659 344 1716 385 sic

160 409 301 464 Aquila
323 409 628 463 interpretatur:
671 415 851 451 Dominus
872 416 1039 464 possedit
1066 428 1134 451 me.
1192 411 1332 452 Solent
1354 412 1456 452 enim
1482 413 1544 466 qui
1571 413 1715 452 tiberos

159 477 375 532 suscipiunt
399 477 515 531 vulgo
541 478 697 530 dicere,
731 478 895 520 Possedi
921 481 1054 520 lilium.
1118 478 1363 534 Quamquam
1390 494 1437 520 ne
1466 481 1606 534 Aquita
1632 481 1715 534 qui-

161 546 246 586 dem
272 544 349 584 vim
375 545 470 585 satis
500 547 714 600 expressit.
772 546 876 588 Nam
900 548 1014 599 illud,
1048 550 1368 599 I’ossecle'file'um‚
1405 562 1544 588 recens
1570 549 1713 602 aliquid

159 627 203 654 ac
233 627 376 653 novum
401 613 617 667 significat,
653 615 867 656 cuiusmodi
895 616 932 655 in
959 616 1031 655 deo
1058 615 1150 655 nihil
1177 622 1252 655 est.
1316 615 1378 655 Ae
1399 616 1430 655 si
1454 616 1538 669 quis
1571 616 1712 655 nihilo-

160 680 287 721 minus
320 681 410 721 ittud
444 683 709 733 concesserit,
753 684 908 737 genitus
943 691 1070 723 tamen
1105 697 1125 723 a
1163 690 1270 738 patre
1307 683 1407 723 fitius
1443 698 1518 723 non
1557 690 1712 723 creatus

159 749 446 790 existimandus
471 757 553 800 est,
589 758 701 805 atque
732 752 782 791 ita
809 751 960 805 quidem
984 751 1140 805 genitus
1173 758 1214 791 ut
1241 751 1326 790 sine
1350 758 1523 806 tempore
1548 758 1612 790 aut
1641 751 1713 791 iui-

158 817 211 858 tio
237 817 286 858 sit
312 818 483 870 genitus.
547 818 688 873 Neque
724 820 824 859 enim
864 819 980 859 filium
1016 820 1119 859 inter
1151 826 1187 859 et
1226 826 1373 874 patrem
1407 826 1557 873 tempus
1597 819 1714 859 ulium

158 885 417 939 interceptum
455 894 537 937 est,
586 901 633 927 ne
668 901 741 940 qua
777 887 965 941 temporis
1002 902 1089 940 pars
1124 888 1188 927 filii
1224 888 1415 940 originem
1449 887 1714 928 antecessisse

156 953 322 994 dicatur.
384 953 488 995 Nam
524 959 562 994 εἰ
585 969 655 1007 per
687 958 805 1006 ipsum
825 957 939 1008 saela
964 963 1055 994 snut
1081 959 1225 1003 omnia,
1272 956 1387 995 etiam
1423 962 1596 1009 tempora
1625 956 1707 1011 ipsa
1728 965 1831 995 loann.
1852 967 1920 1003 1,³.

156 1024 257 1062 facta
280 1023 357 1064 sint
381 1030 550 1078 oportet.
615 1021 728 1075 Quod
757 1022 789 1063 si
819 1030 971 1077 tempus
997 1023 1150 1077 aliquod
1175 1031 1265 1063 ante
1288 1022 1422 1063 vomnia
1448 1024 1631 1064 extitisse
1658 1024 1713 1064 di-

155 1098 280 1142 catur,
316 1106 483 1145 quonam
511 1091 624 1130 modo
648 1090 740 1131 illud
769 1090 941 1131 existet?
984 1090 1246 1145 Quaerendus
1271 1091 1450 1131 nimirum
1477 1091 1576 1131 alter
1600 1092 1712 1132 nobis

155 1159 279 1210 fliius,
315 1173 335 1199 a
357 1174 431 1214 quo
457 1166 608 1213 tempus
633 1166 724 1199 ante
748 1159 863 1199 filium
889 1159 1118 1214 productum
1145 1159 1211 1199 sit.
1276 1157 1478 1200 Scxcenta
1514 1167 1606 1199 sunt
1637 1159 1713 1200 alia

155 1228 293 1282 quibus
322 1228 567 1269 curiosorum
593 1227 814 1278 hominnm,
860 1241 985 1282 neque
1016 1227 1104 1268 boni
1136 1227 1315 1282 quiddam
1347 1227 1619 1278 afferentium,
1654 1228 1713 1268 in-

155 1295 273 1351 genia
310 1296 650 1337 inextricabilibus
685 1296 947 1336 difficultatum
986 1296 1136 1348 laqueis
1174 1295 1436 1350 implicantur.
1499 1293 1581 1335 lam
1615 1310 1712 1336 vero

155 1363 352 1405 Hebraice
388 1365 439 1405 ita
471 1365 637 1419 legitur:
682 1367 857 1411 Adonai,
904 1364 975 1404 hoc
1001 1371 1061 1404 est
1092 1367 1295 1411 Hominem,
1334 1366 1499 1412 canani,
1546 1364 1618 1404 boc
1653 1371 1714 1404 est

156 1435 268 1472 Velut
282 1436 429 1486 pullum
457 1436 575 1472 edidit
594 1448 662 1480 me,
698 1433 761 1473 vel
786 1436 957 1472 Possedit
979 1448 1056 1481 me,·
1092 1433 1210 1473 multo
1233 1440 1361 1472 autem
1386 1432 1629 1473 commodius
1653 1439 1714 1473 est

153 1508 195 1542 ut
223 1502 352 1556 priore
381 1502 496 1541 modo
525 1502 734 1551 reddatur,
774 1504 962 1554 Tanquam
988 1504 1135 1553 pullum
1161 1503 1280 1540 ede'ele't
1303 1515 1372 1539 me.
1437 1499 1585 1555 Ecquis
1615 1515 1712 1541 vero

154 1571 280 1626 pullus
315 1584 366 1610 ex
392 1569 475 1610 eius
503 1577 641 1609 natura
677 1584 751 1609 non
779 1569 1040 1624 proficiscitur
1075 1584 1094 1609 a
1118 1584 1193 1624 quo
1215 1570 1371 1623 genitus
1395 1570 1481 1609 est?
1542 1568 1616 1609 Est
1647 1569 1712 1609 itta

154 1639 307 1693 quidem
335 1638 629 1678 formandorum
664 1651 871 1692 corporum
906 1638 1005 1678 ratio
1040 1645 1080 1678 ut
1115 1652 1166 1678 ex
1194 1637 1397 1691 utriusque
1433 1636 1712 1677 coniunctione

153 1721 275 1747 sexus
304 1708 430 1747 foetus
460 1720 596 1746 omnes
630 1707 827 1756 existant,
872 1706 986 1760 idque
1012 1707 1136 1762 ipsum
1169 1713 1244 1746 tam
1276 1705 1314 1745 in
1344 1705 1499 1745 bomine
1525 1720 1638 1759 quam
1673 1706 1711 1745 in

154 1775 390 1830 pecudibus,
436 1774 685 1826 volucribus,
732 1789 777 1815 ac
818 1775 961 1815 ceteris
1003 1773 1266 1815 animantibus
1306 1774 1499 1814 videmus.
1565 1772 1712 1826 Quam-

154 1843 288 1884 obrem
324 1842 548 1897 unigenitus
576 1843 635 1883 dei
661 1843 784 1894 filius,
826 1844 1004 1898 idemque
1041 1844 1213 1899 perfecta
1252 1842 1372 1896 patris
1400 1842 1593 1897 sapientia
1625 1856 1710 1882 cum

152 1913 204 1952 ita
232 1912 420 1966 perficere
444 1912 573 1952 omnia
601 1911 720 1952 vellet
747 1918 786 1952 ut
813 1912 858 1951 ad
884 1911 1061 1952 homines
1088 1911 1349 1952 moderandos
1376 1924 1420 1950 ac
1452 1910 1710 1964 corrigendos

153 1981 355 2030 valerent,
391 1994 439 2020 ne
464 1981 548 2035 quis
572 1980 618 2020 de
645 1980 730 2035 ipso
756 1981 852 2020 falsa
881 1980 1066 2034 quaedam
1097 1979 1389 2034 suspicaretur,
1434 1986 1472 2018 et
1495 1993 1515 2018 a
1542 1978 1710 2018 veritate

154 2049 379 2099 excideret,
425 2055 602 2089 naturam
639 2048 805 2089 bominis
838 2048 1058 2103 suscipiens
1094 2055 1232 2102 atque,
1279 2054 1319 2087 ut
1351 2054 1489 2088 natura
1517 2047 1617 2096 fert,
1664 2047 1710 2087 de

153 2118 318 2159 muliere
343 2117 523 2172 genitus,
559 2124 716 2172 totoque
741 2116 1010 2172 parturitionis
1038 2125 1212 2172 tempore
1249 2117 1288 2156 in
1313 2115 1479 2169 virginis
1510 2122 1622 2155 utero
1649 2129 1712 2155 re-

152 2187 311 2236 sidens,
347 2200 591 2240 nequaquam
619 2193 754 2226 estex
779 2185 881 2226 virili
911 2185 1060 2226 semine
1091 2186 1271 2239 genitus,
1306 2198 1354 2224 ne
1381 2198 1453 2238 qua
1479 2183 1540 2224 vei
1569 2183 1604 2222 in
1640 2182 1711 2223 hac

153 2268 343 2310 corporea
368 2253 625 2308 generatione
650 2268 816 2295 sexuum
841 2254 977 2308 copula
1002 2261 1108 2294 esset
1130 2267 1173 2293 ac
1196 2252 1442 2293 coniunctio:
1470 2265 1606 2291 verum
1627 2251 1710 2291 sota

154 2337 204 2364 ex
237 2330 361 2363 matre
388 2337 545 2363 carnem
573 2323 745 2377 accepit,
791 2324 1084 2378 perfectamque
1110 2322 1148 2362 in
1183 2335 1273 2362 sese
1309 2319 1476 2361 bominis
1511 2326 1707 2371 naturam,

153 2405 280 2446 neque
304 2405 480 2431 mancam
512 2398 578 2431 aut
602 2391 808 2441 defectam,
838 2393 904 2432 sed
928 2405 1060 2432 veram
1088 2405 1133 2431 ac
1160 2395 1469 2431 consummatam
1493 2388 1706 2442 expressit.

152 2458 257 2501 Nam
288 2460 440 2499 tametsi
469 2460 624 2500 minime
661 2473 712 2500 ex
739 2459 812 2500 viri
846 2467 933 2500 satu
959 2459 1171 2514 prodierit,
1206 2457 1299 2498 nihil
1325 2457 1359 2496 ei
1387 2463 1515 2496 tamen
1540 2457 1584 2496 ad
1611 2456 1711 2496 inte-

153 2529 334 2584 gritatem
373 2528 518 2578 defuit,
566 2528 739 2582 adeoque
775 2528 858 2568 suis
897 2528 1076 2568 omnibus
1114 2527 1287 2582 partibus
1323 2525 1523 2564 absolutus
1560 2524 1706 2575 extitit,

153 2611 294 2647 carne,
331 2597 487 2646 nervis,
523 2597 659 2647 venis,
694 2610 739 2636 ac
762 2595 923 2650 reliquis
949 2595 1157 2645 eiusmodi,
1193 2595 1319 2635 anima
1345 2599 1566 2648 praeterea,
1596 2606 1708 2646 quam

154 2680 230 2706 non
258 2665 388 2721 specie
415 2672 551 2714 tenus,
586 2665 653 2704 sed
679 2665 807 2718 reipsa
833 2663 1027 2718 suscepit,
1062 2663 1242 2703 similiter
1268 2669 1305 2701 et
1330 2668 1523 2713 mentem,
1556 2661 1709 2715 aliaque

154 2733 304 2785 omnia,
350 2733 489 2788 quibus
515 2732 681 2772 bominis
713 2739 850 2772 natura
877 2739 1055 2782 constat,
1100 2738 1256 2786 praeter
1287 2737 1513 2785 peecatum,
1557 2744 1627 2784 pro
1660 2743 1707 2770 eo

154 2816 198 2842 ac
223 2802 408 2857 scriptum
437 2809 519 2852 est,
559 2805 736 2840 Teutalus
758 2815 829 2853 per
857 2804 978 2840 omnia
1010 2802 1149 2852 absque
1177 2807 1345 2851 peceato.
1411 2796 1464 2840 Ut
1500 2812 1585 2839 cum
1619 2798 1703 2838 sola
1722 2807 1853 2842 nebr.4‚
1872 2807 1913 2837 15.

155 2885 206 2910 ex
231 2877 353 2910 matre
381 2872 577 2925 perfecte,
611 2876 650 2909 et
677 2869 821 2923 absque
846 2868 910 2909 illo
938 2869 1090 2908 defectu
1115 2868 1327 2908 seeundum
1359 2881 1515 2907 earnem
1549 2866 1608 2906 bic
1640 2880 1708 2921 ge-

157 2938 260 2978 nitus
285 2939 355 2989 sit,
394 2939 466 2979 hoc
496 2939 618 2993 ipsum
649 2937 706 2977 bis
733 2937 913 2977 ostendat
942 2937 1003 2991 qui
1030 2936 1236 2976 veritatem
1263 2935 1432 2986 intueri,
1467 2950 1539 2976 nec
1565 2948 1710 2975 excae-

161 3015 247 3047 cata
273 3015 401 3049 mente
427 3021 516 3049 esse
542 3007 762 3057 voluerint,
797 3020 882 3047 eum
910 3005 947 3046 in
977 3005 1088 3046 coelo
1114 3005 1286 3062 perfecte
1319 3004 1404 3046 sine
1429 3004 1506 3045 utto
1534 3011 1709 3062 tempore
