2030 3324
475 180 656 212 PANAnn
683 181 766 213 Lm.
788 181 827 213 n.
851 181 958 214 Tou.
981 183 1021 214 11.
1048 183 1178 214 miza.
1200 182 1330 214 Lth.
1611 175 1692 215 6253

138 274 220 299 rum
262 262 367 298 me‘slt
402 274 478 306 me,
527 263 617 298 deus
658 262 849 308 Abmmm,
899 265 989 300 (lens
1031 266 1159 309 Isaac,
1211 271 1248 300 el
1287 266 1376 301 (leus
1418 263 1542 301 lamb.
1619 260 1692 304 Ubi

139 327 379 368 Abraamtnn
407 327 645 378 nominavit,
683 330 744 383 qni
773 328 955 385 Moysen}
987 331 1154 385 quinque
1185 339 1249 371 ant
1275 346 1345 371 sex
1373 330 1693 385 generationibus

138 396 366 436 antecessit.
432 393 530 436 Cum
558 403 684 437 autem
709 401 813 437 deum
838 408 990 451 pult-mn
1018 399 1140 449 (lixit,
1176 400 1274 452 qnod
1300 401 1497 453 antiquum
1525 407 1608 440 erat
1635 401 1691 440 in-

138 463 296 504 dicavit.
361 464 415 503 At
437 462 601 519 Moyses
626 466 812 519 singulari
842 468 1004 521 quadam
1037 466 1238 521 prudentia
1267 467 1325 506 dei
1359 467 1548 507 benelirio
1582 482 1693 522 prae-

140 532 241 572 ditus
267 531 359 572 nihil
388 532 434 571 (le
460 532 518 572 his
542 533 764 575 sciscitatus
788 543 862 585 est,
898 536 964 575 sed
993 535 1092 588 quod
1119 534 1426 574 vetustissimum
1454 543 1514 575 est
1539 536 1693 589 quaesi-

139 600 209 640 vit.
273 604 331 647 Si,
367 599 507 654 inquit,
545 604 672 640 radam
704 606 754 641 ad
784 605 890 650 illos,
926 611 962 641 el
991 606 1160 641 (leirert'lel
1191 605 1305 649 mihi,
1345 606 1452 653 Quod
1479 611 1535 642 es!
1564 608 1602 642 ω’
1627 620 1693 643 ηο-

139 673 249 708 mete?
289 671 380 722 quid
409 671 487 707 illis
517 673 775 722 respondebo?
835 670 1014 711 Tandem
1052 684 1146 724 ergo
1174 671 1268 710 (lens
1299 671 1469 725 seipsum
1504 671 1554 711 illi
1589 679 1694 726 pate-

140 737 311 787 faciens,
357 741 462 789 Ego,
498 738 644 792 inquit,
678 754 758 778 sam
783 742 850 791 qm'
870 754 965 777 sum.
1032 737 1103 780 [Tbi
1131 738 1294 793 primuni
1330 739 1376 778 ab
1409 739 1454 779 iis
1479 754 1576 794 qnae
1605 755 1693 795 pro-

137 806 244 846 xima
271 813 382 847 erant
408 807 624 862 incepisse,
662 814 738 847 tuin
766 814 964 862 postremo
987 807 1086 861 quod
1117 821 1306 847 summum
1337 814 1375 847 rt
1401 808 1574 848 ultimum
1609 816 1695 849 erat

139 874 361 915 declarasse
384 876 595 915 cernimus.
663 874 809 915 Eodem
837 875 950 915 modo
976 873 1108 915 Lucas
1133 876 1180 915 ab
1209 876 1348 916 intimis
1381 891 1426 916 ac
1458 877 1599 917 ritimis
1632 891 1694 917 or-

138 943 256 984 ditur.
330 947 414 996 lpse
446 947 573 990 Iesus,
622 942 767 997 inquit,
813 952 896 982 era!
930 947 1110 996 incipiens
1144 948 1257 996 qnasi
1289 960 1471 985 (κηποι-ηιμ
1516 950 1689 997 triginta,
1715 956 1882 989 Lura-ts.

127 1014 267 1064 filius,
304 1021 345 1051 ut
363 1013 592 1064 putabatur,
629 1014 782 1063 Ioseph,
819 1014 987 1064 qm'sm't
1010 1014 1095 1059 Eli,
1131 1015 1299 1065 quisue?
1322 1017 1502 1062 Mallum,
1539 1017 1696 1067 qm'fiu'!

139 1083 318 1129 Nathan,
365 1084 435 1133 qm'
457 1082 542 1132 fui!
575 1083 714 1127 David,
765 1083 833 1132 (μα’
856 1082 934 1132 lid!
963 1082 1099 1127 Indae,
1147 1084 1215 1132 qm'
1230 1082 1317 1134 fuit
1345 1084 1480 1130 Iacob,
1530 1086 1598 1135 qai
1619 1084 1697 1135 [ιη’]

138 1150 332 1197 Abraam,
376 1152 445 1201 qui
458 1150 549 1201 suit
576 1151 753 1195 Naehot·,
796 1152 864 1201 qui
880 1150 967 1203 sm't
992 1150 1094 1195 Nais,
1137 1152 1205 1201 (μα’
1227 1151 1305 1201 fici!
1336 1153 1493 1198 Lamee,
1530 1153 1699 1204 qm'sm'l

140 1220 291 1265 Enoch,
328 1221 396 1270 qui
417 1219 496 1270 fuit
518 1219 632 1265 Seth,
670 1220 738 1270 qm'
760 1219 839 1270 fnit
861 1220 1008 1264 Adam,
1046 1221 1115 1270 qui
1141 1219 1215 1263 fuit
1244 1221 1316 1257 (lei.
1383 1217 1425 1258 ln
1452 1219 1590 1274 quibus
1614 1220 1696 1261 ani-

138 1285 351 1327 madvertis
378 1285 540 1340 primum
575 1294 780 1341 susceptae
813 1285 941 1326 carnis
972 1286 1208 1326 mentionem
1243 1300 1332 1328 esse
1363 1289 1522 1339 factam,
1559 1289 1697 1329 deinde

140 1355 240 1409 quod
266 1362 504 1410 postremum
530 1361 615 1394 erat
643 1353 842 1394 iniectum.
908 1352 1034 1407 Quam
1064 1355 1111 1395 ob
1136 1369 1314 1396 caussam
1342 1354 1570 1398 Matthaeus
1603 1371 1697 1411 qno-

141 1437 214 1478 que
239 1424 447 1463 adventum
473 1437 556 1463 cum
582 1437 700 1463 earne
724 1421 872 1463 Christi
898 1423 942 1463 ad
969 1423 1164 1463 hominum
1190 1424 1364 1464 notitiam
1390 1426 1620 1479 perducere,
1654 1439 1697 1465 ae

141 1491 320 1547 corporis
348 1491 566 1546 prosapiam
603 1499 813 1546 pertexere
851 1492 1013 1541 volens,
1059 1506 1133 1531 non
1167 1492 1223 1532 sic
1257 1506 1426 1534 exorsus
1454 1500 1534 1534 est:
1581 1497 1695 1533 Gene-
1719 1503 1871 1533 Manna.

138 1565 238 1601 ratio
262 1564 349 1600 Iesu
374 1563 522 1599 Cln‘e'sll
536 1561 835 1612 filz'z'„·{braam,
883 1561 951 1601 sed
985 1560 1147 1615 primum
1178 1560 1241 1600 filii
1267 1559 1416 1613 David,
1464 1569 1598 1617 postea
1632 1562 1697 1602 lilii

139 1629 339 1680 Abraam,
385 1635 424 1669 ut
451 1629 552 1683 quod
589 1642 727 1669 recens
764 1636 824 1669 est
855 1636 1132 1684 conspectum,
1177 1644 1223 1669 ac
1250 1630 1348 1684 quod
1384 1631 1605 1685 proximum
1638 1638 1698 1671 est

140 1698 434 1748 confirmatum,
471 1697 650 1752 quodque
678 1697 859 1753 superius
889 1698 1012 1738 adhuc
1037 1705 1097 1738 est
1122 1698 1320 1749 indicans,
1355 1698 1446 1739 illud
1477 1713 1552 1739 una
1577 1698 1699 1754 signi-

138 1766 228 1808 ficet
261 1766 361 1821 quod
394 1773 550 1807 creatas
582 1779 646 1807 res
680 1780 816 1807 omnes
849 1773 1032 1822 superat,
1068 1767 1291 1821 auferrique
1326 1781 1402 1807 non
1436 1775 1579 1822 potest.

257 1833 456 1889 Quocirca
487 1834 624 1875 beatus
660 1833 829 1875 loannes
865 1843 951 1891 post.
987 1835 1083 1876 alios
1110 1835 1298 1887 veniens,
1342 1850 1427 1876 cum
1451 1836 1628 1877 homines
1659 1835 1697 1877 in
1749 1849 1826 1891 Cap.

139 1903 272 1945 infima
296 1901 444 1945 Christi
478 1911 616 1944 natura
653 1910 755 1944 totos
787 1904 967 1960 occupari
996 1912 1203 1955 cerneret,
1248 1911 1364 1959 atque
1390 1903 1617 1945 Ebionaeos
1649 1905 1696 1945 ob
1734 1895 1864 1928 ΧΧῙΗ·

141 1986 371 2027 corpoream
397 1972 544 2013 Christi
575 1973 846 2027 genealogiam
882 1973 927 2013 ab
954 1973 1154 2014 Abraamo
1190 1974 1418 2024 deduc-tam,
1464 1980 1503 2013 et
1535 1988 1555 2014 a
1588 1972 1699 2014 Luca

143 2041 188 2082 ad
213 2040 407 2081 Adamum
442 2055 562 2095 usque
599 2055 753 2081 sursum
789 2042 1003 2097 profectam
1040 2041 1078 2082 in
1113 2056 1288 2082 errorem
1314 2042 1502 2082 abductos
1528 2042 1696 2094 videret,

141 2109 218 2150 imo
243 2116 281 2149 et
309 2106 590 2150 Cerinthianos
619 2125 663 2150 ae
681 2108 972 2151 Merinthianos
999 2124 1048 2151 ex
1079 2111 1279 2165 utriusque
1306 2124 1428 2151 sexus
1450 2111 1697 2165 copulatione

143 2191 292 2218 merum
320 2177 514 2218 hominem
549 2185 678 2219 natum
714 2179 819 2219 illum
850 2193 1056 2230 asserere,
1099 2179 1277 2234 idemque
1306 2186 1345 2219 et
1368 2177 1628 2230 Nazaraeos,
1664 2188 1701 2220 et

143 2246 351 2286 nonnullas
378 2246 474 2287 alias
500 2246 685 2288 haereses
711 2248 883 2299 sentire,
920 2255 1098 2302 tanquam
1122 2255 1342 2304 postremus
1369 2247 1538 2288 onmium
1568 2248 1700 2302 (quar-

146 2321 206 2355 tus
230 2315 331 2355 enim
359 2315 418 2355 hie
441 2315 686 2370 evangelium
715 2317 889 2357 seribere
916 2331 1130 2371 aggressus
1155 2318 1230 2371 est)
1253 2317 1483 2357 aberrantes
1514 2316 1626 2369 ilios,
1662 2323 1700 2358 et

146 2383 184 2423 in
208 2382 414 2423 humanam
440 2380 588 2424 Christi
624 2386 918 2439 generationem
949 2385 1032 2440 plus
1056 2400 1167 2440 quam
1203 2400 1273 2441 par
1296 2392 1402 2426 esset
1434 2385 1606 2427 intentos
1639 2399 1700 2427 re-

145 2465 292 2492 vocare
318 2451 508 2501 instituit,
543 2453 782 2508 perindeque
809 2468 853 2494 ac
887 2454 918 2494 si
943 2454 1152 2495 nonnullos
1186 2469 1254 2509 per
1275 2454 1388 2495 (levia
1417 2469 1461 2495 ac
1495 2454 1698 2496 salebrosa

147 2519 346 2574 divagari,
381 2533 474 2560 vera
500 2534 544 2560 ac
569 2529 673 2561 recta
700 2522 761 2562 via
789 2522 999 2573 derelicta,
1045 2537 1145 2578 pone
1180 2523 1382 2564 ambulans
1415 2530 1620 2574 cerneret,
1655 2537 1699 2564 ea

148 2588 431 2644 quodammodo
462 2596 521 2628 est
548 2589 764 2631 allocutus:
810 2590 899 2645 Quo
926 2592 1079 2632 tendis?
1120 2605 1247 2646 quove
1279 2591 1353 2631 iter
1376 2590 1553 2632 habetis?
1614 2590 1697 2633 Vos

148 2657 209 2711 qui
237 2671 418 2712 asperum
447 2671 491 2697 ac
519 2657 708 2698 lubricum
738 2659 812 2700 iter
836 2659 1003 2710 tenetis,
1039 2661 1138 2714 quod
1166 2660 1202 2699 in
1231 2659 1459 2713 voraginem
1488 2667 1527 2700 et
1549 2661 1699 2716 praeci-

147 2725 282 2781 pitium
310 2725 475 2776 desinit,
512 2727 646 2780 pedem
670 2727 875 2768 reflectite.
937 2727 1030 2768 Non
1058 2728 1109 2768 ita
1134 2735 1175 2768 ut,
1197 2729 1338 2782 putatis
1363 2742 1453 2769 sese
1478 2743 1541 2769 res
1565 2729 1697 2781 habet,

149 2808 275 2848 neque
298 2809 348 2835 cx
376 2793 457 2835 sola
480 2792 611 2835 Maria
633 2795 692 2835 dei
723 2795 882 2836 verbum
919 2796 1061 2837 editum
1091 2803 1174 2847 est,
1209 2797 1309 2850 quod
1334 2796 1380 2837 ab
1405 2804 1568 2839 aeterno
1593 2806 1701 2854 pater

149 2965 279 3006 fortasse
303 2967 433 3007 aliquid.
947 2969 1171 3009 cod.Rhe‹1i9.,
1193 2972 1220 3001 et
1242 2978 1340 3010 supra
1363 2978 1482 3012 quoque
1503 2971 1535 3003 in
1557 2971 1625 3011 ipso
1648 2980 1701 3003 ca-

198 3011 274 3043 Cn».
294 3012 426 3043 ΧΧΙΗ.
463 3032 506 3037 -
571 3013 595 3045 1.
623 3008 901 3057 ἦσχρλησμένους
945 3017 1020 3055 pitis
1045 3017 1140 3047 initio.
