2066 3319
197 915 264 944 pag.
284 907 341 937 594.

172 1314 260 1357 Κεφ.
279 1314 335 1354 ξε’.

362 201 441 240 354
923 205 1085 238 SANGTI
1109 206 1336 239 EPIPHANII

361 284 445 337 κήν.
505 281 696 324 Ἠδύνατο
721 277 794 324 οὖν
814 283 882 324 καὶ
903 281 972 331 τάς
992 281 1108 332 οὕλάς
1130 282 1359 336 ἀπαλεῖψαι,
1390 281 1467 325 ἀλλ’
1487 280 1562 324 οὐκ
1583 280 1800 335 ἀπαλείφει,
1830 285 1896 325 ἵνα

361 352 490 408 ἐλέγξῃ
514 351 577 401 σὲ,
611 345 641 391 ῶ
665 349 838 403 θεηλατε.
887 348 990 405 ’Ἆρα
1014 345 1086 392 οὖν
1107 346 1157 404 ἦν
1177 351 1220 393 τὸ
1246 356 1356 404 σῶμα
1378 350 1420 393 vd
1445 353 1484 393 ἐν
1505 355 1557 408 τῷ
1579 355 1750 409 μνημείῳ
1774 353 1896 405 ταφὲν

360 418 402 460 τὸ
429 418 657 473 τριήμερον,
688 419 754 459 καὶ
787 416 857 460 σύν
889 418 996 475 αὐτῷ
1025 417 1199 460 ἀναστάν
1228 421 1267 461 έν
1300 425 1348 477 τῇ
1381 418 1596 461 ἀναστάσει.
1643 418 1794 471 ’Ἑδειξε
1823 419 1895 475 γὰρ

359 488 426 528 καὶ
450 485 545 528 ὄστᾶ
570 487 637 528 καὶ
662 487 784 541 δέρμα
813 487 880 528 καὶ
909 484 1079 542 σάρκας,
1113 485 1165 536 ῶς
1191 489 1343 542 εἴρηκεν
1368 486 1447 538 ὅτι,
1486 489 1624 528 Εἴδετε
1653 486 1714 529 ὅτι
1743 493 1897 541 πνεῦμα

360 556 486 609 σοίρκα
507 555 575 596 καὶ
600 552 693 596 ὄστᾶ
715 553 789 596 οὐκ
812 556 898 608 ἔχει,
931 552 984 604 ὦς
1007 553 1122 610 ὁρᾶτέ
1151 573 1195 609 με
1223 557 1366 609 ἔχοντα.
1430 559 1525 604 Πῶς
1549 550 1621 597 οὗν
1645 558 1797 609 εἶςῆλθε
1820 562 1897 597 θυ-

361 628 442 678 ρῶν
464 625 760 678 κεκλεισμένων,
800 621 876 664 ἀλλ’
903 626 969 664 ἰ’να
997 626 1101 682 δείξῃ
1128 623 1188 665 ὅτι
1213 629 1324 677 σῶμα
1348 624 1419 676 μέν
1441 625 1536 673 ἐστι,
1567 625 1634 665 καὶ
1664 623 1711 665 οὐ
1742 629 1897 677 πνεῦμα

360 690 403 733 τό
426 689 648 747 ὁρώμενον,
680 690 777 735 ἀλλά
804 697 916 745 σῶμα
939 691 1223 745 πνευματικόν,
1255 694 1320 733 καί
1344 694 1403 734 τοί
1426 708 1467 747 γε
1492 691 1563 733 συν
1581 697 1691 750 ψυχῇ
1715 693 1783 734 καὶ
1805 691 1898 734 θεό-

360 777 443 813 τητι
466 761 533 802 καὶ
563 760 633 819 ὅλῃ
664 766 710 819 τῇ
737 759 1037 815 ἐνανθρωπήσει
1067 758 1161 802 αὕτό
1187 759 1253 811 δν,
1285 757 1379 801 ἀλλά
1403 759 1688 813 πνευματικόν,
1727 757 1822 801 αὐτὸ
1853 759 1896 802 τό

360 845 455 870 ποτε
481 830 699 884 παχυμερὲς
726 829 974 884 λεπτομερὲς,
1005 827 1101 870 αὐτό
1131 826 1174 870 τὸ
1201 828 1513 882 ἐσταυρωμένον,
1543 830 1611 870 καὶ
1642 825 1736 869 αὐτὸ
1763 826 1806 869 τὸ
1837 844 1898 869 κε-

362 898 603 952 κρατημένον
636 893 882 953 α’κράτητον,
922 897 1140 938 σννενωθὲν
1174 897 1239 938 καὶ
1275 896 1497 951 συγκραθὲν
1530 901 1577 953 τῇ
1609 895 1791 950 θεότητι,
1829 897 1896 938 καὶ

362 963 492 1007 οὐκέτι
513 964 723 1018 λυόμενον,
755 963 833 1007 ἀλλ’
860 967 914 1014 εἰς
946 965 1007 1006 ἀεὶ
1034 966 1217 1019 διαμένον
1248 966 1383 1018 μηκέτι
1410 963 1682 1018 ἀποθνήσκον.
1740 962 1896 1017 Ἀνέστη

362 1032 434 1089 γάρ
463 1033 636 1090 Χριστός
664 1036 706 1076 ἐκ
735 1038 904 1089 νεκρῶν,
936 1031 1091 1089 ἀπαρχὴ
1121 1036 1198 1074 τῶν
1223 1033 1532 1086 κεκοιμημένων·
1565 1031 1693 1074 οὐκέτι
1717 1030 1897 1085 ἀποθνή-

360 1116 463 1153 σκει,
494 1101 671 1152 θάνατος
701 1101 824 1144 αὐτοῦ
855 1100 986 1144 οὐκέτι
1014 1100 1196 1157 κυριεύει.

461 1305 548 1348 Ἵνα
573 1307 614 1347 δὲ
635 1311 736 1363 γνῷς
757 1307 824 1347 καὶ
844 1310 981 1356 τοῦτο,
1013 1304 1057 1347 δι’
1086 1304 1135 1358 ἣν
1161 1306 1289 1345 αἰτίαν
1312 1301 1467 1359 ἀπαρχὴ
1498 1310 1575 1347 τῶν
1604 1307 1896 1360 κεκοιμημένων

358 1375 504 1429 λέγεται
527 1372 550 1415 ὅ
578 1372 770 1429 Χριστὸς,
808 1376 875 1414 καί
901 1376 961 1414 τοί
990 1389 1030 1428 γε
1056 1370 1128 1414 οὐκ
1160 1370 1281 1414 αὐτοῦ
1312 1369 1533 1427 ἀρξαμένου
1558 1371 1811 1426 ἀνίστασθαι,
1841 1400 1897 1407 -

359 1442 434 1496 πρὸ
460 1440 583 1483 αὐτοῦ
615 1441 687 1497 γάρ
722 1439 933 1494 ἀνέστησαν
967 1439 1014 1482 δι’
1047 1439 1169 1482 αὐτοῦ
1198 1438 1383 1494 Λάζαρος
1412 1441 1479 1481 καὶ
1511 1438 1534 1482 ὁ
1563 1440 1748 1496 υἷὸς’τῆς
1777 1441 1896 1497 χήρας

359 1511 424 1551 καὶ
447 1509 572 1561 ἄλλοι,
603 1511 670 1551 καὶ
691 1507 755 1551 διά
774 1507 904 1560 Ἠλία,
935 1510 1001 1550 καὶ
1023 1507 1088 1550 διά
1108 1507 1346 1550 Ἐλισσαίου·
1379 1506 1456 1549 ἀλλ’
1481 1507 1614 1563 ἐπειδὴ
1636 1511 1778 1552 ἐκεῖνοι
1797 1508 1895 1552 ποίν-

360 1595 420 1626 τες
445 1576 680 1626 ἀναστάντες
712 1576 830 1619 πάλιν
859 1576 1116 1630 τεθνήκασιν,
1157 1576 1259 1619 οὕτω
1287 1575 1458 1633 Χριστὸς
1485 1575 1640 1632 ἀπαρχὴ
1663 1582 1742 1620 τῶν
1770 1595 1895 1620 κεκοι-

360 1646 553 1699 μημένων.
611 1644 800 1694 Ἀναστάς
823 1644 894 1700 γάρ
918 1644 1049 1687 ου’κέτι
1068 1643 1328 1698 ἀποθνήσκει,
1361 1643 1413 1693 ῶς
1434 1642 1458 1698 ἦ
1479 1646 1667 1698 μέλλουσα
1686 1644 1897 1695 ἀνάστασις

360 1711 459 1756 εἶναι
480 1713 546 1755 διά
569 1718 638 1767 τῆς
660 1712 782 1755 αὐτοῦ
805 1718 906 1767 ζωῆς
929 1715 994 1755 καὶ
1020 1716 1331 1769 φιλανθρωπίας.
1379 1715 1435 1754 Εἰ
1453 1715 1495 1755 δέ
1519 1714 1619 1756 ἐστιν
1641 1712 1795 1770 ἀπαρχὴ
1817 1719 1896 1757 τῶν

358 1782 671 1835 κεκοιμημένων,
710 1783 778 1823 καὶ
810 1780 948 1835 ἀνέστη
981 1781 1072 1824 ὅλον
1102 1780 1144 1824 vd
1179 1780 1303 1823 αὐτοῦ
1334 1787 1446 1835 σῶμα
1477 1779 1550 1823 σῦν
1579 1787 1626 1840 τῇ
1657 1782 1838 1837 θεότητι,
1869 1780 1897 1836 ’ἦ

360 1848 484 1891 αὐτοῦ
506 1849 807 1905 ένανθρώπησις
831 1849 1040 1902 ἀναστᾶσα,
1071 1851 1138 1891 καὶ
1158 1848 1325 1903 μηδενός
1351 1852 1389 1900 ἐξ
1412 1848 1533 1904 αὐτῆς
1551 1853 1894 1904 καταλειφθέντος,

360 1915 448 1959 οὔτε
470 1922 602 1971 σῶμα,
634 1916 721 1959 οὕτε
743 1918 873 1973 ἕτερόν
893 1937 938 1960 τι.
1004 1917 1063 1960 Οὕ
1086 1917 1157 1973 γάρ
1178 1920 1469 1973 ἐγκαταλείψεις
1490 1917 1560 1972 τήν
1584 1918 1717 1972 ψυχήν
1740 1937 1816 1972 μου
1841 1921 1895 1969 εἰς

347 1984 502 2039 ’Ἁιδην,
534 1984 625 2028 οὐδὲ
649 1985 785 2035 δώσεις
804 1986 870 2028 τόν
894 1986 1003 2029 ὅσιόν
1029 2001 1101 2028 σου
1127 1989 1224 2028 ἰδεῖν
1243 1985 1485 2042 διαφθοράν.
1546 1988 1626 2028 Καὶ
1648 1986 1689 2029 τό
1714 1988 1783 2041 μὲν
1805 1989 1893 2042 περὶ

360 2058 490 2107 ’ψυχῆς
516 2055 557 2096 ἐν
581 2059 636 2112 τῷ
650 2053 770 2112 ”Ἀιδῃ
795 2058 972 2108 σημαίνει
996 2054 1038 2097 τὸ
1072 2054 1124 2108 μή
1148 2060 1471 2107 καταλελεῖφθαι,
1501 2053 1570 2097 τὸν
1599 2055 1640 2096 δὲ
1669 2054 1798 2107 ὅσιον,
1828 2057 1895 2097 ἵνα

360 2124 464 2180 δείξῃ
488 2120 531 2164 τό
556 2121 666 2164 ὅσιον
691 2127 821 2176 σῶμα,
852 2122 894 2165 τό
919 2122 970 2177 μή
992 2122 1167 2179 ἕωρακὸς
1197 2121 1447 2179 διαφθοράν,
1480 2121 1572 2165 ἀλλά
1594 2121 1764 2166 ἀναστὰν
1783 2121 1893 2167 ἀδιά-

360 2197 520 2246 φθορον
544 2190 586 2233 τὸ
611 2189 840 2247 τριήμερον,
870 2193 936 2232 καὶ
962 2196 1008 2249 τῇ
1033 2190 1243 2249 ἀφθαρσίᾳ
1265 2192 1537 2246 συνηνωμένον
1564 2193 1618 2241 εἰς
1640 2191 1708 2234 τόν
1730 2193 1864 2234 αἰῶνα.

473 2461 535 2504 Σύ
567 2464 608 2505 δὲ
631 2462 814 2516 φάσκεις,
849 2457 879 2504 ὦ
903 2458 1039 2514 οὗτος,
1070 2468 1191 2505 ταῦτα
1222 2462 1270 2506 τά
1298 2463 1457 2518 σώματα
1483 2462 1582 2506 εἶναι
1602 2462 1695 2514 τούς
1717 2466 1893 2520 δερματί-

361 2549 457 2580 νους
481 2536 666 2585 χιτῶνας,
699 2529 877 2585 οὐδαμοῦ
907 2535 975 2584 τῆς
1000 2529 1242 2581 ἀκολουθίας
1272 2537 1386 2575 τοῦτο
1417 2532 1598 2587 ἐχούσης,
1629 2531 1722 2574 ἀλλά
1752 2531 1818 2575 διά
1846 2532 1894 2575 τά

363 2601 402 2641 ἐν
424 2601 485 2642 σοὶ
505 2598 571 2641 ἀπ’
595 2598 714 2655 ἀρχῆς
735 2600 936 2655 σπέρματα
956 2601 1251 2653 καταβληθέντα
1271 2606 1340 2654 τῆς
1361 2599 1440 2643 ἀπὸ
1464 2605 1542 2643 τῶν
1563 2598 1755 2654 Ἑλλήνων
1776 2602 1892 2643 ἔθνο-

363 2666 499 2721 μύθου
527 2670 796 2719 διδασκαλίας,
831 2668 898 2709 καὶ
925 2666 990 2709 διά
1016 2666 1083 2710 τόν
1116 2669 1198 2710 ἐκεῖ
1224 2670 1520 2724 παροξυνθέντα
1553 2683 1614 2710 σοι
1643 2667 1893 2724 κακότροπον

361 2734 545 2791 λογισμὸν
574 2741 643 2789 τῆς
672 2737 761 2791 περὶ
793 2740 861 2789 τῆς
885 2733 1129 2784 ἀναστάσεως
1157 2735 1356 2788 ἀπιστίας,
1395 2739 1498 2791 φημὶ
1530 2738 1571 2778 δὲ
1592 2734 1786 2790 Ἑλλήνων
1815 2741 1893 2778 τῶν

363 2818 404 2844 σε
430 2805 483 2852 εἰς
504 2809 619 2846 τοῦτο
642 2803 881 2860 ἀγαγόντων.
939 2801 982 2845 Ὁ
1013 2802 1085 2859 γάρ
1117 2804 1287 2857 ψυχικὸς
1311 2804 1548 2861 ἅνθρωπος,
1579 2805 1722 2857 φησὶν,
1753 2803 1801 2846 οὕ
1831 2806 1890 2847 δέ-

362 2887 466 2924 χεται
486 2870 531 2913 τά
551 2876 620 2914 τοῦ
642 2871 876 2926 πνεύματος
908 2874 1034 2928 μωρία
1057 2869 1128 2927 γάρ
1152 2870 1260 2929 αὐτῷ
1285 2874 1397 2924 ἐστιν,
1429 2873 1490 2914 ὅτι
1511 2877 1781 2925 πνευματικῶς
1800 2871 1892 2915 ἀνα-

361 2941 541 2994 κρίνεται.
600 2942 656 2982 Εἰ
685 2941 754 2995 μὲν
787 2939 860 2997 γάρ
895 2939 972 2997 πρὸ
1005 2945 1076 2994 τῆς
1106 2944 1309 2996 παρακοῆς
1339 2943 1380 2983 οἱ
1409 2944 1564 2994 χιτῶνες
1592 2946 1675 2990 τοῖς
1705 2942 1793 2997 περὶ
1822 2940 1891 2984 τᾶν
