2030 3324
481 217 661 250 PANARH
687 219 769 252 Lm.
790 220 831 251 n.
857 221 964 254 Toni.
986 222 1023 254 n.
1049 220 1183 254 men.
1200 221 1326 253 inx.
1601 211 1682 254 683

139 296 276 352 quibus
309 302 514 351 propterea
550 304 725 338 sanctum
763 299 823 339 dei
855 300 1029 354 spiritum
1069 300 1116 340 iis
1150 300 1266 341 rebus
1303 314 1401 355 quae
1436 301 1560 341 tactae
1595 307 1685 340 sunt

139 364 387 405 annumerari
411 364 519 415 libet,
554 366 653 419 quod
678 366 728 406 ita
751 367 936 422 scriptum
965 368 1036 408 sit:
1073 372 1143 407 Per·
1167 373 1284 421 ipsum
1309 372 1430 408 omnia
1445 371 1557 421 saeta
1579 376 1679 407 sunt.

140 430 401 486 Consequens
426 432 543 487 igitur
570 441 627 473 est
655 441 695 474 ut
718 435 850 475 eadem
881 450 952 476 vos
974 436 1150 486 ratione,
1192 436 1253 476 vel
1276 437 1373 477 alius
1397 436 1584 491 quispiam
1616 450 1686 476 vo-

138 500 196 540 bis
221 499 394 539 deterior
415 500 465 539 ita
489 501 618 541 animo
644 503 860 557 concipiat,
896 504 1009 543 etiam
1033 511 1180 557 patrem
1212 503 1334 558 ipsum
1361 518 1429 558 per
1455 505 1571 545 filium
1596 518 1685 545 esse

139 569 308 618 sactum,
343 574 385 608 ut
409 567 524 623 impia
548 577 680 610 vestra
710 572 785 611 fert
806 571 1015 611 sententia.
1063 569 1215 626 Quippe
1240 572 1456 625 generatim
1482 571 1686 612 universe-

137 649 210 690 que
239 643 426 690 concepta
454 644 513 676 est
547 639 695 689 oratio,
731 652 828 692 quae
857 642 978 677 οιηηία
1002 654 1072 691 per
1102 643 1219 691 ipsum
1240 641 1353 692 ι[ὶιοΙα
1384 654 1463 678 esse
1494 640 1681 680 declarat.

137 701 252 756 Quod
279 703 311 743 si
336 704 525 744 eiusmodi
554 706 694 760 aliquid
721 707 767 746 de
796 713 902 760 patre
931 707 1120 761 suspicari
1154 707 1309 761 impium
1336 721 1380 747 ac
1401 708 1580 748 stolidum
1606 714 1681 758 cst,

137 771 302 826 idipsum
329 786 481 826 quoque
506 773 552 813 de
578 774 653 813 illis
677 773 977 814 existimandum
1014 781 1073 814 est
1109 774 1170 828 qui
1204 774 1275 814 lioe
1307 775 1352 815 ad
1387 775 1562 830 spiritum
1595 789 1685 815 san-

136 847 240 880 ctum
270 842 530 891 transferunt,
565 842 628 895 qui
652 856 737 882 cum
765 849 874 896 patre
898 842 1051 895 filioque
1077 850 1318 882 numeratur.
1366 841 1470 883 Nam
1498 844 1529 883 si
1554 857 1683 884 rerum

139 908 328 948 saetarum
363 909 499 949 ordine
532 909 822 960 contineretur,
868 923 954 950 cum
982 910 1159 950 increato
1193 917 1300 964 patre
1333 918 1370 950 et
1402 911 1577 951 increato
1609 912 1685 952 lilio

136 989 379 1030 nequaquam
403 978 665 1017 numerandus
692 985 813 1018 esset.
879 976 958 1017 Sed
983 978 1082 1031 quod
1109 977 1311 1018 increatus
1340 978 1411 1029 sit,
1446 978 1591 1019 idcirco
1616 993 1686 1019 nu-

136 1051 325 1085 meratur.
392 1042 574 1085 Christus
604 1045 705 1085 enim
730 1045 852 1094 dixit,
900 1048 1044 1084 Euntes
1076 1046 1266 1097 baptizate
1297 1049 1334 1084 ite
1366 1050 1515 1086 nomine
1540 1050 1680 1099 pali-ek,
1705 1061 1816 1089 nauh.

136 1120 174 1151 et
189 1114 295 1164 filii,
331 1120 369 1151 et
395 1116 554 1164 spiritus
583 1116 719 1152 sancti.
785 1110 954 1165 Quinam
981 1127 1097 1167 porro
1122 1120 1277 1153 creatus
1303 1126 1390 1154 esse
1415 1120 1543 1167 potest
1573 1114 1687 1168 spiri·
1722 1096 1765 1129 κε’
1787 1096 1826 1124 ¹⁹*

136 1186 198 1220 tus
225 1180 311 1230 ille,
347 1181 393 1220 de
419 1194 494 1234 quo
518 1180 571 1220 ita
598 1187 784 1221 testatur:
831 1184 872 1220 A
895 1189 1008 1233 patre
1031 1183 1226 1233 procedit,
1272 1189 1309 1220 et
1337 1184 1382 1220 de
1412 1196 1490 1220 meo
1521 1185 1687 1234 accipit?
1706 1180 1827 1244 ¹33⁰&-

137 1261 206 1302 per
229 1262 341 1302 quem
368 1256 406 1288 et
437 1248 632 1289 hominum
658 1250 829 1302 perfecta
854 1249 960 1289 salus
987 1256 1023 1289 et
1047 1248 1266 1289 incarnatio
1291 1249 1337 1288 ad
1370 1262 1523 1289 omnem
1550 1249 1687 1290 iustiti·
1759 1237 1766 1250 ’

137 1316 329 1355 nationem
354 1324 415 1356 est
435 1316 620 1371 impleta?
668 1319 785 1356 L'noez't
812 1321 906 1356 em'm
938 1319 1043 1356 illum
1066 1320 1204 1369 spiritu
1226 1326 1377 1365 saneto,
1414 1318 1466 1358 ait
1493 1318 1684 1372 scriptura
1705 1328 1766 1356 Act.
1791 1329 1833 1363 ιο,
1850 1328 1892 1356 aa

136 1384 183 1424 de
207 1383 379 1424 domino.
442 1382 654 1438 Nunquam
678 1393 806 1425 autem
834 1385 1038 1425 humanam
1066 1384 1166 1425 illam
1203 1394 1381 1426 naturam
1416 1387 1454 1426 in
1487 1399 1600 1426 unam
1634 1386 1689 1426 di-

136 1451 337 1492 vinitatem
364 1466 449 1492 cum
484 1452 556 1492 deo
581 1453 703 1493 verbo
736 1452 981 1493 coniunctam
1016 1460 1199 1493 creatura
1228 1454 1355 1508 aliqua
1393 1461 1502 1509 pater
1525 1454 1689 1508 inunge-

136 1526 210 1559 ret.
274 1518 391 1559 Nunc
417 1534 503 1560 cum
527 1535 601 1560 una
627 1521 676 1560 sit
701 1520 878 1571 trinitas,
915 1522 1065 1575 triaque
1095 1522 1293 1575 perlecta,
1328 1529 1366 1562 et
1389 1536 1462 1562 una
1487 1522 1686 1573 divinitas,

137 1587 427 1642 dispensatione
455 1589 617 1642 quadam
643 1589 724 1629 fieri
752 1589 823 1629 hoc
857 1589 894 1629 in
927 1589 1002 1629 filio
1025 1589 1178 1637 debuit,
1221 1596 1260 1629 ut
1294 1590 1332 1630 in
1363 1590 1542 1630 omnibus
1575 1591 1688 1631 laude

137 1669 183 1695 ac
207 1656 328 1710 gloria
362 1657 557 1697 celebrata
580 1664 888 1711 cognosceretur
916 1658 1085 1697 trinitas.
1150 1655 1485 1710 Quemadmodum
1512 1672 1597 1699 cum
1622 1659 1689 1699 ad·

136 1737 277 1764 versus
304 1724 490 1765 haereses
514 1739 650 1765 omnes
676 1726 722 1765 de
750 1725 888 1780 spiritu
910 1733 1045 1765 sancto
1071 1724 1381 1779 disputaremus,
1417 1740 1493 1766 non
1522 1741 1597 1766 uno
1624 1733 1690 1767 aut

138 1793 262 1832 altero
291 1792 514 1833 testimonio
552 1793 802 1848 probavimus
837 1794 897 1833 dei
934 1807 1022 1833 esse
1055 1793 1254 1848 spiritum,
1298 1794 1360 1847 qui
1393 1808 1478 1834 cum
1509 1802 1619 1848 patre
1652 1801 1691 1834 et

138 1861 215 1901 lilio
241 1861 482 1901 collaudetur
504 1862 728 1912 increatus,
763 1861 1034 1908 immutabilis,
1077 1868 1116 1901 et
1145 1862 1357 1915 perfectus.
1423 1860 1687 1915 Quamobrem

137 1929 206 1969 hac
234 1929 272 1969 in
301 1936 410 1984 parte
442 1929 778 1970 contentiosorum
813 1929 1098 1970 haereticorum
1131 1929 1292 1970 exclusa
1326 1930 1427 1970 ratio
1459 1938 1544 1981 est,
1590 1944 1688 1984 quae

135 1997 175 2037 in
206 1997 293 2037 illos
326 1997 431 2052 ipsos
463 1997 616 2038 recidit.

249 2064 417 2119 Reliqua
451 2067 565 2106 modo
601 2080 699 2120 quae
731 2066 871 2106 afferre
899 2066 1027 2106 solent
1062 2066 1374 2107 consideremus.
1438 2066 1551 2106 Hanc
1583 2066 1684 2107 enirn
1700 2074 1893 2118 Cap.LV11.

135 2140 342 2188 praeterea
365 2134 507 2173 domini
536 2135 770 2175 sententiam
804 2134 1042 2189 perabsurde
1068 2136 1292 2189 proferunt,
1327 2148 1400 2189 qua
1426 2135 1578 2189 quidem
1605 2135 1688 2189 ipse

136 2201 255 2252 dixit,
303 2204 401 2252 Quid
429 2217 485 2241 me
514 2205 608 2241 dicis
640 2204 802 2242 bonum?
846 2218 941 2242 unus
972 2210 1028 2241 es!
1058 2204 1175 2241 bonus
1206 2206 1309 2242 deus.
1377 2201 1418 2242 ln
1446 2217 1522 2256 quo
1543 2210 1685 2243 semet·
1708 2209 1833 2272 Νἷὲῑῑὶιιέ.

135 2269 259 2324 ipsum
284 2270 331 2309 ab
354 2271 524 2310 essentia
549 2271 671 2324 patris
696 2278 734 2310 et
758 2285 926 2326 persona
953 2284 1161 2325 separasse
1187 2271 1355 2311 videtur.
1420 2270 1568 2310 Verum
1597 2271 1688 2310 ridi-
1764 2265 1772 2279 '

136 2337 261 2378 culum
285 2339 355 2378 hoc
378 2338 530 2378 illorum
554 2346 822 2392 argumentum
848 2346 922 2379 est.
971 2338 1075 2379 'Nam
1101 2339 1164 2393 qui
1191 2346 1265 2379 tarn
1289 2340 1406 2379 multa
1432 2339 1467 2378 in
1494 2352 1564 2378 nos
1590 2338 1688 2379 bona

136 2405 322 2457 contulit,
365 2406 522 2446 minime
551 2407 702 2446 illorum
730 2407 912 2462 opinione
947 2408 1072 2449 bonus
1100 2407 1298 2448 habendus
1328 2414 1402 2447 est.
1467 2404 1566 2459 Quis
1599 2407 1689 2461 [iugi

136 2481 260 2530 potest
295 2474 535 2530 improbior?
576 2475 886 2530 quandoquidem
911 2476 974 2529 qui
1000 2490 1068 2530 pro
1092 2475 1231 2515 ovibus
1260 2475 1341 2515 suis
1366 2475 1532 2515 animam
1558 2476 1690 2529 prosu-

136 2543 213 2592 dit,
249 2543 311 2597 qui
339 2543 384 2583 ad
408 2543 628 2597 patiendum
656 2550 794 2598 sponte
822 2544 1046 2594 descendit,
1081 2558 1168 2584 cum
1192 2544 1373 2583 immunis
1399 2543 1444 2582 ab
1472 2544 1575 2582 ouini
1603 2557 1688 2598 pas-

135 2611 247 2652 sione
275 2612 370 2651 ‹lcus
399 2618 525 2660 essct,
572 2612 634 2665 qui
659 2611 886 2652 delictorum
923 2611 1034 2652 nobis
1065 2612 1228 2665 gratiam
1263 2612 1377 2660 t'ccit,
1421 2611 1482 2665 qui
1514 2611 1550 2650 in
1584 2611 1688 2650 omui

137 2678 356 2720 lsrae'litico
382 2679 522 2734 populo
550 2679 813 2732 aegritudines
838 2680 1016 2729 sanavit,
1048 2681 1110 2733 qui
1137 2694 1205 2734 pro
1232 2693 1300 2719 sua
1322 2678 1494 2718 bonitate
1521 2685 1596 2718 tam
1629 2678 1687 2719 in-

137 2748 288 2788 finitum
316 2747 510 2787 hominnm
539 2761 663 2801 genus
686 2748 865 2801 collegit,
900 2748 962 2802 qui
988 2748 1174 2787 bonitatis
1201 2747 1493 2787 administrator
1517 2754 1556 2787 et
1582 2747 1689 2802 pacis

136 2816 315 2856 dominus
338 2822 419 2864 cst,
454 2815 595 2855 bonum
629 2815 783 2869 inquam
809 2815 898 2855 illud
927 2815 1086 2855 verbum
1115 2816 1214 2869 quod
1245 2815 1291 2855 ab
1315 2822 1477 2854 aeterno
1503 2814 1604 2855 bono
1638 2829 1689 2856 ex

137 2891 246 2938 patre
271 2884 443 2938 genitum
467 2878 549 2933 est,
586 2887 661 2934 Qui
679 2886 744 2922 dal
766 2898 886 2922 escam
906 2886 1150 2930 omnicarm',
1186 2883 1248 2937 qui
1276 2882 1312 2923 in
1340 2883 1560 2924 hominibus
1583 2891 1688 2923 cete-

137 2952 268 3005 risque
291 2966 311 2991 a
334 2966 377 2992 se
401 2953 598 3007 productis
623 2952 801 2992 omnibus
824 2951 1035 2992 bonitatem
1060 2951 1260 3006 impertiit,
1292 2951 1414 2992 bonus
1438 2951 1485 2991 ab
1508 2951 1583 2991 illis
1611 2966 1686 2992 non

135 3032 196 3063 lon.
219 3034 312 3072 repet.
985 3029 1034 3063 13.
1058 3030 1155 3065 τοῦτο
1176 3029 1395 3074 οἰκονομικῶς
1415 3032 1482 3063 cod.
1504 3032 1632 3071 Rhediq.
