2030 3324
478 204 661 237 PANARn
687 204 770 237 Lm.
790 205 830 236 11.
855 205 963 238 ToM.
986 206 1027 237 11.
1051 205 1184 237 HAER.
1206 205 1333 237 inx.
1601 197 1682 236 655

131 292 246 339 atque
274 297 408 325 aurem
436 283 708 334 admoverint,
752 291 830 324 tum
865 284 1106 325 vociferator
1137 285 1201 325 ille
1233 286 1332 339 quod
1369 285 1500 325 dicere
1538 284 1684 324 consti—

132 359 261 393 tuerat
291 351 513 392 distinctius
548 352 758 405 eloquitur.
836 350 891 392 lta
929 367 1024 406 ergo
1060 351 1229 393 loannes
1266 368 1347 393 vox
1384 354 1573 407 quaedam
1613 352 1684 392 suit

131 420 408 475 praeparandis
434 419 629 459 hominum
657 420 831 460 auribus.
877 418 969 460 Non
995 422 1097 460 enim
1121 434 1252 460 sermo
1278 421 1358 475 ipse
1385 421 1469 470 l'uit,
1504 421 1570 460 sed
1597 427 1685 474 post

131 488 235 528 illum
258 501 388 528 sermo
411 488 565 528 tandem
594 488 773 537 advenit,
809 487 918 528 cuius
948 489 1072 541 gratia
1098 490 1373 542 praeparatrix
1407 489 1470 528 illa
1504 503 1583 529 vox
1614 503 1681 528 an-

131 562 364 596 tecesserat.
429 554 539 596 Unde
562 555 676 594 etiam
703 555 754 595 ita
779 556 970 609 loquitur:
1018 558 1100 593 l'oar
1129 558 1327 594 clamanus
1350 559 1387 594 in
1413 560 1584 595 deserto:
1613 571 1683 608 pa-

132 631 216 663 rate
238 627 317 662 ve‘os
341 626 493 662 dome’m‘.
561 621 713 678 Quippe
741 638 817 663 vox
846 629 1074 677 praeparat,
1110 624 1288 663 dominus
1319 631 1446 664 autem
1478 638 1684 679 praepara-

132 699 190 732 tas
216 691 290 731 iam
317 691 401 731 vias
425 690 658 744 ingreditur.
724 689 900 744 Itemque
931 704 1011 730 vox
1046 705 1160 730 aures
1187 691 1232 730 ad
1263 691 1498 731 audientiam
1526 707 1683 747 compo-

132 759 210 809 nit3
245 772 343 813 quae
368 759 431 799 ubi
455 773 600 799 vacuas
624 773 666 799 se
693 758 968 813 praebuerint,
1004 765 1081 798 tum
1112 772 1243 798 sermo
1265 760 1501 799 audientium
1526 760 1685 800 auribus

130 827 365 867 immittitur.
429 826 538 867 Nihil
569 834 629 867 cst
665 827 782 880 igitur
808 829 907 880 quod
942 826 1062 866 Arius
1095 827 1256 881 eiusque
1293 829 1465 868 lautores
1499 828 1685 883 arripiant

130 908 183 936 ex
208 895 279 935 boc
308 895 410 945 loco,
445 909 531 935 cum
554 895 683 934 divina
705 894 851 935 veritas
875 894 1044 934 l'idelium
1070 896 1222 934 aninms
1248 902 1434 950 perpetuo
1462 896 1682 947 collustret,

131 977 180 1005 ne
212 964 258 1004 ab
291 977 336 1004 ea
367 964 493 1004 salute
525 963 733 1003 deflectant
763 975 863 1016 quae
901 975 969 1017 per
1002 962 1162 1003 verbum
1194 963 1254 1004 dei
1297 963 1417 1004 lilium
1457 978 1595 1006 revera
1627 965 1685 1004 in-

130 1039 304 1072 creatum
337 1046 380 1072 ac
411 1031 584 1086 genitum
617 1030 829 1070 obtinetur.

245 1098 324 1140 Iam
349 1113 444 1140 vero
469 1099 768 1153 progredientes
803 1112 945 1152 porr0,
988 1105 1028 1138 et
1060 1099 1105 1138 ad
1141 1111 1184 1138 ea
1209 1112 1308 1152 quae
1335 1107 1553 1154 sequnntur
1574 1100 1683 1141 dein·
1745 1109 1823 1150 Cup.

130 1181 221 1222 ceps
255 1175 530 1218 transeuntes,
565 1166 658 1207 nibil
685 1180 820 1206 eorum
859 1167 1216 1221 praetermittemus
1250 1181 1348 1221 qnae
1384 1169 1430 1208 ad
1466 1167 1686 1209 dissolven-
1736 1155 1845 1185 XLU·

131 1237 218 1277 dum
242 1236 353 1276 initio
378 1235 674 1291 proposuimus,
709 1235 776 1275 sed
802 1235 1085 1288 consequentia
1120 1235 1257 1275 ordine
1290 1243 1559 1289 pertexemus.
1622 1235 1687 1277 Ex

131 1305 207 1346 alio
230 1305 358 1359 itaque
386 1305 471 1344 loeo
497 1302 694 1358 opinionis
727 1316 822 1343 suae
857 1303 1169 1357 comprobandae
1203 1312 1476 1357 argumentum
1509 1304 1684 1355 eliciunt,

131 1388 183 1414 ex
216 1387 287 1423 eo,
332 1373 512 1426 inquam,
547 1372 647 1425 quod
673 1369 814 1411 Petrus
844 1370 880 1410 in
905 1370 1019 1411 Actis
1054 1372 1318 1426 apostolorum
1348 1373 1499 1413 dixisse
1526 1373 1684 1427 legitur,

129 1444 375 1496 Manesestum
406 1444 457 1479 sit
489 1441 589 1479 vobis
621 1443 739 1479 omnis
761 1442 890 1478 domus
919 1442 1051 1487 lsrael,
1086 1444 1259 1492 quoniam
1284 1443 1382 1480 ltemc
1407 1445 1543 1489 Iesum,
1579 1457 1683 1494 quem
1704 1455 1804 1486 Act.2,
1816 1456 1857 1482 313.

129 1513 403 1563 crueffioeiste's,
448 1517 486 1548 et
513 1512 721 1556 dominnm,
767 1516 804 1547 et
835 1511 1024 1547 Cleresmm
1066 1512 1185 1560 ipsum
1219 1512 1310 1548 dens
1346 1512 1451 1561 sece'l.
1532 1508 1684 1563 Quibus

129 1580 168 1619 iu
211 1579 343 1619 verbis
384 1577 670 1618 observandum
713 1577 803 1617 illud
844 1584 1004 1616 monent
1037 1578 1136 1631 quod
1172 1579 1308 1631 fecisse
1348 1578 1566 1628 scribatur3
1613 1592 1685 1618 nec

130 1647 178 1687 ad
210 1647 331 1702 ipsam
361 1645 596 1686 sententiam
621 1645 848 1695 attendunt,
893 1659 992 1698 quae
1018 1644 1185 1698 seipsam
1210 1645 1398 1685 declarat.
1461 1649 1592 1694 Hunc,
1631 1647 1688 1687 in·

132 1715 237 1770 quit,
282 1718 427 1761 Iesum,
464 1721 505 1754 ut
529 1721 767 1768 assumptam
792 1727 814 1753 a
840 1714 996 1753 domino
1026 1721 1201 1754 naturam
1240 1713 1406 1754 bominis
1429 1715 1686 1755 demonstret.

134 1782 240 1825 Nam
265 1797 318 1824 ex
343 1783 400 1823 his
424 1783 577 1832 verbis,
622 1785 732 1822 Hunc
759 1785 879 1821 Iesum
905 1797 1010 1834 quem
1037 1784 1308 1834 erueg'fi'oezslis,
1354 1784 1598 1836 perspicuum
1630 1791 1689 1823 est

133 1852 180 1892 de
209 1865 327 1892 carne
352 1851 416 1892 illa
441 1864 531 1892 esse
559 1864 780 1891 sermonem
815 1864 929 1904 quam
954 1850 1016 1890 isti
1039 1851 1334 1891 crucifixerant.
1382 1849 1594 1905 Propterea
1623 1852 1690 1891 do-

131 1920 259 1961 minus
294 1920 331 1960 in
369 1919 599 1974 evangelio,
643 1922 756 1958 Neme
778 1927 922 1966 amem,
959 1918 1036 1968 ait,
1071 1923 1253 1971 quaerelis
1277 1934 1332 1958 me
1355 1921 1589 1971 e'nletssficerffi
1624 1922 1690 1959 lzo-
1711 1931 1897 1968 toanufflm.

130 1991 286 2036 minem,
332 1992 400 2041 qni
426 1992 616 2027 veritatem
644 1989 791 2027 loculus
819 2003 900 2026 sum
932 1989 1057 2035 vobis,
1102 2002 1211 2040 quam
1241 1990 1373 2027 audivi
1400 2002 1422 2026 a
1449 1995 1562 2040 patre
1591 2003 1683 2028 meo.

131 2056 274 2111 Neque
301 2063 432 2097 tamen
468 2056 514 2097 ab
550 2056 717 2097 bumana
751 2056 815 2096 illa
845 2064 982 2097 natura
1015 2055 1256 2096 divinitatem
1285 2056 1494 2096 abstraxit.
1557 2055 1689 2110 Siqui-

132 2126 218 2166 dem
247 2125 343 2166 haec
369 2125 415 2165 ab
442 2125 504 2165 illa
529 2125 755 2165 imminente
781 2125 966 2179 passione
994 2131 1175 2179 separata
1202 2139 1278 2165 non
1307 2124 1397 2174 fuit,
1444 2138 1516 2164 nee
1541 2124 1580 2164 in
1608 2125 1689 2179 ipsa

131 2196 284 2235 demum
313 2194 498 2248 passione
526 2193 660 2233 eadem
686 2200 747 2233 est
779 2207 799 2233 a
825 2193 947 2234 verbo
982 2193 1047 2233 illa
1077 2193 1279 2233 derelicta.
1345 2192 1424 2234 Sed
1451 2205 1576 2246 neque
1600 2205 1689 2232 ver-

132 2263 220 2303 bum
247 2261 442 2317 passionis
478 2262 604 2301 omnis
643 2275 787 2315 expers
823 2270 938 2302 antea
971 2275 1125 2316 passum
1160 2268 1244 2312 est,
1289 2260 1464 2315 quamvis
1497 2260 1535 2300 in
1570 2274 1688 2301 earne

133 2331 306 2386 patiente
336 2331 543 2370 resideret.
609 2328 765 2370 Etenim
795 2344 870 2370 una
904 2337 943 2370 et
968 2330 1101 2370 eadem
1127 2330 1335 2384 appellatio
1371 2337 1448 2369 tam
1481 2328 1540 2368 dei
1575 2343 1687 2382 qnam

135 2399 302 2439 hominis
329 2405 491 2438 naturae
517 2411 626 2448 vere,
662 2405 699 2438 ct
724 2399 878 2453 proprie
905 2399 1105 2449 convenit,
1141 2413 1186 2439 ae
1213 2405 1287 2438 tam
1312 2404 1494 2451 suscepta
1522 2397 1688 2437 hominis

133 2481 154 2508 a
180 2467 302 2507 verbo
329 2474 466 2507 natura
495 2481 608 2520 quam
635 2467 813 2507 dominus
840 2467 878 2508 in
901 2474 1100 2522 assumpta
1126 2479 1244 2507 carne
1267 2466 1486 2506 subsistens
1505 2463 1688 2506 Christus

135 2536 290 2576 dicitur.
357 2533 504 2575 Verum
529 2549 666 2588 passus
695 2535 732 2575 in
763 2548 881 2576 carne
917 2536 962 2575 ad
989 2548 1076 2575 eum
1105 2535 1258 2575 modum
1282 2534 1423 2574 dicitur
1446 2547 1521 2587 quo
1544 2532 1688 2575 Petrus

135 2604 288 2645 locutus
320 2610 404 2653 est,
454 2605 603 2642 Christo
641 2618 753 2655 passo
789 2619 861 2655 pro
901 2604 1008 2644 nobis
1039 2606 1076 2642 in
1107 2617 1243 2650 carne,
1291 2616 1366 2656 quo
1398 2602 1608 2642 immunem
1641 2602 1894 2647 abll‘ctr.3‚21.

135 2672 238 2713 omni
267 2671 438 2726 patiendi
469 2671 693 2711 conditione
721 2671 964 2712 divinitatem
994 2671 1205 2725 significet.
1270 2669 1392 2720 Item,
1435 2672 1613 2710 Mortems
1643 2674 1681 2710 in
1720 2679 1856 2707 1bid.¹8.

135 2756 270 2788 carne,
307 2742 517 2792 vivificatus
547 2747 669 2778 autem
699 2743 850 2792 spiritu.
916 2739 1046 2794 Ergo,
1081 2742 1190 2779 Heme
1220 2742 1364 2786 Iesum,
1398 2753 1503 2791 quem
1534 2741 1688 2791 ct'ztcg'fi-
1709 2751 1769 2776 Act.
1789 2748 1815 2782 2,
1835 2748 1876 2776 36.

133 2812 268 2857 xistis,
304 2808 392 2849 ideo
417 2807 532 2858 dixit,
568 2821 615 2848 ne
640 2822 661 2847 a
688 2808 883 2862 passionis
910 2815 950 2848 et
975 2808 1188 2848 creationis
1217 2813 1382 2861 experte
1408 2807 1528 2847 verbo
1552 2808 1688 2848 relicta

935 2889 1035 2927 princ.
1084 2884 1234 2928 ἐλάλησα
1258 2888 1304 2918 ed.
1330 2889 1435 2919 Petav.

981 2938 1010 2965 4.
1038 2933 1151 2965 ταῦτα)
1185 2934 1274 2964 codd.
1305 2937 1544 2973 niss.ulerq11e‚
1581 2936 1609 2964 et
1643 2933 1690 2965 ed.

933 2981 1032 3019 princ.
1081 2977 1177 3011 τοῦτο
1200 2979 1247 3010 ed.
1274 2980 1394 3017 Petam,
1419 2981 1472 3018 qui
1494 2979 1636 3010 emendat
1657 2980 1690 3010 in

181 3024 212 3058 3.
238 3021 408 3066 λελάληκα
430 3026 520 3057 codd.
543 3035 615 3057 mss.
665 3022 817 3065 έλάληκα
839 3025 886 3055 ed.
934 3033 1036 3064 mary-
1063 3022 1189 3057 τοῦτον.

702 2884 708 2896 ἱ

183 2911 215 2943 2.
242 2907 323 2944 αὐτὸ
350 2912 416 2942 cod.
441 2912 569 2950 Rhecliq.
630 2898 711 2943 αὐτο
738 2911 802 2941 cod.
829 2912 890 2942 len.

138 2953 241 2994 αὐτὸς
264 2959 348 2989 editi.
