<?xml version="1.0" encoding="UTF-8"?>
<!DOCTYPE html PUBLIC "-//W3C//DTD XHTML 1.0 Transitional//EN"
    "http://www.w3.org/TR/xhtml1/DTD/xhtml1-transitional.dtd">
<html xmlns="http://www.w3.org/1999/xhtml" xml:lang="en" lang="en">
 <head>
  <title>
</title>
<meta http-equiv="Content-Type" content="text/html;charset=utf-8" />
  <meta name='ocr-system' content='tesseract 3.04.00' />
  <meta name='ocr-capabilities' content='ocr_page ocr_carea ocr_par ocr_line ocrx_word'/>
</head>
<body>
  <div class='ocr_page' id='page_1' title='image "./p2corporishaereseo02epipuoft/p2corporishaereseo02epipuoft_0690.png"; bbox 0 0 2030 3324; ppageno 0'>
   <div class='ocr_carea' id='block_1_1' title="bbox 171 421 317 465">
    <p class='ocr_par' dir='ltr' id='par_1_1' title="bbox 171 421 317 465">
     <span class='ocr_line' id='line_1_1' title="bbox 171 421 317 465; baseline -0.014 -9"><span class='ocrx_word' id='word_1_1' title='bbox 171 422 260 465; x_wconf 82' lang='grc' dir='ltr'><em>Κεφ.</em></span> <span class='ocrx_word' id='word_1_2' title='bbox 282 421 317 455; x_wconf 76' lang='grc' dir='ltr'><em>ν’.</em></span> 
     </span>
    </p>
   </div>
   <div class='ocr_carea' id='block_1_2' title="bbox 191 701 335 737">
    <p class='ocr_par' dir='ltr' id='par_1_2' title="bbox 191 701 335 737">
     <span class='ocr_line' id='line_1_2' title="bbox 191 701 335 737; baseline 0 -8"><span class='ocrx_word' id='word_1_3' title='bbox 191 710 257 737; x_wconf 77' lang='lat' dir='ltr'>pag.</span> <span class='ocrx_word' id='word_1_4' title='bbox 276 701 335 729; x_wconf 76' lang='lat'><strong>77².</strong></span> 
     </span>
    </p>
   </div>
   <div class='ocr_carea' id='block_1_3' title="bbox 352 202 1325 244">
    <p class='ocr_par' dir='ltr' id='par_1_3' title="bbox 352 202 1325 244">
     <span class='ocr_line' id='line_1_3' title="bbox 352 202 1325 244; baseline -0.003 0"><span class='ocrx_word' id='word_1_5' title='bbox 352 202 432 244; x_wconf 84' lang='lat'><em>668</em></span> <span class='ocrx_word' id='word_1_6' title='bbox 917 207 1079 240; x_wconf 81' lang='lat' dir='ltr'>SANCTI</span> <span class='ocrx_word' id='word_1_7' title='bbox 1099 207 1325 241; x_wconf 73' lang='grc' dir='ltr'><strong>ΕΡῙΡΗΑΝΗ</strong></span> 
     </span>
    </p>
   </div>
   <div class='ocr_carea' id='block_1_4' title="bbox 350 281 1904 2701">
    <p class='ocr_par' dir='ltr' id='par_1_4' title="bbox 351 281 1889 407">
     <span class='ocr_line' id='line_1_4' title="bbox 352 281 1889 339; baseline 0 -13"><span class='ocrx_word' id='word_1_8' title='bbox 352 283 643 339; x_wconf 84' lang='grc' dir='ltr'><em>μυωπαζόντων</em></span> <span class='ocrx_word' id='word_1_9' title='bbox 667 286 735 326; x_wconf 89' lang='grc' dir='ltr'><em>καὶ</em></span> <span class='ocrx_word' id='word_1_10' title='bbox 758 282 1165 339; x_wconf 81' lang='grc' dir='ltr'><em>ὄνειροπολουμένων,</em></span> <span class='ocrx_word' id='word_1_11' title='bbox 1205 287 1274 326; x_wconf 85' lang='grc' dir='ltr'><em>καὶ</em></span> <span class='ocrx_word' id='word_1_12' title='bbox 1305 290 1539 338; x_wconf 84' lang='grc' dir='ltr'><em>καταλεῖψαι</em></span> <span class='ocrx_word' id='word_1_13' title='bbox 1570 282 1693 333; x_wconf 72' lang='grc' dir='ltr'><em>αὐτάς</em></span> <span class='ocrx_word' id='word_1_14' title='bbox 1719 281 1789 333; x_wconf 75' lang='grc' dir='ltr'><em>τάς</em></span> <span class='ocrx_word' id='word_1_15' title='bbox 1816 288 1889 327; x_wconf 85' lang='grc' dir='ltr'><em>τοῦ</em></span> 
     </span>
     <span class='ocr_line' id='line_1_5' title="bbox 351 350 1310 407; baseline -0.002 -13"><span class='ocrx_word' id='word_1_16' title='bbox 351 357 452 394; x_wconf 84' lang='grc' dir='ltr'><em>θεοῦ</em></span> <span class='ocrx_word' id='word_1_17' title='bbox 483 351 600 407; x_wconf 82' lang='grc' dir='ltr'><em>λόγου</em></span> <span class='ocrx_word' id='word_1_18' title='bbox 633 350 816 406; x_wconf 77' lang='grc' dir='ltr'><em>εὐλόγους</em></span> <span class='ocrx_word' id='word_1_19' title='bbox 845 350 979 406; x_wconf 75' lang='grc' dir='ltr'><em>ῥήσεις</em></span> <span class='ocrx_word' id='word_1_20' title='bbox 1007 354 1075 405; x_wconf 86' lang='grc' dir='ltr'><em>τῆς</em></span> <span class='ocrx_word' id='word_1_21' title='bbox 1104 350 1310 405; x_wconf 76' lang='grc' dir='ltr'><em>ἆληθείας;</em></span> 
     </span>
    </p>

    <p class='ocr_par' dir='ltr' id='par_1_5' title="bbox 350 417 1904 2701">
     <span class='ocr_line' id='line_1_6' title="bbox 465 417 1888 475; baseline 0 -14"><span class='ocrx_word' id='word_1_22' title='bbox 465 418 575 461; x_wconf 61' lang='lat' dir='ltr'><em>&#39;And</em></span> <span class='ocrx_word' id='word_1_23' title='bbox 607 418 746 461; x_wconf 78' lang='grc' dir='ltr'><em>λοιπόν</em></span> <span class='ocrx_word' id='word_1_24' title='bbox 774 422 1072 472; x_wconf 84' lang='grc' dir='ltr'><em>λεξιθηροῦντες</em></span> <span class='ocrx_word' id='word_1_25' title='bbox 1104 417 1151 459; x_wconf 75' lang='grc' dir='ltr'><em>τά</em></span> <span class='ocrx_word' id='word_1_26' title='bbox 1183 421 1310 468; x_wconf 87' lang='grc' dir='ltr'><em>καλῶς</em></span> <span class='ocrx_word' id='word_1_27' title='bbox 1341 421 1409 461; x_wconf 87' lang='grc' dir='ltr'><em>καὶ</em></span> <span class='ocrx_word' id='word_1_28' title='bbox 1441 418 1576 474; x_wconf 82' lang='grc' dir='ltr'><em>ὀρθῶς</em></span> <span class='ocrx_word' id='word_1_29' title='bbox 1598 420 1778 475; x_wconf 81' lang='grc' dir='ltr'><strong><em>εἰρημένα</em></strong></span> <span class='ocrx_word' id='word_1_30' title='bbox 1808 417 1888 461; x_wconf 80' lang='grc' dir='ltr'><em>ἆπὸ</em></span> 
     </span>
     <span class='ocr_line' id='line_1_7' title="bbox 352 484 1890 543; baseline -0.001 -12"><span class='ocrx_word' id='word_1_31' title='bbox 352 487 516 542; x_wconf 83' lang='grc' dir='ltr'><em>ἓκάστης</em></span> <span class='ocrx_word' id='word_1_32' title='bbox 550 491 706 543; x_wconf 82' lang='grc' dir='ltr'><em>γραφῆς</em></span> <span class='ocrx_word' id='word_1_33' title='bbox 731 489 844 540; x_wconf 87' lang='grc' dir='ltr'><em>δίκην</em></span> <span class='ocrx_word' id='word_1_34' title='bbox 865 490 1060 541; x_wconf 78' lang='grc' dir='ltr'><em>πειρατῶν</em></span> <span class='ocrx_word' id='word_1_35' title='bbox 1093 484 1249 541; x_wconf 70' lang='grc' dir='ltr'><em>ἀνδρῶν</em></span> <span class='ocrx_word' id='word_1_36' title='bbox 1274 486 1432 540; x_wconf 79' lang='grc' dir='ltr'><em>σώματα</em></span> <span class='ocrx_word' id='word_1_37' title='bbox 1463 485 1554 542; x_wconf 81' lang='grc' dir='ltr'><em>ὖγιῆ</em></span> <span class='ocrx_word' id='word_1_38' title='bbox 1581 485 1890 542; x_wconf 79' lang='grc' dir='ltr'><em>ἄκρωτηριαζόν·</em></span> 
     </span>
     <span class='ocr_line' id='line_1_8' title="bbox 351 549 1890 613; baseline -0.002 -15"><span class='ocrx_word' id='word_1_39' title='bbox 351 574 448 608; x_wconf 83' lang='grc' dir='ltr'><em>των,</em></span> <span class='ocrx_word' id='word_1_40' title='bbox 490 558 685 613; x_wconf 72' lang='grc' dir='ltr'><em>μαρτυρίᾳ</em></span> <span class='ocrx_word' id='word_1_41' title='bbox 707 556 783 597; x_wconf 85' lang='grc' dir='ltr'><em>τινὶ</em></span> <span class='ocrx_word' id='word_1_42' title='bbox 807 555 1010 609; x_wconf 84' lang='grc' dir='ltr'><em>κέχρηνται</em></span> <span class='ocrx_word' id='word_1_43' title='bbox 1038 549 1065 612; x_wconf 75' lang='grc' dir='ltr'><em>ᾗ</em></span> <span class='ocrx_word' id='word_1_44' title='bbox 1086 552 1377 609; x_wconf 74' lang='grc' dir='ltr'><em>τροπικώτερον</em></span> <span class='ocrx_word' id='word_1_45' title='bbox 1407 553 1593 604; x_wconf 77' lang='grc' dir='ltr'><em>πολλάκις</em></span> <span class='ocrx_word' id='word_1_46' title='bbox 1623 553 1649 608; x_wconf 73' lang='grc' dir='ltr'><strong><em>ἡ</em></strong></span> <span class='ocrx_word' id='word_1_47' title='bbox 1675 553 1808 610; x_wconf 79' lang='grc' dir='ltr'><em>γραφὴ</em></span> <span class='ocrx_word' id='word_1_48' title='bbox 1829 571 1890 596; x_wconf 86' lang='grc' dir='ltr'><em>κε-</em></span> 
     </span>
     <span class='ocr_line' id='line_1_9' title="bbox 352 621 1887 679; baseline -0.001 -13"><span class='ocrx_word' id='word_1_49' title='bbox 352 625 522 679; x_wconf 87' lang='grc' dir='ltr'><em>χρημένη</em></span> <span class='ocrx_word' id='word_1_50' title='bbox 543 626 738 679; x_wconf 85' lang='grc' dir='ltr'><em>διηγεῖται.</em></span> <span class='ocrx_word' id='word_1_51' title='bbox 800 623 879 663; x_wconf 86' lang='grc' dir='ltr'><em>Καὶ</em></span> <span class='ocrx_word' id='word_1_52' title='bbox 905 621 946 663; x_wconf 77' lang='grc' dir='ltr'><em>τό</em></span> <span class='ocrx_word' id='word_1_53' title='bbox 967 622 1036 675; x_wconf 82' lang='grc' dir='ltr'><em>μὲν</em></span> <span class='ocrx_word' id='word_1_54' title='bbox 1058 626 1254 677; x_wconf 79' lang='grc' dir='ltr'><em>τροπικῶς</em></span> <span class='ocrx_word' id='word_1_55' title='bbox 1279 622 1482 675; x_wconf 85' lang='grc' dir='ltr'><em>εἰρημένον</em></span> <span class='ocrx_word' id='word_1_56' title='bbox 1506 626 1521 650; x_wconf 88' lang='lat'>¹</span> <span class='ocrx_word' id='word_1_57' title='bbox 1536 621 1728 675; x_wconf 77' lang='grc' dir='ltr'><em>ἀλήθειαν</em></span> <span class='ocrx_word' id='word_1_58' title='bbox 1751 623 1887 677; x_wconf 85' lang='grc' dir='ltr'><em>φέρειν</em></span> 
     </span>
     <span class='ocr_line' id='line_1_10' title="bbox 357 687 1892 745; baseline -0.002 -11"><span class='ocrx_word' id='word_1_59' title='bbox 357 695 485 735; x_wconf 81' lang='grc' dir='ltr'><em>εἴωθε.</em></span> <span class='ocrx_word' id='word_1_60' title='bbox 551 690 602 733; x_wconf 84' lang='grc' dir='ltr'><em>Τό</em></span> <span class='ocrx_word' id='word_1_61' title='bbox 641 690 682 732; x_wconf 81' lang='grc' dir='ltr'><em>δὲ</em></span> <span class='ocrx_word' id='word_1_62' title='bbox 714 688 895 743; x_wconf 77' lang='grc' dir='ltr'><em>2α’ληθὲς</em></span> <span class='ocrx_word' id='word_1_63' title='bbox 923 691 990 730; x_wconf 89' lang='grc' dir='ltr'><em>καὶ</em></span> <span class='ocrx_word' id='word_1_64' title='bbox 1024 687 1319 744; x_wconf 76' lang='grc' dir='ltr'><em>άπαρεμφάτως</em></span> <span class='ocrx_word' id='word_1_65' title='bbox 1348 690 1636 743; x_wconf 82' lang='grc' dir='ltr'><em>κεκηρυγμένον</em></span> <span class='ocrx_word' id='word_1_66' title='bbox 1671 692 1725 739; x_wconf 88' lang='grc' dir='ltr'><em>εἰς</em></span> <span class='ocrx_word' id='word_1_67' title='bbox 1760 691 1892 745; x_wconf 75' lang='grc' dir='ltr'><em>ἕτερον</em></span> 
     </span>
     <span class='ocr_line' id='line_1_11' title="bbox 351 754 1892 814; baseline -0.002 -12"><span class='ocrx_word' id='word_1_68' title='bbox 351 759 565 814; x_wconf 83' lang='grc' dir='ltr'><em>πρόςωπον</em></span> <span class='ocrx_word' id='word_1_69' title='bbox 601 756 895 813; x_wconf 84' lang='grc' dir='ltr'><em>άλληγοροῦσιν.</em></span> <span class='ocrx_word' id='word_1_70' title='bbox 966 755 1112 806; x_wconf 74' lang='grc' dir='ltr'><em>Εὖθῦς</em></span> <span class='ocrx_word' id='word_1_71' title='bbox 1152 756 1224 812; x_wconf 76' lang='grc' dir='ltr'><em>γάρ</em></span> <span class='ocrx_word' id='word_1_72' title='bbox 1256 755 1509 810; x_wconf 69' lang='grc' dir='ltr'><em>ἀναπηδῶσιν</em></span> <span class='ocrx_word' id='word_1_73' title='bbox 1549 754 1627 798; x_wconf 75' lang='grc' dir='ltr'><em>άπὸ</em></span> <span class='ocrx_word' id='word_1_74' title='bbox 1669 762 1740 799; x_wconf 86' lang='grc' dir='ltr'><em>τοῦ</em></span> <span class='ocrx_word' id='word_1_75' title='bbox 1775 755 1892 813; x_wconf 79' lang='grc' dir='ltr'><em>άγίου</em></span> 
     </span>
     <span class='ocr_line' id='line_1_12' title="bbox 350 821 1891 880; baseline -0.001 -11"><span class='ocrx_word' id='word_1_76' title='bbox 350 826 510 869; x_wconf 81' lang='grc' dir='ltr'><em>ΓΗσαΐου</em></span> <span class='ocrx_word' id='word_1_77' title='bbox 544 828 729 880; x_wconf 86' lang='grc' dir='ltr'><em>φέροντες</em></span> <span class='ocrx_word' id='word_1_78' title='bbox 763 827 897 879; x_wconf 78' lang='grc' dir='ltr'><em>ῥῆσιν,</em></span> <span class='ocrx_word' id='word_1_79' title='bbox 940 824 999 866; x_wconf 77' lang='grc' dir='ltr'><em>ὅτι</em></span> <span class='ocrx_word' id='word_1_80' title='bbox 1030 826 1073 866; x_wconf 81' lang='grc' dir='ltr'><em>ἐκ</em></span> <span class='ocrx_word' id='word_1_81' title='bbox 1107 825 1324 879; x_wconf 73' lang='grc' dir='ltr'><em>προςαίπου</em></span> <span class='ocrx_word' id='word_1_82' title='bbox 1356 828 1428 865; x_wconf 81' lang='grc' dir='ltr'><em>τοῦ</em></span> <span class='ocrx_word' id='word_1_83' title='bbox 1459 821 1608 879; x_wconf 77' lang='grc' dir='ltr'><em>πατρὸς</em></span> <span class='ocrx_word' id='word_1_84' title='bbox 1638 826 1786 879; x_wconf 77' lang='grc' dir='ltr'><em>εἴρηται</em></span> <span class='ocrx_word' id='word_1_85' title='bbox 1816 824 1891 874; x_wconf 74' lang='grc' dir='ltr'><em>ὅτι,</em></span> 
     </span>
     <span class='ocr_line' id='line_1_13' title="bbox 351 890 1894 948; baseline -0.002 -11"><span class='ocrx_word' id='word_1_86' title='bbox 351 894 475 946; x_wconf 78' lang='grc' dir='ltr'><em>Ἰδοῦ,</em></span> <span class='ocrx_word' id='word_1_87' title='bbox 507 893 664 948; x_wconf 83' lang='grc' dir='ltr'><em>συνήσει</em></span> <span class='ocrx_word' id='word_1_88' title='bbox 688 892 710 936; x_wconf 83' lang='grc' dir='ltr'>ὁ</span> <span class='ocrx_word' id='word_1_89' title='bbox 734 899 827 942; x_wconf 86' lang='grc' dir='ltr'><em>παῖς</em></span> <span class='ocrx_word' id='word_1_90' title='bbox 852 910 929 946; x_wconf 86' lang='grc' dir='ltr'><em>μου</em></span> <span class='ocrx_word' id='word_1_91' title='bbox 955 890 978 934; x_wconf 79' lang='grc' dir='ltr'>ὁ</span> <span class='ocrx_word' id='word_1_92' title='bbox 1000 890 1220 948; x_wconf 80' lang='grc' dir='ltr'><em>άγαπητός,</em></span> <span class='ocrx_word' id='word_1_93' title='bbox 1263 890 1324 943; x_wconf 81' lang='grc' dir='ltr'><em>ἐφ’</em></span> <span class='ocrx_word' id='word_1_94' title='bbox 1351 891 1398 933; x_wconf 79' lang='grc' dir='ltr'><em>ὃν</em></span> <span class='ocrx_word' id='word_1_95' title='bbox 1420 890 1636 944; x_wconf 83' lang='grc' dir='ltr'><em>εὐδόκησα,</em></span> <span class='ocrx_word' id='word_1_96' title='bbox 1668 891 1715 933; x_wconf 77' lang='grc' dir='ltr'><em>ὃν</em></span> <span class='ocrx_word' id='word_1_97' title='bbox 1737 891 1894 947; x_wconf 83' lang='grc' dir='ltr'><em>ἠγάπη-</em></span> 
     </span>
     <span class='ocr_line' id='line_1_14' title="bbox 354 958 1892 1017; baseline -0.002 -12"><span class='ocrx_word' id='word_1_98' title='bbox 354 961 466 1017; x_wconf 78' lang='grc' dir='ltr'><em>σενὴ</em></span> <span class='ocrx_word' id='word_1_99' title='bbox 493 961 602 1016; x_wconf 83' lang='grc' dir='ltr'><em>ψυχή</em></span> <span class='ocrx_word' id='word_1_100' title='bbox 632 979 724 1015; x_wconf 89' lang='grc' dir='ltr'><em>μου·</em></span> <span class='ocrx_word' id='word_1_101' title='bbox 769 959 823 1010; x_wconf 74' lang='grc' dir='ltr'><em>ὥς</em></span> <span class='ocrx_word' id='word_1_102' title='bbox 853 965 924 1002; x_wconf 85' lang='grc' dir='ltr'><em>τοῦ</em></span> <span class='ocrx_word' id='word_1_103' title='bbox 955 959 1104 1015; x_wconf 78' lang='grc' dir='ltr'><em>πατρὸς</em></span> <span class='ocrx_word' id='word_1_104' title='bbox 1137 958 1236 1001; x_wconf 80' lang='grc' dir='ltr'><em>εἶναι</em></span> <span class='ocrx_word' id='word_1_105' title='bbox 1258 959 1405 1013; x_wconf 86' lang='grc' dir='ltr'><em>ταύτην</em></span> <span class='ocrx_word' id='word_1_106' title='bbox 1437 958 1506 1012; x_wconf 73' lang='grc' dir='ltr'><em>τὴν</em></span> <span class='ocrx_word' id='word_1_107' title='bbox 1533 960 1645 1009; x_wconf 80' lang='grc' dir='ltr'><em>λέξιν.</em></span> <span class='ocrx_word' id='word_1_108' title='bbox 1707 961 1788 1001; x_wconf 82' lang='grc' dir='ltr'><em>Καὶ</em></span> <span class='ocrx_word' id='word_1_109' title='bbox 1817 959 1892 1015; x_wconf 73' lang='grc' dir='ltr'><em>γάρ</em></span> 
     </span>
     <span class='ocr_line' id='line_1_15' title="bbox 354 1024 1895 1085; baseline -0.003 -11"><span class='ocrx_word' id='word_1_110' title='bbox 354 1031 511 1085; x_wconf 70' lang='grc' dir='ltr'><em>ἀληθές.</em></span> <span class='ocrx_word' id='word_1_111' title='bbox 575 1034 670 1078; x_wconf 83' lang='grc' dir='ltr'><em>Πῶς</em></span> <span class='ocrx_word' id='word_1_112' title='bbox 703 1024 775 1071; x_wconf 72' lang='grc' dir='ltr'><em>οὖν</em></span> <span class='ocrx_word' id='word_1_113' title='bbox 807 1030 872 1070; x_wconf 84' lang='grc' dir='ltr'><em>καὶ</em></span> <span class='ocrx_word' id='word_1_114' title='bbox 907 1026 930 1070; x_wconf 83' lang='grc' dir='ltr'>ὁ</span> <span class='ocrx_word' id='word_1_115' title='bbox 959 1027 1110 1083; x_wconf 82' lang='grc' dir='ltr'><em>πατὴρ,</em></span> <span class='ocrx_word' id='word_1_116' title='bbox 1152 1029 1272 1080; x_wconf 84' lang='grc' dir='ltr'><em>φησὶ,</em></span> <span class='ocrx_word' id='word_1_117' title='bbox 1312 1026 1447 1080; x_wconf 80' lang='grc' dir='ltr'><em>ψηχήν</em></span> <span class='ocrx_word' id='word_1_118' title='bbox 1472 1029 1648 1080; x_wconf 83' lang='grc' dir='ltr'><em>εἷ’ληφεν,·</em></span> <span class='ocrx_word' id='word_1_119' title='bbox 1689 1025 1758 1069; x_wconf 73' lang='grc' dir='ltr'><em>ἐάν</em></span> <span class='ocrx_word' id='word_1_120' title='bbox 1780 1028 1821 1069; x_wconf 84' lang='grc' dir='ltr'><em>δὲ</em></span> <span class='ocrx_word' id='word_1_121' title='bbox 1844 1029 1895 1070; x_wconf 74' lang='grc' dir='ltr'><em>εἷ’-</em></span> 
     </span>
     <span class='ocr_line' id='line_1_16' title="bbox 354 1091 1892 1153; baseline -0.003 -11"><span class='ocrx_word' id='word_1_122' title='bbox 354 1116 488 1153; x_wconf 87' lang='grc' dir='ltr'><em>πωμεν</em></span> <span class='ocrx_word' id='word_1_123' title='bbox 510 1098 590 1149; x_wconf 79' lang='grc' dir='ltr'><em>ὅτι,</em></span> <span class='ocrx_word' id='word_1_124' title='bbox 635 1096 711 1151; x_wconf 84' lang='grc' dir='ltr'><em>Μὴ</em></span> <span class='ocrx_word' id='word_1_125' title='bbox 733 1098 904 1152; x_wconf 87' lang='grc' dir='ltr'><em>γένοιτο,</em></span> <span class='ocrx_word' id='word_1_126' title='bbox 951 1099 995 1137; x_wconf 88' lang='grc' dir='ltr'><em>Τί</em></span> <span class='ocrx_word' id='word_1_127' title='bbox 1022 1091 1116 1147; x_wconf 75' lang='grc' dir='ltr'><em>οὗν,</em></span> <span class='ocrx_word' id='word_1_128' title='bbox 1148 1097 1268 1149; x_wconf 83' lang='grc' dir='ltr'><em>φησὶ,</em></span> <span class='ocrx_word' id='word_1_129' title='bbox 1301 1093 1371 1136; x_wconf 69' lang='grc' dir='ltr'><em>ἀλλ’</em></span> <span class='ocrx_word' id='word_1_130' title='bbox 1398 1093 1458 1136; x_wconf 74' lang='grc' dir='ltr'><em>ὅτι</em></span> <span class='ocrx_word' id='word_1_131' title='bbox 1481 1094 1767 1150; x_wconf 76' lang='grc' dir='ltr'><em>τροπικώτερον</em></span> <span class='ocrx_word' id='word_1_132' title='bbox 1791 1097 1892 1151; x_wconf 79' lang='grc' dir='ltr'><em>εἴρη·</em></span> 
     </span>
     <span class='ocr_line' id='line_1_17' title="bbox 354 1161 1895 1222; baseline -0.003 -13"><span class='ocrx_word' id='word_1_133' title='bbox 354 1186 435 1218; x_wconf 72' lang='grc' dir='ltr'><em>ταις</em></span> <span class='ocrx_word' id='word_1_134' title='bbox 479 1165 555 1222; x_wconf 69' lang='grc' dir='ltr'><em>ἄρα</em></span> <span class='ocrx_word' id='word_1_135' title='bbox 587 1161 682 1217; x_wconf 74' lang='grc' dir='ltr'><em>οὖν,</em></span> <span class='ocrx_word' id='word_1_136' title='bbox 715 1166 859 1218; x_wconf 86' lang='grc' dir='ltr'><em>φασὶν,</em></span> <span class='ocrx_word' id='word_1_137' title='bbox 891 1165 954 1205; x_wconf 81' lang='grc' dir='ltr'><em>καὶ</em></span> <span class='ocrx_word' id='word_1_138' title='bbox 980 1162 1023 1206; x_wconf 77' lang='grc' dir='ltr'><em>τὸ</em></span> <span class='ocrx_word' id='word_1_139' title='bbox 1049 1162 1127 1205; x_wconf 77' lang='grc' dir='ltr'><em>ἆπό</em></span> <span class='ocrx_word' id='word_1_140' title='bbox 1153 1168 1223 1205; x_wconf 84' lang='grc' dir='ltr'><em>τοῦ</em></span> <span class='ocrx_word' id='word_1_141' title='bbox 1257 1165 1348 1204; x_wconf 83' lang='grc' dir='ltr'><em>υἱοῦ</em></span> <span class='ocrx_word' id='word_1_142' title='bbox 1375 1163 1577 1217; x_wconf 81' lang='grc' dir='ltr'><em>εἰρημένον</em></span> <span class='ocrx_word' id='word_1_143' title='bbox 1606 1162 1895 1218; x_wconf 76' lang='grc' dir='ltr'><em>τροπικοότερον</em></span> 
     </span>
     <span class='ocr_line' id='line_1_18' title="bbox 356 1229 1896 1290; baseline -0.003 -13"><span class='ocrx_word' id='word_1_144' title='bbox 356 1238 513 1290; x_wconf 83' lang='grc' dir='ltr'><em>εἴρηται.</em></span> <span class='ocrx_word' id='word_1_145' title='bbox 576 1235 656 1275; x_wconf 87' lang='grc' dir='ltr'><em>Καὶ</em></span> <span class='ocrx_word' id='word_1_146' title='bbox 677 1235 899 1286; x_wconf 84' lang='grc' dir='ltr'><em>νομίζουσιν</em></span> <span class='ocrx_word' id='word_1_147' title='bbox 922 1233 962 1272; x_wconf 80' lang='grc' dir='ltr'><em>ἐν</em></span> <span class='ocrx_word' id='word_1_148' title='bbox 994 1231 1120 1288; x_wconf 76' lang='grc' dir='ltr'><em>τούτῳ</em></span> <span class='ocrx_word' id='word_1_149' title='bbox 1155 1229 1254 1273; x_wconf 76' lang='grc' dir='ltr'><em>κατά</em></span> <span class='ocrx_word' id='word_1_150' title='bbox 1279 1235 1348 1284; x_wconf 82' lang='grc' dir='ltr'><em>τῆς</em></span> <span class='ocrx_word' id='word_1_151' title='bbox 1378 1230 1567 1283; x_wconf 72' lang='grc' dir='ltr'><em>ἀληθείας</em></span> <span class='ocrx_word' id='word_1_152' title='bbox 1601 1229 1791 1284; x_wconf 76' lang='grc' dir='ltr'><em>εὑρίσκειν</em></span> <span class='ocrx_word' id='word_1_153' title='bbox 1819 1237 1896 1284; x_wconf 86' lang='grc' dir='ltr'><em>θη-</em></span> 
     </span>
     <span class='ocr_line' id='line_1_19' title="bbox 356 1296 1894 1359; baseline -0.004 -14"><span class='ocrx_word' id='word_1_154' title='bbox 356 1308 505 1359; x_wconf 78' lang='grc' dir='ltr'><em>ρᾶσθαι</em></span> <span class='ocrx_word' id='word_1_155' title='bbox 540 1302 764 1356; x_wconf 82' lang='grc' dir='ltr'><em>πρόφασιν,</em></span> <span class='ocrx_word' id='word_1_156' title='bbox 808 1299 904 1353; x_wconf 79' lang='grc' dir='ltr'><em>ὅπερ</em></span> <span class='ocrx_word' id='word_1_157' title='bbox 943 1296 1076 1348; x_wconf 79' lang='grc' dir='ltr'><em>αὐτοῖς</em></span> <span class='ocrx_word' id='word_1_158' title='bbox 1110 1297 1157 1340; x_wconf 79' lang='grc' dir='ltr'><em>ού</em></span> <span class='ocrx_word' id='word_1_159' title='bbox 1197 1297 1421 1351; x_wconf 80' lang='grc' dir='ltr'><em>δοθήσεται.</em></span> <span class='ocrx_word' id='word_1_160' title='bbox 1485 1296 1792 1347; x_wconf 79' lang='grc' dir='ltr'><em>Ἀκαλλοόπιστος</em></span> <span class='ocrx_word' id='word_1_161' title='bbox 1820 1296 1894 1354; x_wconf 77' lang='grc' dir='ltr'><em>γάρ</em></span> 
     </span>
     <span class='ocr_line' id='line_1_20' title="bbox 356 1363 1893 1422; baseline -0.003 -9"><span class='ocrx_word' id='word_1_162' title='bbox 356 1367 454 1414; x_wconf 72' lang='grc' dir='ltr'><em>οὖσα</em></span> <span class='ocrx_word' id='word_1_163' title='bbox 481 1369 507 1422; x_wconf 76' lang='grc' dir='ltr'>ἡ</span> <span class='ocrx_word' id='word_1_164' title='bbox 531 1368 696 1422; x_wconf 72' lang='grc' dir='ltr'><em>ἀλήθεια</em></span> <span class='ocrx_word' id='word_1_165' title='bbox 718 1366 809 1409; x_wconf 80' lang='grc' dir='ltr'><em>καθ’</em></span> <span class='ocrx_word' id='word_1_166' title='bbox 839 1366 982 1421; x_wconf 75' lang='grc' dir='ltr'><em>ἑαυτὴν</em></span> <span class='ocrx_word' id='word_1_167' title='bbox 1005 1368 1159 1420; x_wconf 78' lang='grc' dir='ltr'><em>ἕστηκε,</em></span> <span class='ocrx_word' id='word_1_168' title='bbox 1200 1364 1295 1419; x_wconf 86' lang='grc' dir='ltr'><em>μήτε</em></span> <span class='ocrx_word' id='word_1_169' title='bbox 1315 1363 1537 1419; x_wconf 73' lang='grc' dir='ltr'><em>ἡττωμένη,</em></span> <span class='ocrx_word' id='word_1_170' title='bbox 1579 1364 1674 1419; x_wconf 84' lang='grc' dir='ltr'><em>μήτε</em></span> <span class='ocrx_word' id='word_1_171' title='bbox 1703 1370 1893 1408; x_wconf 79' lang='grc' dir='ltr'><em>καλλωπι-</em></span> 
     </span>
     <span class='ocr_line' id='line_1_21' title="bbox 355 1432 1896 1493; baseline -0.003 -12"><span class='ocrx_word' id='word_1_172' title='bbox 355 1443 457 1493; x_wconf 88' lang='grc' dir='ltr'><em>σμοῦ</em></span> <span class='ocrx_word' id='word_1_173' title='bbox 482 1437 724 1489; x_wconf 85' lang='grc' dir='ltr'><em>ε’πιδεομένη.</em></span> <span class='ocrx_word' id='word_1_174' title='bbox 774 1435 941 1489; x_wconf 85' lang='grc' dir='ltr'><em>Ἴδωμεν</em></span> <span class='ocrx_word' id='word_1_175' title='bbox 963 1434 1036 1490; x_wconf 76' lang='grc' dir='ltr'><em>γάρ</em></span> <span class='ocrx_word' id='word_1_176' title='bbox 1056 1438 1134 1476; x_wconf 87' lang='grc' dir='ltr'><em>τῶν</em></span> <span class='ocrx_word' id='word_1_177' title='bbox 1163 1432 1395 1487; x_wconf 74' lang='grc' dir='ltr'><em>ἀμφοτέρων</em></span> <span class='ocrx_word' id='word_1_178' title='bbox 1416 1432 1489 1486; x_wconf 78' lang='grc' dir='ltr'><em>τὴν</em></span> <span class='ocrx_word' id='word_1_179' title='bbox 1512 1432 1688 1487; x_wconf 85' lang='grc' dir='ltr'><em>δύναμιν.</em></span> <span class='ocrx_word' id='word_1_180' title='bbox 1749 1435 1807 1475; x_wconf 80' lang='grc' dir='ltr'><em>Εἰ</em></span> <span class='ocrx_word' id='word_1_181' title='bbox 1825 1434 1896 1487; x_wconf 80' lang='grc' dir='ltr'><em>μὲν</em></span> 
     </span>
     <span class='ocr_line' id='line_1_22' title="bbox 355 1499 1897 1563; baseline -0.003 -15"><span class='ocrx_word' id='word_1_182' title='bbox 355 1505 428 1563; x_wconf 70' lang='grc' dir='ltr'><em>γάρ</em></span> <span class='ocrx_word' id='word_1_183' title='bbox 453 1503 475 1547; x_wconf 81' lang='grc' dir='ltr'>ὁ</span> <span class='ocrx_word' id='word_1_184' title='bbox 506 1503 633 1559; x_wconf 72' lang='grc' dir='ltr'><em>πατὴρ</em></span> <span class='ocrx_word' id='word_1_185' title='bbox 659 1499 782 1559; x_wconf 73' lang='grc' dir='ltr'><em>ἦλθεν</em></span> <span class='ocrx_word' id='word_1_186' title='bbox 814 1505 868 1552; x_wconf 85' lang='grc' dir='ltr'><em>εἰς</em></span> <span class='ocrx_word' id='word_1_187' title='bbox 892 1508 1023 1556; x_wconf 79' lang='grc' dir='ltr'><em>σῶμα,</em></span> <span class='ocrx_word' id='word_1_188' title='bbox 1064 1503 1130 1543; x_wconf 89' lang='grc' dir='ltr'><em>καὶ</em></span> <span class='ocrx_word' id='word_1_189' title='bbox 1154 1500 1280 1557; x_wconf 90' lang='grc' dir='ltr'><em>σάρκα</em></span> <span class='ocrx_word' id='word_1_190' title='bbox 1306 1500 1534 1552; x_wconf 81' lang='grc' dir='ltr'><em>ἐνεδύσατο,</em></span> <span class='ocrx_word' id='word_1_191' title='bbox 1576 1503 1643 1543; x_wconf 85' lang='grc' dir='ltr'><em>καὶ</em></span> <span class='ocrx_word' id='word_1_192' title='bbox 1670 1503 1800 1556; x_wconf 80' lang='grc' dir='ltr'><em>εἴρηκε</em></span> <span class='ocrx_word' id='word_1_193' title='bbox 1828 1500 1897 1544; x_wconf 81' lang='grc' dir='ltr'><em>τὸν</em></span> 
     </span>
     <span class='ocr_line' id='line_1_23' title="bbox 354 1567 1899 1629; baseline -0.003 -13"><span class='ocrx_word' id='word_1_194' title='bbox 354 1573 470 1629; x_wconf 90' lang='grc' dir='ltr'><em>λόγον</em></span> <span class='ocrx_word' id='word_1_195' title='bbox 496 1578 658 1623; x_wconf 85' lang='grc' dir='ltr'><em>τοῦτον,</em></span> <span class='ocrx_word' id='word_1_196' title='bbox 700 1571 899 1624; x_wconf 77' lang='grc' dir='ltr'><em>ἀληθινῶς</em></span> <span class='ocrx_word' id='word_1_197' title='bbox 920 1569 1054 1624; x_wconf 80' lang='grc' dir='ltr'><em>ψυχὴν</em></span> <span class='ocrx_word' id='word_1_198' title='bbox 1081 1572 1203 1623; x_wconf 75' lang='grc' dir='ltr'><em>ἔσχεν·</em></span> <span class='ocrx_word' id='word_1_199' title='bbox 1247 1570 1282 1610; x_wconf 87' lang='grc' dir='ltr'><em>εἰ</em></span> <span class='ocrx_word' id='word_1_200' title='bbox 1305 1569 1346 1610; x_wconf 80' lang='grc' dir='ltr'><em>δὲ</em></span> <span class='ocrx_word' id='word_1_201' title='bbox 1368 1568 1493 1624; x_wconf 83' lang='grc' dir='ltr'><em>σάρκα</em></span> <span class='ocrx_word' id='word_1_202' title='bbox 1518 1567 1540 1611; x_wconf 84' lang='grc' dir='ltr'>ὁ</span> <span class='ocrx_word' id='word_1_203' title='bbox 1564 1568 1692 1624; x_wconf 76' lang='grc' dir='ltr'><em>πατὴρ</em></span> <span class='ocrx_word' id='word_1_204' title='bbox 1720 1567 1794 1611; x_wconf 77' lang='grc' dir='ltr'><em>οὐκ</em></span> <span class='ocrx_word' id='word_1_205' title='bbox 1820 1571 1899 1612; x_wconf 81' lang='grc' dir='ltr'><em>ἔνε-</em></span> 
     </span>
     <span class='ocr_line' id='line_1_24' title="bbox 357 1635 1898 1695; baseline -0.003 -11"><span class='ocrx_word' id='word_1_206' title='bbox 357 1641 522 1692; x_wconf 82' lang='grc' dir='ltr'><em>δύσατο,</em></span> <span class='ocrx_word' id='word_1_207' title='bbox 555 1643 683 1695; x_wconf 80' lang='grc' dir='ltr'><em>εἴρηκε</em></span> <span class='ocrx_word' id='word_1_208' title='bbox 705 1642 748 1681; x_wconf 84' lang='grc' dir='ltr'><em>δὲ</em></span> <span class='ocrx_word' id='word_1_209' title='bbox 771 1639 852 1691; x_wconf 76' lang='grc' dir='ltr'><em>ὅτι,</em></span> <span class='ocrx_word' id='word_1_210' title='bbox 892 1637 943 1680; x_wconf 90' lang='grc' dir='ltr'><em>Ἡ</em></span> <span class='ocrx_word' id='word_1_211' title='bbox 957 1637 1066 1692; x_wconf 77' lang='grc' dir='ltr'><em>ψυχή</em></span> <span class='ocrx_word' id='word_1_212' title='bbox 1088 1655 1185 1691; x_wconf 90' lang='grc' dir='ltr'><em>μου,</em></span> <span class='ocrx_word' id='word_1_213' title='bbox 1216 1642 1414 1693; x_wconf 82' lang='grc' dir='ltr'><em>τροπικῶς</em></span> <span class='ocrx_word' id='word_1_214' title='bbox 1437 1641 1554 1679; x_wconf 87' lang='grc' dir='ltr'><em>τοῦτο</em></span> <span class='ocrx_word' id='word_1_215' title='bbox 1579 1638 1669 1692; x_wconf 85' lang='grc' dir='ltr'><em>περὶ</em></span> <span class='ocrx_word' id='word_1_216' title='bbox 1697 1635 1766 1679; x_wconf 77' lang='grc' dir='ltr'><em>τόν</em></span> <span class='ocrx_word' id='word_1_217' title='bbox 1795 1636 1898 1680; x_wconf 84' lang='grc' dir='ltr'><em>θεόν</em></span> 
     </span>
     <span class='ocr_line' id='line_1_25' title="bbox 357 1703 1898 1768; baseline -0.003 -17"><span class='ocrx_word' id='word_1_218' title='bbox 357 1709 511 1768; x_wconf 74' lang='grc' dir='ltr'><em>ᾄδεται,</em></span> <span class='ocrx_word' id='word_1_219' title='bbox 551 1710 617 1750; x_wconf 76' lang='grc' dir='ltr'><em>ἵνα</em></span> <span class='ocrx_word' id='word_1_220' title='bbox 640 1709 942 1760; x_wconf 85' lang='grc' dir='ltr'><em>ε’νασφαλίσηται</em></span> <span class='ocrx_word' id='word_1_221' title='bbox 968 1705 1010 1748; x_wconf 78' lang='grc' dir='ltr'><em>τό</em></span> <span class='ocrx_word' id='word_1_222' title='bbox 1033 1705 1216 1762; x_wconf 79' lang='grc' dir='ltr'><em>γνήσιον,</em></span> <span class='ocrx_word' id='word_1_223' title='bbox 1258 1706 1323 1746; x_wconf 85' lang='grc' dir='ltr'><em>καὶ</em></span> <span class='ocrx_word' id='word_1_224' title='bbox 1352 1707 1459 1763; x_wconf 81' lang='grc' dir='ltr'><em>δείξῃ</em></span> <span class='ocrx_word' id='word_1_225' title='bbox 1487 1703 1558 1758; x_wconf 79' lang='grc' dir='ltr'><em>τὴν</em></span> <span class='ocrx_word' id='word_1_226' title='bbox 1581 1703 1683 1760; x_wconf 80' lang='grc' dir='ltr'><em>πρὸς</em></span> <span class='ocrx_word' id='word_1_227' title='bbox 1708 1703 1779 1747; x_wconf 81' lang='grc' dir='ltr'><em>το“ν</em></span> <span class='ocrx_word' id='word_1_228' title='bbox 1808 1703 1898 1747; x_wconf 76' lang='grc' dir='ltr'><em>ὐἷὸν</em></span> 
     </span>
     <span class='ocr_line' id='line_1_26' title="bbox 358 1771 1897 1834; baseline -0.004 -14"><span class='ocrx_word' id='word_1_229' title='bbox 358 1776 600 1834; x_wconf 85' lang='grc' dir='ltr'><em>γνησιότητα.</em></span> <span class='ocrx_word' id='word_1_230' title='bbox 644 1775 741 1817; x_wconf 75' lang='grc' dir='ltr'><em>Ἀλλ’</em></span> <span class='ocrx_word' id='word_1_231' title='bbox 769 1773 901 1816; x_wconf 79' lang='grc' dir='ltr'><em>οὐκέτι</em></span> <span class='ocrx_word' id='word_1_232' title='bbox 924 1775 1013 1829; x_wconf 89' lang='grc' dir='ltr'><em>περὶ</em></span> <span class='ocrx_word' id='word_1_233' title='bbox 1033 1773 1101 1816; x_wconf 77' lang='grc' dir='ltr'><em>τὸν</em></span> <span class='ocrx_word' id='word_1_234' title='bbox 1122 1772 1211 1815; x_wconf 76' lang='grc' dir='ltr'><em>υἱόν</em></span> <span class='ocrx_word' id='word_1_235' title='bbox 1237 1771 1284 1815; x_wconf 78' lang='grc' dir='ltr'><em>τά</em></span> <span class='ocrx_word' id='word_1_236' title='bbox 1306 1771 1406 1814; x_wconf 76' lang='grc' dir='ltr'><em>αὐτά</em></span> <span class='ocrx_word' id='word_1_237' title='bbox 1430 1774 1532 1815; x_wconf 82' lang='grc' dir='ltr'><em>ἐστιν</em></span> <span class='ocrx_word' id='word_1_238' title='bbox 1555 1774 1596 1814; x_wconf 83' lang='grc' dir='ltr'><em>έν</em></span> <span class='ocrx_word' id='word_1_239' title='bbox 1618 1771 1745 1830; x_wconf 80' lang='grc' dir='ltr'><em>τούτῳ</em></span> <span class='ocrx_word' id='word_1_240' title='bbox 1766 1773 1897 1828; x_wconf 86' lang='grc' dir='ltr'><em>λέγειν.</em></span> 
     </span>
     <span class='ocr_line' id='line_1_27' title="bbox 358 1837 1901 1900; baseline -0.004 -13"><span class='ocrx_word' id='word_1_241' title='bbox 358 1845 402 1887; x_wconf 93' lang='grc' dir='ltr'>Ὁ</span> <span class='ocrx_word' id='word_1_242' title='bbox 424 1846 494 1899; x_wconf 83' lang='grc' dir='ltr'><em>μὲν</em></span> <span class='ocrx_word' id='word_1_243' title='bbox 518 1843 591 1900; x_wconf 74' lang='grc' dir='ltr'><em>γάρ</em></span> <span class='ocrx_word' id='word_1_244' title='bbox 616 1842 743 1898; x_wconf 77' lang='grc' dir='ltr'><em>πατὴρ</em></span> <span class='ocrx_word' id='word_1_245' title='bbox 773 1842 847 1884; x_wconf 82' lang='grc' dir='ltr'><em>οὐκ</em></span> <span class='ocrx_word' id='word_1_246' title='bbox 875 1844 986 1898; x_wconf 79' lang='grc' dir='ltr'><em>ἔλαβε</em></span> <span class='ocrx_word' id='word_1_247' title='bbox 1009 1841 1155 1894; x_wconf 86' lang='grc' dir='ltr'><em>σάρκα,</em></span> <span class='ocrx_word' id='word_1_248' title='bbox 1198 1839 1220 1882; x_wconf 81' lang='grc' dir='ltr'>ὁ</span> <span class='ocrx_word' id='word_1_249' title='bbox 1244 1841 1285 1882; x_wconf 83' lang='grc' dir='ltr'><em>δὲ</em></span> <span class='ocrx_word' id='word_1_250' title='bbox 1306 1839 1394 1890; x_wconf 84' lang='grc' dir='ltr'><em>υἵὸς</em></span> <span class='ocrx_word' id='word_1_251' title='bbox 1418 1839 1625 1882; x_wconf 80' lang='grc' dir='ltr'><em>ἐνεδύσατο</em></span> <span class='ocrx_word' id='word_1_252' title='bbox 1659 1838 1798 1894; x_wconf 84' lang='grc' dir='ltr'><em>σάρκα.</em></span> <span class='ocrx_word' id='word_1_253' title='bbox 1856 1837 1901 1881; x_wconf 88' lang='grc' dir='ltr'><em>Ὁ</em></span> 
     </span>
     <span class='ocr_line' id='line_1_28' title="bbox 359 1906 1901 1967; baseline -0.004 -12"><span class='ocrx_word' id='word_1_254' title='bbox 359 1912 487 1967; x_wconf 77' lang='grc' dir='ltr'><em>πατὴρ</em></span> <span class='ocrx_word' id='word_1_255' title='bbox 510 1911 727 1966; x_wconf 72' lang='grc' dir='ltr'><em>ἅνθρωπος</em></span> <span class='ocrx_word' id='word_1_256' title='bbox 749 1909 795 1952; x_wconf 77' lang='grc' dir='ltr'><em>οὗ</em></span> <span class='ocrx_word' id='word_1_257' title='bbox 814 1911 980 1965; x_wconf 87' lang='grc' dir='ltr'><em>γέγονεν,</em></span> <span class='ocrx_word' id='word_1_258' title='bbox 1012 1908 1035 1951; x_wconf 80' lang='grc' dir='ltr'>ὁ</span> <span class='ocrx_word' id='word_1_259' title='bbox 1063 1910 1104 1951; x_wconf 84' lang='grc' dir='ltr'><em>δὲ</em></span> <span class='ocrx_word' id='word_1_260' title='bbox 1125 1908 1211 1958; x_wconf 80' lang='grc' dir='ltr'><em>υίὸς</em></span> <span class='ocrx_word' id='word_1_261' title='bbox 1230 1910 1387 1964; x_wconf 88' lang='grc' dir='ltr'><em>γέγονεν</em></span> <span class='ocrx_word' id='word_1_262' title='bbox 1410 1906 1638 1964; x_wconf 75' lang='grc' dir='ltr'><em>ἅνθρωπος.</em></span> <span class='ocrx_word' id='word_1_263' title='bbox 1685 1907 1738 1950; x_wconf 80' lang='grc' dir='ltr'>Τὸ</span> <span class='ocrx_word' id='word_1_264' title='bbox 1761 1906 1901 1961; x_wconf 76' lang='grc' dir='ltr'><em>ὅμοιον</em></span> 
     </span>
     <span class='ocr_line' id='line_1_29' title="bbox 358 1974 1902 2037; baseline -0.003 -15"><span class='ocrx_word' id='word_1_265' title='bbox 358 1981 432 2037; x_wconf 77' lang='grc' dir='ltr'><em>γάρ</em></span> <span class='ocrx_word' id='word_1_266' title='bbox 456 1981 521 2022; x_wconf 80' lang='grc' dir='ltr'><em>ἐπὶ</em></span> <span class='ocrx_word' id='word_1_267' title='bbox 547 1984 601 2036; x_wconf 82' lang='grc' dir='ltr'><em>τῷ</em></span> <span class='ocrx_word' id='word_1_268' title='bbox 623 1980 740 2033; x_wconf 82' lang='grc' dir='ltr'><em>πατρὶ</em></span> <span class='ocrx_word' id='word_1_269' title='bbox 767 1979 915 2032; x_wconf 74' lang='grc' dir='ltr'><em>ῥητέον.</em></span> <span class='ocrx_word' id='word_1_270' title='bbox 975 1975 1044 2026; x_wconf 81' lang='grc' dir='ltr'><em>Ὡς</em></span> <span class='ocrx_word' id='word_1_271' title='bbox 1065 1976 1139 2032; x_wconf 79' lang='grc' dir='ltr'><em>γάρ</em></span> <span class='ocrx_word' id='word_1_272' title='bbox 1172 1978 1349 2018; x_wconf 80' lang='grc' dir='ltr'><em>ἐνταῦθα</em></span> <span class='ocrx_word' id='word_1_273' title='bbox 1370 1976 1488 2031; x_wconf 84' lang='grc' dir='ltr'><em>λέγει,</em></span> <span class='ocrx_word' id='word_1_274' title='bbox 1528 1974 1751 2031; x_wconf 84' lang='grc' dir='ltr'><em>Ἠγάπησεν</em></span> <span class='ocrx_word' id='word_1_275' title='bbox 1781 1974 1902 2017; x_wconf 77' lang='grc' dir='ltr'><em>αὐτόν</em></span> 
     </span>
     <span class='ocr_line' id='line_1_30' title="bbox 361 2040 1903 2103; baseline -0.003 -14"><span class='ocrx_word' id='word_1_276' title='bbox 361 2048 388 2103; x_wconf 78' lang='grc' dir='ltr'><em>ἡ</em></span> <span class='ocrx_word' id='word_1_277' title='bbox 418 2047 527 2102; x_wconf 83' lang='grc' dir='ltr'><em>ψυχή</em></span> <span class='ocrx_word' id='word_1_278' title='bbox 557 2065 655 2101; x_wconf 87' lang='grc' dir='ltr'><em>μου,</em></span> <span class='ocrx_word' id='word_1_279' title='bbox 700 2046 825 2094; x_wconf 71' lang='grc' dir='ltr'><em>οὕτως</em></span> <span class='ocrx_word' id='word_1_280' title='bbox 853 2047 971 2101; x_wconf 85' lang='grc' dir='ltr'><em>λέγει,</em></span> <span class='ocrx_word' id='word_1_281' title='bbox 1018 2040 1155 2100; x_wconf 73' lang='grc' dir='ltr'><em>Εὗρον</em></span> <span class='ocrx_word' id='word_1_282' title='bbox 1183 2045 1315 2097; x_wconf 82' lang='grc' dir='ltr'><em>Δαβὶδ</em></span> <span class='ocrx_word' id='word_1_283' title='bbox 1348 2042 1416 2085; x_wconf 87' lang='grc' dir='ltr'><em>τὸν</em></span> <span class='ocrx_word' id='word_1_284' title='bbox 1447 2048 1519 2086; x_wconf 88' lang='grc' dir='ltr'><em>τοῦ</em></span> <span class='ocrx_word' id='word_1_285' title='bbox 1557 2042 1746 2095; x_wconf 81' lang='grc' dir='ltr'><em>3Ἰεσσαὶ,</em></span> <span class='ocrx_word' id='word_1_286' title='bbox 1777 2041 1903 2099; x_wconf 67' lang='grc' dir='ltr'><em>ἄνδρα</em></span> 
     </span>
     <span class='ocr_line' id='line_1_31' title="bbox 361 2109 1900 2170; baseline -0.004 -12"><span class='ocrx_word' id='word_1_287' title='bbox 361 2115 460 2159; x_wconf 76' lang='grc' dir='ltr'><em>κατά</em></span> <span class='ocrx_word' id='word_1_288' title='bbox 484 2115 554 2169; x_wconf 78' lang='grc' dir='ltr'><em>τὴν</em></span> <span class='ocrx_word' id='word_1_289' title='bbox 577 2117 743 2170; x_wconf 87' lang='grc' dir='ltr'><em>καρδίαν</em></span> <span class='ocrx_word' id='word_1_290' title='bbox 769 2131 865 2167; x_wconf 89' lang='grc' dir='ltr'><em>μου·</em></span> <span class='ocrx_word' id='word_1_291' title='bbox 905 2115 991 2164; x_wconf 83' lang='grc' dir='ltr'><em>καὶ,</em></span> <span class='ocrx_word' id='word_1_292' title='bbox 1021 2111 1071 2154; x_wconf 78' lang='lat' dir='ltr'><em>‘H</em></span> <span class='ocrx_word' id='word_1_293' title='bbox 1086 2115 1229 2166; x_wconf 84' lang='grc' dir='ltr'><em>καρδία</em></span> <span class='ocrx_word' id='word_1_294' title='bbox 1254 2129 1328 2165; x_wconf 87' lang='grc' dir='ltr'><em>μου</em></span> <span class='ocrx_word' id='word_1_295' title='bbox 1350 2110 1484 2167; x_wconf 84' lang='grc' dir='ltr'><em>πόρρω</em></span> <span class='ocrx_word' id='word_1_296' title='bbox 1512 2109 1644 2164; x_wconf 84' lang='grc' dir='ltr'><em>άπέχει</em></span> <span class='ocrx_word' id='word_1_297' title='bbox 1669 2109 1735 2152; x_wconf 77' lang='grc' dir='ltr'><em>ἄπ’</em></span> <span class='ocrx_word' id='word_1_298' title='bbox 1758 2109 1900 2153; x_wconf 76' lang='grc' dir='ltr'><em>αὐτῶν.</em></span> 
     </span>
     <span class='ocr_line' id='line_1_32' title="bbox 364 2177 1902 2237; baseline -0.005 -11"><span class='ocrx_word' id='word_1_299' title='bbox 364 2187 417 2226; x_wconf 85' lang='grc' dir='ltr'><em>Εἰ</em></span> <span class='ocrx_word' id='word_1_300' title='bbox 444 2186 578 2226; x_wconf 86' lang='grc' dir='ltr'><em>τοίνυν</em></span> <span class='ocrx_word' id='word_1_301' title='bbox 614 2181 680 2225; x_wconf 77' lang='grc' dir='ltr'><em>διά</em></span> <span class='ocrx_word' id='word_1_302' title='bbox 711 2181 753 2224; x_wconf 79' lang='grc' dir='ltr'><em>τὸ</em></span> <span class='ocrx_word' id='word_1_303' title='bbox 790 2182 1076 2237; x_wconf 75' lang='grc' dir='ltr'><em>τροπικῶτερον</em></span> <span class='ocrx_word' id='word_1_304' title='bbox 1107 2182 1291 2235; x_wconf 82' lang='grc' dir='ltr'><em>εἰρῆσθαι</em></span> <span class='ocrx_word' id='word_1_305' title='bbox 1325 2178 1406 2230; x_wconf 79' lang='grc' dir='ltr'><em>ὅτι,</em></span> <span class='ocrx_word' id='word_1_306' title='bbox 1440 2178 1664 2234; x_wconf 84' lang='grc' dir='ltr'><em>Ἢγάπησεν</em></span> <span class='ocrx_word' id='word_1_307' title='bbox 1694 2177 1756 2232; x_wconf 78' lang='grc' dir='ltr'><em>4ἦ</em></span> <span class='ocrx_word' id='word_1_308' title='bbox 1791 2177 1902 2233; x_wconf 80' lang='grc' dir='ltr'><em>ψυχή</em></span> 
     </span>
     <span class='ocr_line' id='line_1_33' title="bbox 363 2245 1904 2307; baseline -0.005 -12"><span class='ocrx_word' id='word_1_309' title='bbox 363 2271 460 2307; x_wconf 90' lang='grc' dir='ltr'><em>μου,</em></span> <span class='ocrx_word' id='word_1_310' title='bbox 492 2250 688 2305; x_wconf 81' lang='grc' dir='ltr'><em>δεχόμεθα</em></span> <span class='ocrx_word' id='word_1_311' title='bbox 712 2249 754 2292; x_wconf 81' lang='grc' dir='ltr'><em>τὸ</em></span> <span class='ocrx_word' id='word_1_312' title='bbox 777 2251 864 2305; x_wconf 89' lang='grc' dir='ltr'><em>περὶ</em></span> <span class='ocrx_word' id='word_1_313' title='bbox 888 2255 1038 2303; x_wconf 82' lang='grc' dir='ltr'><em>ψυχῆς,</em></span> <span class='ocrx_word' id='word_1_314' title='bbox 1081 2247 1156 2303; x_wconf 69' lang='grc' dir='ltr'><em>ἄρα</em></span> <span class='ocrx_word' id='word_1_315' title='bbox 1178 2252 1275 2303; x_wconf 83' lang='grc' dir='ltr'><em>γοῦν</em></span> <span class='ocrx_word' id='word_1_316' title='bbox 1298 2247 1364 2288; x_wconf 85' lang='grc' dir='ltr'><em>καὶ</em></span> <span class='ocrx_word' id='word_1_317' title='bbox 1393 2245 1437 2288; x_wconf 82' lang='grc' dir='ltr'><strong><em>τό</em></strong></span> <span class='ocrx_word' id='word_1_318' title='bbox 1463 2248 1552 2301; x_wconf 87' lang='grc' dir='ltr'><em>περὶ</em></span> <span class='ocrx_word' id='word_1_319' title='bbox 1577 2249 1742 2302; x_wconf 86' lang='grc' dir='ltr'><em>καρδίας</em></span> <span class='ocrx_word' id='word_1_320' title='bbox 1769 2263 1904 2301; x_wconf 87' lang='grc' dir='ltr'><em>τροπι-</em></span> 
     </span>
     <span class='ocr_line' id='line_1_34' title="bbox 361 2315 1902 2375; baseline -0.005 -13"><span class='ocrx_word' id='word_1_321' title='bbox 361 2320 532 2375; x_wconf 82' lang='grc' dir='ltr'><em>κώτερον</em></span> <span class='ocrx_word' id='word_1_322' title='bbox 566 2322 732 2375; x_wconf 80' lang='grc' dir='ltr'><em>εἴρηται,</em></span> <span class='ocrx_word' id='word_1_323' title='bbox 774 2319 838 2359; x_wconf 82' lang='grc' dir='ltr'><em>καὶ</em></span> <span class='ocrx_word' id='word_1_324' title='bbox 868 2320 985 2370; x_wconf 82' lang='grc' dir='ltr'><em>δῆλον</em></span> <span class='ocrx_word' id='word_1_325' title='bbox 1018 2316 1075 2358; x_wconf 72' lang='lat'><em>⁵3</em></span> <span class='ocrx_word' id='word_1_326' title='bbox 1106 2333 1143 2358; x_wconf 91' lang='grc' dir='ltr'><em>τι</em></span> <span class='ocrx_word' id='word_1_327' title='bbox 1172 2317 1238 2357; x_wconf 89' lang='grc' dir='ltr'><em>καὶ</em></span> <span class='ocrx_word' id='word_1_328' title='bbox 1273 2315 1388 2356; x_wconf 85' lang='grc' dir='ltr'><em>παντὶ</em></span> <span class='ocrx_word' id='word_1_329' title='bbox 1411 2320 1465 2370; x_wconf 79' lang='grc' dir='ltr'><em>τῷ</em></span> <span class='ocrx_word' id='word_1_330' title='bbox 1498 2316 1652 2356; x_wconf 80' lang='grc' dir='ltr'><em>σύνεσιν</em></span> <span class='ocrx_word' id='word_1_331' title='bbox 1678 2315 1902 2372; x_wconf 78' lang='grc' dir='ltr'><em>κεκτημένῳ</em></span> 
     </span>
     <span class='ocr_line' id='line_1_35' title="bbox 362 2380 1903 2441; baseline -0.005 -11"><span class='ocrx_word' id='word_1_332' title='bbox 362 2389 485 2441; x_wconf 80' lang='grc' dir='ltr'><em>σαφὲς</em></span> <span class='ocrx_word' id='word_1_333' title='bbox 508 2389 579 2441; x_wconf 78' lang='grc' dir='ltr'><em>εἴη.</em></span> <span class='ocrx_word' id='word_1_334' title='bbox 641 2388 696 2428; x_wconf 87' lang='grc' dir='ltr'><em>Εἰ</em></span> <span class='ocrx_word' id='word_1_335' title='bbox 718 2389 851 2427; x_wconf 90' lang='grc' dir='ltr'><em>τοίνυν</em></span> <span class='ocrx_word' id='word_1_336' title='bbox 875 2389 1070 2439; x_wconf 86' lang='grc' dir='ltr'><em>τροπικῶς</em></span> <span class='ocrx_word' id='word_1_337' title='bbox 1093 2385 1192 2439; x_wconf 85' lang='grc' dir='ltr'><em>λέγει</em></span> <span class='ocrx_word' id='word_1_338' title='bbox 1217 2384 1308 2438; x_wconf 87' lang='grc' dir='ltr'><em>περὶ</em></span> <span class='ocrx_word' id='word_1_339' title='bbox 1333 2387 1466 2436; x_wconf 82' lang='grc' dir='ltr'><em>ψυχῆς</em></span> <span class='ocrx_word' id='word_1_340' title='bbox 1499 2380 1522 2424; x_wconf 79' lang='grc' dir='ltr'><em>ὅ</em></span> <span class='ocrx_word' id='word_1_341' title='bbox 1543 2381 1696 2437; x_wconf 78' lang='grc' dir='ltr'><em>πατὴρ,</em></span> <span class='ocrx_word' id='word_1_342' title='bbox 1726 2383 1792 2424; x_wconf 87' lang='grc' dir='ltr'><em>καὶ</em></span> <span class='ocrx_word' id='word_1_343' title='bbox 1813 2382 1903 2436; x_wconf 86' lang='grc' dir='ltr'><em>περὶ</em></span> 
     </span>
     <span class='ocr_line' id='line_1_36' title="bbox 360 2447 1903 2511; baseline -0.005 -13"><span class='ocrx_word' id='word_1_344' title='bbox 360 2459 525 2511; x_wconf 86' lang='grc' dir='ltr'><em>καρδίας</em></span> <span class='ocrx_word' id='word_1_345' title='bbox 547 2450 595 2509; x_wconf 75' lang='grc' dir='ltr'><em>ἧς</em></span> <span class='ocrx_word' id='word_1_346' title='bbox 616 2452 689 2497; x_wconf 78' lang='grc' dir='ltr'><em>οὐκ</em></span> <span class='ocrx_word' id='word_1_347' title='bbox 711 2455 846 2507; x_wconf 76' lang='grc' dir='ltr'><em>ἔλαβεν</em></span> <span class='ocrx_word' id='word_1_348' title='bbox 872 2452 936 2501; x_wconf 81' lang='grc' dir='ltr'><em>(οὗ</em></span> <span class='ocrx_word' id='word_1_349' title='bbox 962 2451 1034 2507; x_wconf 73' lang='grc' dir='ltr'><em>γάρ</em></span> <span class='ocrx_word' id='word_1_350' title='bbox 1060 2451 1224 2506; x_wconf 79' lang='grc' dir='ltr'><em>ἔφόρεσε</em></span> <span class='ocrx_word' id='word_1_351' title='bbox 1246 2450 1409 2506; x_wconf 80' lang='grc' dir='ltr'><em>σάρκα),</em></span> <span class='ocrx_word' id='word_1_352' title='bbox 1440 2448 1730 2505; x_wconf 74' lang='grc' dir='ltr'><em>τροπικώτερον</em></span> <span class='ocrx_word' id='word_1_353' title='bbox 1761 2451 1815 2498; x_wconf 84' lang='grc' dir='ltr'><em>εἰς</em></span> <span class='ocrx_word' id='word_1_354' title='bbox 1833 2447 1903 2491; x_wconf 77' lang='grc' dir='ltr'><em>τὸν</em></span> 
     </span>
     <span class='ocr_line' id='line_1_37' title="bbox 362 2514 1903 2579; baseline -0.006 -13"><span class='ocrx_word' id='word_1_355' title='bbox 362 2525 509 2579; x_wconf 86' lang='grc' dir='ltr'><em>πατέρα</em></span> <span class='ocrx_word' id='word_1_356' title='bbox 542 2522 589 2564; x_wconf 75' lang='grc' dir='ltr'><em>τά</em></span> <span class='ocrx_word' id='word_1_357' title='bbox 623 2526 785 2565; x_wconf 81' lang='grc' dir='ltr'><em>τοιαῦτα</em></span> <span class='ocrx_word' id='word_1_358' title='bbox 819 2519 1073 2575; x_wconf 76' lang='grc' dir='ltr'><em>οἷναλογεῖται.</em></span> <span class='ocrx_word' id='word_1_359' title='bbox 1135 2524 1153 2548; x_wconf 78' lang='lat'><strong>⁶</strong></span> <span class='ocrx_word' id='word_1_360' title='bbox 1173 2517 1316 2560; x_wconf 76' lang='grc' dir='ltr'><em>Οὐκέτι</em></span> <span class='ocrx_word' id='word_1_361' title='bbox 1349 2519 1391 2560; x_wconf 83' lang='grc' dir='ltr'><em>δὲ</em></span> <span class='ocrx_word' id='word_1_362' title='bbox 1420 2516 1561 2560; x_wconf 76' lang='grc' dir='ltr'><em>ταύτόν</em></span> <span class='ocrx_word' id='word_1_363' title='bbox 1594 2518 1683 2572; x_wconf 87' lang='grc' dir='ltr'><em>περὶ</em></span> <span class='ocrx_word' id='word_1_364' title='bbox 1713 2515 1783 2558; x_wconf 77' lang='grc' dir='ltr'><em>τόν</em></span> <span class='ocrx_word' id='word_1_365' title='bbox 1813 2514 1903 2557; x_wconf 81' lang='grc' dir='ltr'><em>υἷὸν</em></span> 
     </span>
     <span class='ocr_line' id='line_1_38' title="bbox 366 2582 1901 2647; baseline -0.005 -15"><span class='ocrx_word' id='word_1_366' title='bbox 366 2590 538 2647; x_wconf 74' lang='grc' dir='ltr'><em>ἡγητέον.</em></span> <span class='ocrx_word' id='word_1_367' title='bbox 607 2589 651 2632; x_wconf 89' lang='grc' dir='ltr'><strong><em>Ὁ</em></strong></span> <span class='ocrx_word' id='word_1_368' title='bbox 689 2588 776 2638; x_wconf 83' lang='grc' dir='ltr'><em>υἷὸς</em></span> <span class='ocrx_word' id='word_1_369' title='bbox 814 2587 888 2644; x_wconf 72' lang='grc' dir='ltr'><em>γάρ</em></span> <span class='ocrx_word' id='word_1_370' title='bbox 930 2589 1041 2641; x_wconf 71' lang='grc' dir='ltr'><em>ἔλαβε</em></span> <span class='ocrx_word' id='word_1_371' title='bbox 1079 2587 1226 2641; x_wconf 88' lang='grc' dir='ltr'><em>σάρκα,</em></span> <span class='ocrx_word' id='word_1_372' title='bbox 1268 2587 1334 2628; x_wconf 85' lang='grc' dir='ltr'><em>καὶ</em></span> <span class='ocrx_word' id='word_1_373' title='bbox 1370 2591 1502 2627; x_wconf 80' lang='grc' dir='ltr'><em>πᾶσαν</em></span> <span class='ocrx_word' id='word_1_374' title='bbox 1537 2584 1610 2639; x_wconf 79' lang='grc' dir='ltr'><em>τὴν</em></span> <span class='ocrx_word' id='word_1_375' title='bbox 1648 2582 1901 2640; x_wconf 71' lang='grc' dir='ltr'><em>ἀνθρωπείαν</em></span> 
     </span>
     <span class='ocr_line' id='line_1_39' title="bbox 363 2661 488 2701; baseline 0 0"><span class='ocrx_word' id='word_1_376' title='bbox 363 2661 488 2701; x_wconf 87' lang='grc' dir='ltr'><em>θέσιν.</em></span> 
     </span>
    </p>
   </div>
   <div class='ocr_carea' id='block_1_5' title="bbox 410 2730 1903 3047">
    <p class='ocr_par' dir='ltr' id='par_1_6' title="bbox 411 2730 1903 2813">
     <span class='ocr_line' id='line_1_40' title="bbox 411 2730 1903 2780; baseline -0.006 -9"><span class='ocrx_word' id='word_1_377' title='bbox 411 2741 487 2771; x_wconf 76' lang='grc' dir='ltr'>ΟΑΡ.</span> <span class='ocrx_word' id='word_1_378' title='bbox 510 2740 546 2771; x_wconf 89' lang='lat' dir='ltr'><em>L.</em></span> <span class='ocrx_word' id='word_1_379' title='bbox 573 2758 616 2763; x_wconf 91' lang='lat'><em>--</em></span> <span class='ocrx_word' id='word_1_380' title='bbox 663 2740 690 2771; x_wconf 92' lang='lat'><em>1.</em></span> <span class='ocrx_word' id='word_1_381' title='bbox 715 2734 877 2780; x_wconf 62' lang='grc' dir='ltr'><em>οἷλήὲειαν</em></span> <span class='ocrx_word' id='word_1_382' title='bbox 902 2738 967 2769; x_wconf 84' lang='lat' dir='ltr'><em>cod.</em></span> <span class='ocrx_word' id='word_1_383' title='bbox 982 2737 1111 2777; x_wconf 82' lang='lat' dir='ltr'><strong><em>Rhedi9.</em></strong></span> <span class='ocrx_word' id='word_1_384' title='bbox 1157 2737 1285 2777; x_wconf 68' lang='lat' dir='ltr'><em>Rlzediy.</em></span> <span class='ocrx_word' id='word_1_385' title='bbox 1325 2734 1579 2774; x_wconf 81' lang='lat' dir='ltr'>„Hallucinatus</span> <span class='ocrx_word' id='word_1_386' title='bbox 1592 2731 1722 2764; x_wconf 86' lang='lat' dir='ltr'>videtur</span> <span class='ocrx_word' id='word_1_387' title='bbox 1741 2730 1774 2762; x_wconf 85' lang='lat' dir='ltr'><em>in</em></span> <span class='ocrx_word' id='word_1_388' title='bbox 1788 2730 1903 2763; x_wconf 80' lang='lat' dir='ltr'>Esaiae</span> 
     </span>
     <span class='ocr_line' id='line_1_41' title="bbox 455 2780 1632 2813; baseline -0.008 5"><span class='ocrx_word' id='word_1_389' title='bbox 455 2783 463 2792; x_wconf 89' lang='lat'><em>&#39;</em></span> <span class='ocrx_word' id='word_1_390' title='bbox 1156 2781 1233 2813; x_wconf 90' lang='lat' dir='ltr'>loco</span> <span class='ocrx_word' id='word_1_391' title='bbox 1259 2780 1429 2812; x_wconf 77' lang='lat' dir='ltr'>citando.“</span> <span class='ocrx_word' id='word_1_392' title='bbox 1477 2780 1632 2811; x_wconf 75' lang='lat' dir='ltr'><em>Pelavius.</em></span> 
     </span>
    </p>

    <p class='ocr_par' dir='ltr' id='par_1_7' title="bbox 1156 2818 1903 2947">
     <span class='ocr_line' id='line_1_42' title="bbox 1204 2818 1902 2866; baseline -0.007 -8"><span class='ocrx_word' id='word_1_393' title='bbox 1204 2825 1234 2858; x_wconf 71' lang='lat'><em>4.</em></span> <span class='ocrx_word' id='word_1_394' title='bbox 1258 2828 1340 2858; x_wconf 70' lang='lat' dir='ltr'><em>Inter</em></span> <span class='ocrx_word' id='word_1_395' title='bbox 1372 2821 1572 2866; x_wconf 83' lang='grc' dir='ltr'><em>Ἠγάπησεν</em></span> <span class='ocrx_word' id='word_1_396' title='bbox 1595 2825 1623 2854; x_wconf 83' lang='lat' dir='ltr'><em>et</em></span> <span class='ocrx_word' id='word_1_397' title='bbox 1651 2818 1675 2862; x_wconf 71' lang='grc' dir='ltr'><em>ἦ</em></span> <span class='ocrx_word' id='word_1_398' title='bbox 1711 2818 1805 2864; x_wconf 71' lang='grc' dir='ltr'><em>ψυχή</em></span> <span class='ocrx_word' id='word_1_399' title='bbox 1841 2833 1902 2863; x_wconf 78' lang='grc' dir='ltr'><em>μου</em></span> 
     </span>
     <span class='ocr_line' id='line_1_43' title="bbox 1158 2867 1903 2910; baseline -0.007 -8"><span class='ocrx_word' id='word_1_400' title='bbox 1158 2873 1204 2902; x_wconf 85' lang='lat' dir='ltr'><em>ed.</em></span> <span class='ocrx_word' id='word_1_401' title='bbox 1226 2881 1274 2910; x_wconf 82' lang='lat' dir='ltr'><em>pr.</em></span> <span class='ocrx_word' id='word_1_402' title='bbox 1296 2872 1386 2902; x_wconf 73' lang='lat' dir='ltr'><em>habet</em></span> <span class='ocrx_word' id='word_1_403' title='bbox 1409 2871 1556 2901; x_wconf 82' lang='lat' dir='ltr'><em>lacunam</em></span> <span class='ocrx_word' id='word_1_404' title='bbox 1580 2867 1754 2906; x_wconf 78' lang='lat' dir='ltr'><strong><em>quindecim</em></strong></span> <span class='ocrx_word' id='word_1_405' title='bbox 1778 2867 1839 2905; x_wconf 73' lang='lat' dir='ltr'><strong><em>fere</em></strong></span> <span class='ocrx_word' id='word_1_406' title='bbox 1865 2868 1903 2897; x_wconf 84' lang='lat' dir='ltr'><em>li-</em></span> 
     </span>
     <span class='ocr_line' id='line_1_44' title="bbox 1156 2920 1302 2947; baseline -0.007 0"><span class='ocrx_word' id='word_1_407' title='bbox 1156 2920 1302 2947; x_wconf 80' lang='lat' dir='ltr'><strong><em>terarum.</em></strong></span> 
     </span>
    </p>

    <p class='ocr_par' dir='ltr' id='par_1_8' title="bbox 410 2949 1903 3047">
     <span class='ocr_line' id='line_1_45' title="bbox 410 2949 1903 2999; baseline -0.003 -6"><span class='ocrx_word' id='word_1_408' title='bbox 410 2952 440 2984; x_wconf 75' lang='lat'><em>2-</em></span> <span class='ocrx_word' id='word_1_409' title='bbox 466 2949 606 2992; x_wconf 54' lang='grc' dir='ltr'><em>ἆληῗῶἔ</em></span> <span class='ocrx_word' id='word_1_410' title='bbox 628 2953 748 2983; x_wconf 62' lang='grc' dir='ltr'><em>υθῖθῦαῑ</em></span> <span class='ocrx_word' id='word_1_411' title='bbox 771 2953 797 2983; x_wconf 85' lang='lat' dir='ltr'>P</span> <span class='ocrx_word' id='word_1_412' title='bbox 799 2954 878 2982; x_wconf 80' lang='lat' dir='ltr'><em>elav.</em></span> <span class='ocrx_word' id='word_1_413' title='bbox 1203 2961 1233 2991; x_wconf 73' lang='grc' dir='ltr'><em>τ’).</em></span> <span class='ocrx_word' id='word_1_414' title='bbox 1260 2961 1346 2991; x_wconf 84' lang='lat' dir='ltr'><strong><em>Libri</em></strong></span> <span class='ocrx_word' id='word_1_415' title='bbox 1365 2960 1458 2998; x_wconf 84' lang='lat' dir='ltr'><em>vul90</em></span> <span class='ocrx_word' id='word_1_416' title='bbox 1472 2956 1611 2999; x_wconf 78' lang='grc' dir='ltr'><em>εἴρηται.</em></span> <span class='ocrx_word' id='word_1_417' title='bbox 1646 2954 1705 2989; x_wconf 81' lang='grc' dir='ltr'><em>καὶ</em></span> <span class='ocrx_word' id='word_1_418' title='bbox 1728 2955 1826 2999; x_wconf 76' lang='grc' dir='ltr'><em>δῆλον</em></span> <span class='ocrx_word' id='word_1_419' title='bbox 1849 2950 1903 2988; x_wconf 75' lang='grc' dir='ltr'><em>δ’τι</em></span> 
     </span>
     <span class='ocr_line' id='line_1_46' title="bbox 412 3006 1222 3047; baseline -0.006 -5"><span class='ocrx_word' id='word_1_420' title='bbox 412 3008 443 3042; x_wconf 86' lang='grc'><em>3.</em></span> <span class='ocrx_word' id='word_1_421' title='bbox 469 3006 557 3042; x_wconf 74' lang='grc' dir='ltr'><em>ἰεσαὶ</em></span> <span class='ocrx_word' id='word_1_422' title='bbox 581 3009 646 3039; x_wconf 81' lang='lat' dir='ltr'><em>cod.</em></span> <span class='ocrx_word' id='word_1_423' title='bbox 670 3009 730 3039; x_wconf 81' lang='lat' dir='ltr'><strong><em>len.</em></strong></span> <span class='ocrx_word' id='word_1_424' title='bbox 755 3017 775 3039; x_wconf 85' lang='lat' dir='ltr'><strong><em>a</em></strong></span> <span class='ocrx_word' id='word_1_425' title='bbox 807 3017 846 3039; x_wconf 89' lang='lat' dir='ltr'><em>m.</em></span> <span class='ocrx_word' id='word_1_426' title='bbox 877 3016 948 3047; x_wconf 57' lang='lat' dir='ltr'><em>pr„</em></span> <span class='ocrx_word' id='word_1_427' title='bbox 984 3010 1011 3038; x_wconf 76' lang='lat' dir='ltr'><em>et</em></span> <span class='ocrx_word' id='word_1_428' title='bbox 1044 3007 1113 3038; x_wconf 82' lang='lat' dir='ltr'><em>cod.</em></span> <span class='ocrx_word' id='word_1_429' title='bbox 1158 3008 1222 3037; x_wconf 80' lang='lat' dir='ltr'><strong><em>cett.</em></strong></span> 
     </span>
    </p>
   </div>
   <div class='ocr_carea' id='block_1_6' title="bbox 365 2786 1114 2929">
    <p class='ocr_par' dir='ltr' id='par_1_9' title="bbox 365 2786 1114 2929">
     <span class='ocr_line' id='line_1_47' title="bbox 369 2786 1113 2849; baseline -0.005 -9"><span class='ocrx_word' id='word_1_430' title='bbox 369 2786 452 2849; x_wconf 70' lang='grc' dir='ltr'><em>ἅληθ</em></span> <span class='ocrx_word' id='word_1_431' title='bbox 487 2809 552 2838; x_wconf 82' lang='lat' dir='ltr'><strong><em>cod.</em></strong></span> <span class='ocrx_word' id='word_1_432' title='bbox 576 2808 637 2839; x_wconf 83' lang='lat' dir='ltr'><em>len.</em></span> <span class='ocrx_word' id='word_1_433' title='bbox 683 2802 830 2846; x_wconf 69' lang='grc' dir='ltr'><em>ἅλῆξτεια</em></span> <span class='ocrx_word' id='word_1_434' title='bbox 849 2806 931 2836; x_wconf 74' lang='lat' dir='ltr'><strong><em>edici.</em></strong></span> <span class='ocrx_word' id='word_1_435' title='bbox 969 2800 1113 2847; x_wconf 62' lang='grc' dir='ltr'><em>οἷληῇείᾳ</em></span> 
     </span>
     <span class='ocr_line' id='line_1_48' title="bbox 366 2850 1114 2894; baseline -0.003 -12"><span class='ocrx_word' id='word_1_436' title='bbox 366 2865 401 2894; x_wconf 90' lang='grc' dir='ltr'><em>φ.</em></span> <span class='ocrx_word' id='word_1_437' title='bbox 427 2850 569 2885; x_wconf 67' lang='grc' dir='ltr'><em>εἰώὲῑασν.</em></span> <span class='ocrx_word' id='word_1_438' title='bbox 590 2853 714 2890; x_wconf 78' lang='lat' dir='ltr'><em>putavit</em></span> <span class='ocrx_word' id='word_1_439' title='bbox 737 2852 892 2882; x_wconf 79' lang='lat' dir='ltr'><em>Petavius.</em></span> <span class='ocrx_word' id='word_1_440' title='bbox 945 2851 1114 2881; x_wconf 78' lang='lat' dir='ltr'><strong><em>Cornarius</em></strong></span> 
     </span>
     <span class='ocr_line' id='line_1_49' title="bbox 365 2894 874 2929; baseline -0.006 0"><span class='ocrx_word' id='word_1_441' title='bbox 365 2901 442 2929; x_wconf 76' lang='lat' dir='ltr'><em>recle</em></span> <span class='ocrx_word' id='word_1_442' title='bbox 468 2896 640 2927; x_wconf 73' lang='lat' dir='ltr'>veritatem</span> <span class='ocrx_word' id='word_1_443' title='bbox 666 2895 754 2926; x_wconf 81' lang='lat' dir='ltr'><strong>ferre</strong></span> <span class='ocrx_word' id='word_1_444' title='bbox 778 2894 874 2926; x_wconf 80' lang='lat' dir='ltr'>solet.</span> 
     </span>
    </p>
   </div>
  </div>
 </body>
</html>
