2066 3319
235 1594 300 1622 pag.
321 1587 378 1615 707.

396 207 475 246 550
966 207 1128 242 SANCTI
1153 209 1377 242 EPIPHANH

396 306 479 339 τος,
509 289 758 343 παραδοῦναι
785 284 854 328 τόν
876 291 1054 328 τοιοῦτον
1077 291 1130 342 τῷ
1155 291 1303 344 σατανᾷ
1329 288 1382 335 εἰς
1403 285 1570 342 ὄλεθρον
1591 291 1660 339 τῆς
1683 284 1842 339 σαρκός,
1871 287 1938 327 ’ἵνα

396 355 437 398 τό
462 360 618 408 πνεῦμα
638 359 754 412 σωθῇ
781 355 821 396 ἐν
842 358 889 411 τῇ
918 351 1044 410 ἡμέρα
1067 359 1139 395 τοῦ
1163 357 1316 408 κυρίου.
1365 353 1563 408 ’Όλεθρος
1586 354 1627 395 δὲ
1651 354 1715 395 ἐπὶ
1740 351 1886 407 σαρκός
1914 350 1938 393 o‘

397 422 646 465 παντάπασίν
671 423 773 463 ἐστιν
795 420 1032 474 ἀφανισμός.
1097 425 1194 469 Πῶς
1215 415 1285 462 οῦν
1308 420 1594 474 ἀφανιζομένης
1627 425 1697 473 τῆς
1720 418 1867 475 σαρκός
1897 420 1940 461 ἐν

396 493 492 546 χειρὶ
516 495 587 533 τοῦ
611 488 822 543 διαβόλου,
851 490 919 530 καὶ
943 489 1164 541 σωζομένου
1192 493 1263 530 τοῦ
1293 487 1533 542 πνεύματος,
1565 490 1619 530 ἔτι
1645 489 1749 529 ἔσται
1774 484 1940 528 ἀνάστα-

396 573 456 607 σις
475 556 688 611 σωμάτων,
718 556 744 609 ἢ
771 555 937 611 σαρκός,
973 557 1054 597 Καὶ
1077 555 1151 598 οὐκ
1176 553 1281 597 οἶδεν
1303 554 1325 597 ὁ
1347 555 1507 612 ἄπειρος
1531 555 1629 598 nocto}
1650 553 1778 597 πάντα
1808 553 1868 596 ὅτι
1892 552 1939 595 τοὶ

399 628 491 680 ἔργα
524 630 593 678 τῆς
626 623 775 679 σαρκός
809 627 991 678 πορνεία,
1030 625 1198 676 μοιχεία,
1230 623 1424 678 ἀσέλγεια,
1467 625 1532 665 καὶ
1562 622 1609 664 τοὶ
1627 621 1783 671 τούτοις
1805 620 1941 674 ὅμοια,

398 694 463 735 καὶ
496 691 544 734 οὔ
577 694 666 748 περὶ
700 691 824 745 αὐτῆς
854 697 923 745 τῆς
956 690 1100 746 σαρκός
1133 692 1250 746 λέγει,
1291 689 1384 732 ἄλλα
1415 696 1494 732 τῶν
1527 692 1651 745 ἔργων
1679 695 1749 743 τῆς
1783 688 1941 745 σαρκός.

386 760 480 802 ΓΌτε
502 761 572 813 μὲν
595 759 793 815 ἐργάσεται
813 761 1012 814 πορνείαν,
1039 757 1065 811 ἡ
1089 757 1184 814 σαρξ
1208 757 1416 813 ἐργάζεται,
1441 757 1508 800 έοῖν
1531 758 1572 799 δὲ
1593 757 1783 811 κτήσηται
1801 755 1941 812 ἐγκρά-

399 845 517 879 τειαν,
549 827 677 870 οὐκέτι
701 826 726 882 ἡ
749 826 844 882 σᾶρξ
870 825 998 881 4σάρξ
1024 828 1137 877 ἐστιν,
1170 825 1265 867 ἀλλὰ
1286 824 1311 879 ἦ
1336 825 1429 880 σάρξ
1451 826 1728 878 μεταβέβληται
1750 827 1805 874 εἰς
1824 829 1939 866 πνεῦ-

400 913 464 948 μα.
504 894 573 944 Ὡς
595 897 660 937 καὶ
684 894 706 938 ὁ
728 895 946 943 ἀπόστολος
970 895 1068 949 λέγει
1095 893 1175 944 ὅτι,
1205 891 1249 934 Ὁ
1270 892 1448 948 ἅπαρχῆς
1469 891 1652 942 συζεύξας
1670 893 1717 934 τοὶ
1737 891 1945 947 ἀμφότερα

401 961 528 1014 εἶπεν,
568 961 668 1004 Ἀντὶ
693 962 836 1005 τούτου
858 965 1080 1014 καταλείψει
1105 960 1320 1016 ἅνθρωπος
1344 960 1412 1003 τὸν
1445 961 1594 1015 πατέρα
1625 958 1748 1002 αὐτοῦ
1776 960 1842 1001 καὶ
1873 957 1946 1012 τὴν

401 1032 548 1084 μητέρα
569 1030 707 1081 αὐτοῦ,
740 1032 801 1072 καὶ
826 1029 1107 1083 κολληθήσεται
1125 1033 1172 1086 τῇ
1195 1030 1352 1084 γυναικὶ
1376 1028 1513 1079 αὐτοῦ,
1546 1029 1612 1069 καὶ
1634 1029 1787 1070 ἔσονται
1809 1029 1850 1069 οἵ
1869 1025 1944 1069 δύο

403 1100 457 1146 εἰς
484 1097 612 1151 σάρκα
637 1101 748 1151 μίαν·
795 1096 847 1146 ὥς
881 1095 903 1139 ὁ
936 1096 1178 1150 κολλώμενος
1211 1101 1258 1153 τῇ
1288 1094 1417 1153 πόρνῃ
1441 1099 1487 1137 ἓν
1520 1095 1632 1149 σῶμα
1655 1097 1754 1147 ἐστι,
1796 1095 1894 1137 5καὶ
1925 1091 1947 1136 ό

402 1164 647 1218 κολλώμενος
680 1170 734 1223 τῷ
765 1167 888 1222 κυρίῳ
915 1167 959 1206 ἓν
990 1163 1143 1216 πνεῦμά
1176 1165 1287 1205 ἐστιν.
1354 1162 1481 1216 6’Ἆρα
1507 1158 1579 1204 οῦν
1613 1161 1635 1204 ὁ
1666 1161 1737 1216 τὴν
1763 1165 1948 1218 πορνείαν

403 1232 657 1287 ἐργαζόμενος
688 1231 783 1286 σαρξ
807 1232 1020 1286 γεγένηται·
1063 1228 1110 1271 οὖ
1134 1229 1256 1283 μόνον
1279 1228 1380 1282 αὐτὴ
1408 1228 1433 1282 ἦ
1454 1229 1570 1285 σάρξ,
1601 1227 1695 1270 ἄλλα
1716 1231 1783 1271 καὶ
1805 1228 1947 1280 πάντα,

402 1299 598 1353 καὶψυχὴ
630 1301 696 1340 καὶ
716 1298 764 1340 τα
790 1297 903 1347 ἄλλα,
936 1296 1031 1351 σᾶρξ
1058 1300 1211 1352 γίνεται.
1274 1297 1496 1349 Κολληθεὶς
1526 1295 1599 1352 γάρ
1629 1301 1677 1354 τῇ
1701 1295 1830 1355 πόρνῃ
1853 1295 1948 1351 σάρξ

402 1369 573 1423 ἐγένετο,
615 1368 682 1408 καὶ
709 1364 763 1407 ὢν
788 1364 972 1420 σαρκικός
998 1363 1094 1418 στὶρξ
1123 1363 1221 1413 ὅλως
1246 1368 1428 1406 καλεῖται.
1489 1361 1532 1405 'O
1557 1364 1598 1405 δὲ
1624 1362 1864 1417 κολλώμενος
1892 1369 1947 1421 τῷ

402 1438 526 1491 κυρίῳ
546 1437 592 1475 ἓν
618 1432 772 1486 πνεῦμά
794 1434 885 1483 ἐστι,
918 1433 1092 1474 τουτέστι
1111 1436 1223 1485 σῶμα
1244 1433 1308 1473 καὶ
1338 1430 1461 1485 ψυχὴ,
1493 1432 1558 1472 καὶ
1581 1430 1708 1473 πάντα
1729 1433 1768 1473 εἷ’
1784 1435 1821 1474 τί
1844 1434 1948 1474 ἐστιν

404 1503 444 1543 ἐν
468 1506 521 1558 τῷ
547 1499 775 1557 ἀνθρώπῳ,
813 1503 859 1541 ἓν
888 1504 1041 1553 πνεῦμα
1073 1501 1112 1541 ἐν
1149 1503 1202 1557 τῷ
1227 1502 1362 1557 κυρίῳ.
1425 1500 1504 1540 Καὶ
1535 1500 1625 1554 περὶ
1656 1497 1799 1542 τούτου
1831 1517 1946 1554 νομο-

408 1573 537 1610 θετῶν
559 1566 580 1610 ὁ
606 1567 726 1617 αὐτὸς
748 1565 967 1616 οἷπόστολός
991 1582 1108 1620 φησι,
1151 1565 1194 1608 Ὁ
1220 1566 1316 1616 θεὸς
1341 1569 1455 1609 ἔθετο
1487 1569 1527 1609 ἐν
1558 1565 1707 1620 σώματι
1740 1566 1870 1609 πάντα
1899 1565 1947 1608 τοὶ

405 1637 518 1689 μέλη,
551 1637 713 1677 ἕκαστον
735 1634 876 1683 καθώς
899 1635 1086 1688 ἠθέλησε·
1119 1635 1184 1675 καὶ
1211 1633 1287 1689 ὅρα
1308 1639 1395 1684 πῶς
1420 1633 1605 1690 ὁμολογεῖ
1624 1634 1692 1676 τόν
1712 1633 1811 1677 θεόν
1832 1651 1948 1688 ποιη-

403 1703 474 1756 τὴν
500 1708 571 1745 τοῦ
596 1702 777 1756 σώματος
802 1704 869 1744 καὶ
897 1703 1016 1755 θέτην
1046 1706 1125 1744 τῶν
1156 1704 1198 1744 ἐν
1223 1700 1319 1755 ἡμῖν
1341 1707 1485 1755 μελῶν,
1525 1704 1589 1744 καὶ
1614 1701 1755 1751 καθώς
1776 1702 1948 1755 ἠθέλησε

404 1776 450 1828 τῇ
477 1773 558 1827 ἰδίᾳ
586 1773 708 1827 σοφίᾳ
729 1771 796 1812 καὶ
814 1768 1043 1825 ἆγαθότητι.
1107 1774 1126 1798 ⁷
1141 1767 1242 1811 Εἶτα
1265 1769 1401 1821 πάλιν,
1433 1769 1520 1812 ἀντὶ
1542 1775 1613 1812 τοῦ
1635 1772 1948 1826 παραδείγματος

406 1843 478 1880 τοῦ
499 1836 690 1892 ἡμετέρου
720 1837 919 1891 σώματος,
961 1843 1032 1879 τοῦ
1060 1842 1256 1892 Χριστοῦ,
1297 1835 1365 1886 Ὡς
1394 1839 1464 1879 καὶ
1495 1836 1608 1891 ἡμεῖς
1638 1842 1750 1892 σῶμα
1776 1841 1948 1893 Χριστοῦ

408 1907 541 1958 ἐσμεν,
572 1907 638 1946 καὶ
659 1907 752 1958 μέλη
776 1907 819 1947 ἐκ
841 1906 998 1958 μέλους,
1030 1907 1097 1947 καὶ
1122 1903 1148 1958 ἡ
1170 1907 1351 1958 ἐκκλησία
1380 1910 1452 1947 τοῦ
1474 1911 1593 1957 θεοῦ,
1624 1905 1710 1960 ἥτις
1736 1906 1816 1948 ἐστὶ
1837 1910 1948 1959 σῶμα

410 1977 593 2027 Χριστοῦ.
655 1975 710 2014 Εἰ
739 1978 850 2026 σῶμα
883 1975 1018 2014 τοίνυν
1048 1978 1149 2014 ’θεοῦ
1180 1971 1205 2025 ἡ
1242 1975 1424 2026 ἐκκλησία
1459 1975 1718 2027 κεκολλημένη
1750 1978 1805 2031 τῷ
1830 1971 1947 2015 πνεύ-

408 2058 520 2094 ματι,
551 2041 723 2082 τουτέστι
749 2045 802 2097 τῷ
825 2043 970 2097 κυρίῳ,
1003 2042 1044 2082 ἕν
1068 2039 1221 2094 πνεῦμά
1246 2042 1361 2092 ἐστιν,
1393 2039 1415 2082 ὁ
1440 2039 1505 2082 ἄπ’
1530 2039 1652 2094 αὐτῆς
1668 2043 1802 2083 τοίνυν
1825 2039 1948 2094 ἆμαρ-

404 2107 530 2150 τάνων
553 2108 776 2162 πνεύματος
798 2106 990 2158 ἐκπεσών,
1034 2107 1128 2163 σὰρξ
1157 2109 1354 2163 γεγένηται
1385 2107 1504 2159 ὅλως,
1545 2113 1654 2166 ψυχῇ
1686 2110 1751 2150 καὶ
1783 2107 1947 2161 σώματι,

407 2177 474 2217 καὶ
497 2178 535 2217 εἴ
561 2179 627 2217 8τί
651 2177 752 2218 ἐστιν
773 2177 813 2216 ἐν
836 2173 952 2232 αὐτῷ.
1005 2175 1118 2216 Ἐπεὶ
1142 2180 1228 2225 πῶς
1258 2175 1421 2218 ἐδύνατο
1444 2178 1562 2231 μέρος
1583 2179 1864 2231 παραδοθῆναι
1893 2180 1948 2232 τῷ

407 2247 578 2300 σατανᾷ,
608 2245 674 2285 καὶ
695 2244 814 2297 μέρος
836 2241 890 2295 μὴ
914 2246 1216 2296 παραδοθῆναι,
1263 2244 1323 2284 Οὐ
1344 2243 1417 2299 ,γάρ
1446 2241 1528 2285 εἶπε
1548 2246 1832 2299 παραδοθῆναι
1869 2242 1949 2296 Τήν

405 2311 532 2366 σάρκα
552 2315 606 2368 τῷ
629 2315 799 2367 σατανᾷ,
837 2308 930 2350 ἄλλα
953 2313 1202 2364 παραδοῦναι
1240 2310 1317 2352 Τόν
1338 2315 1525 2353 τοιοῦτον.
1585 2309 1628 2352 Ὁ
1651 2311 1693 2352 δὲ
1717 2311 1840 2366 λέγων
1870 2309 1949 2353 Τόν

405 2384 586 2421 τοιοῦτον
612 2377 797 2434 ὁλοσχερῇ
821 2374 1040 2431 ἄνθρωπον
1059 2377 1131 2418 σῦν
1157 2383 1266 2436 ψυχῇ
1288 2380 1356 2420 καὶ
1380 2380 1498 2420 παντὶ
1520 2383 1575 2435 τῷ
1598 2377 1802 2435 ἀνθρώπῳ
1822 2395 1947 2434 παρα-

407 2448 588 2488 δέδωκεν.
620 2448 676 2487 Εἰ
697 2446 739 2487 δὲ
761 2444 851 2486 ὅλον
875 2446 1168 2499 παραδέδωκεν,
1189 2444 1278 2487 ὅλον
1301 2445 1428 2501 σάρκα
1449 2445 1699 2499 ἀπεφήνατο·
1730 2445 1774 2488 τὸ
1795 2450 1949 2498 πνεῦμα

406 2515 447 2555 δὲ
472 2513 614 2567 ἐδήλου
634 2512 827 2563 σώζεσθαι
853 2514 907 2560 εἰς
927 2510 997 2565 τὴν
1020 2509 1171 2566 ἡμέραν
1195 2516 1346 2568 κυρίου.
1393 2513 1482 2555 Ἵνα
1502 2511 1555 2567 μή
1578 2511 1661 2555 ὖπὸ
1686 2515 1814 2555 αἰτίαν
1835 2514 1946 2568 γένη-

405 2599 467 2622 ται
486 2580 512 2634 ἦ
531 2583 713 2635 ἐκκλησία
734 2585 803 2623 τοῦ
827 2578 1053 2632 σφάλματος
1073 2583 1143 2620 τοῦ
1166 2582 1381 2631 σφαλέντος
1404 2580 1645 2637 ἀνθρώπου,
1674 2582 1742 2622 καὶ
1763 2585 1947 2638 μολυνθῇ

406 2647 475 2701 ὅλη
501 2647 526 2701 ἡ
548 2651 729 2703 ἐκκλησία
750 2653 804 2705 τῷ
823 2646 1108 2702 παραπτώματι
1130 2652 1200 2688 τοῦ
1221 2647 1328 2699 ἓνὸς,
1359 2649 1477 2703 λέγει,
1522 2646 1732 2703 Παράδοτε
1756 2647 1825 2689 τόν
1847 2662 1947 2699 σφα-

405 2717 537 2767 λέντα,
567 2718 634 2758 ἵνα
662 2715 704 2758 τό
733 2720 907 2769 πνεῦμα,
937 2715 1133 2756 τουτέστιν
1163 2714 1235 2767 ὅλη
1267 2713 1291 2768 ἦ
1316 2717 1516 2768 ἐκκλησία,
1547 2720 1674 2772 σωθῇ.

451 2859 483 2894 4.
507 2865 643 2896 Alterum
665 2861 749 2906 σάρξ
773 2874 832 2897 om.
845 2866 878 2896 in
898 2849 944 2895 eci.
962 2865 1070 2896 Petav.
1095 2864 1153 2896 00-
1243 2863 1274 2896 7.
1301 2864 1430 2902 „Deest
1453 2862 1601 2905 aliquid“
1635 2864 1668 2894 in
1691 2871 1792 2902 mary.
1814 2866 1948 2895 annota-

405 2910 465 2940 lon.
485 2912 577 2947 repet.
1198 2910 1242 2940 vit
1264 2910 1422 2940 Pelavius.
1469 2910 1578 2947 Repete
1599 2909 1690 2939 modo
1719 2905 1807 2949 φησὶ
1831 2917 1869 2939 ex
1895 2917 1948 2939 su-

452 2953 483 2983 5.
509 2951 568 2984 καὶ
591 2963 650 2984 om.
673 2956 705 2985 in
726 2956 763 2985 ed
798 2956 905 2986 Ρείαυ.
934 2956 1037 2986 Colon.
1059 2957 1153 2994 repet.
1196 2955 1378 2992 purioribus.
1428 2954 1596 2985 Cornarius
1628 2953 1736 2991 vertit,
1769 2954 1872 2983 minus
1894 2961 1947 2984 ac-

452 2994 484 3028 6.
508 2989 574 3039 ἇρσ.
595 2999 663 3029 cod.
682 3000 811 3039 Rhediq.
1199 3001 1322 3037 curate,
1348 2996 1470 3029 deinde
1488 3007 1550 3040 pro
1571 2995 1722 3039 exemplo
1742 2995 1848 3028 nostri
1868 3007 1947 3028 cor-
