2030 3324
517 213 698 246 PANARu
723 214 804 247 Lm.
825 215 867 247 u.
894 215 1001 248 ToM.
1026 215 1063 247 u.
1090 215 1364 247 11AER.vat.
1640 207 1720 247 703

169 299 286 333 stram
308 293 524 347 spectabat,
561 293 633 333 rite
658 294 882 348 perficeret,
919 302 957 335 et
980 295 1240 350 corruptelam
1265 295 1532 348 extingueret,
1568 302 1605 335 et
1627 308 1721 335 exe-

168 361 381 401 crationem
415 375 488 401 una
514 375 600 401 cum
631 366 772 414 scripto
801 366 981 402 mlrersns
1006 379 1072 402 πω·
1096 365 1350 415 chirographo
1374 366 1534 407 dolend,
1580 370 1618 403 et
1650 362 1721 403 ini-
1744 371 1809 399 Col·
1830 372 1865 405 2,
1890 372 1928 399 Η.

173 436 250 469 tum
283 429 418 470 l'oedus
441 444 525 470 eum
552 431 689 471 inl'eris
716 431 973 481 dissolveret,
1020 432 1225 484 omniaque
1251 433 1296 470 ad
1326 431 1520 471 bominum
1554 432 1720 471 salutem

168 497 307 537 idonee
334 498 704 552 accommodateque
731 499 984 552 gubernaret.
1051 497 1204 538 Etenim
1233 499 1465 553 simulatque
1490 499 1612 550 dixit,
1649 504 1722 538 Do-

166 569 288 605 minus
309 570 497 617 regnavit,
526 570 693 606 decorem
716 570 869 606 &ululas
889 575 965 614 est,
1001 566 1165 606 subinde
1193 567 1282 606 illud
1309 567 1464 618 adiicit,
1499 571 1627 607 Imlm'!
1656 572 1721 607 do-

166 637 287 673 minus
306 636 598 687 fortitudinem,
645 644 683 674 et
706 638 926 687 praecinxit
955 650 1006 673 se.
1076 632 1148 675 L'bi
1177 635 1338 689 primum
1370 635 1637 676 indumentum
1670 650 1721 676 ex

165 699 294 742 Maria
320 710 538 756 sumptum,
574 703 795 758 posterius,
841 703 902 742 ubi
929 717 948 742 a
975 703 1138 743 mortuis
1171 703 1368 743 excitatus
1394 711 1476 753 est,
1521 705 1722 759 accepisse

166 769 423 811 demonstrat.
490 770 562 811 Est
599 772 700 812 enim
741 771 933 826 scriptura
973 778 1095 821 teste,
1140 774 1418 822 Pm‘mogenitus
1457 789 1506 811 ea·
1545 776 1926 847 ''²⁰²⁵“‘l‘9'0‘1‘iipdci235

164 835 381 893 Propterea
414 840 626 880 secundum
661 839 761 879 bunc
794 839 977 880 vestitum
1015 839 1234 880 accuratius
1259 840 1481 895 firmiusque
1510 842 1722 882 communit
1776 835 1780 837 ‚
1858 833 1892 845 ”

166 905 225 947 his
261 907 414 948 verbis:
460 911 590 947 Induit
618 911 788 947 dominas
821 911 1015 955 virtutem,
1051 916 1087 947 et
1112 911 1331 960 praec-inari!
1360 924 1412 948 se.

281 973 617 1029 Quemadmodum
642 976 743 1016 enim
768 976 831 1030 qui
860 976 1010 1016 lumbos
1035 990 1128 1017 suos
1152 976 1390 1031 praecingit,
1427 985 1575 1018 vestem
1609 979 1653 1019 ad
1679 979 1722 1019 il-
1783 980 1860 1038 Cat)-

164 1045 239 1086 lam
263 1044 440 1099 corporis
462 1051 610 1098 partem
635 1045 858 1098 diligentius
886 1045 1109 1098 adstringit,
1144 1052 1183 1085 ut
1208 1046 1252 1084 ad
1281 1060 1421 1100 corpus
1445 1060 1555 1086 suum
1577 1048 1723 1088 arctius
1750 1025 1872 1057 LXH'

164 1113 435 1153 adhaerescat.
501 1110 556 1152 lta
583 1110 765 1153 Cbristus
792 1113 953 1167 primum
989 1113 1170 1153 decorem
1198 1113 1373 1153 induisse
1407 1122 1566 1169 propter
1595 1115 1722 1155 incar-

165 1181 363 1222 nationem
398 1179 561 1231 dicitur,
609 1188 741 1236 postea
783 1195 878 1222 vero
916 1180 1124 1232 virtutem,
1170 1196 1258 1222 cum
1291 1181 1476 1222 videlicet
1505 1197 1524 1222 a
1560 1184 1722 1224 mortuis

163 1250 364 1301 surrexit3
409 1249 461 1290 ita
496 1255 536 1289 ut
575 1264 651 1289 nou
685 1249 760 1290 iam
791 1250 835 1289 ad
862 1249 1059 1291 cruciatus
1087 1250 1291 1302 ferendos,
1340 1257 1404 1291 aut
1437 1250 1626 1303 verbera,
1662 1253 1723 1292 vel

161 1319 290 1360 crucis
328 1317 556 1373 supplicium
586 1317 753 1359 humana
780 1318 843 1359 itta
873 1326 1010 1359 natura
1041 1319 1275 1368 descendat,
1321 1326 1361 1359 ut
1393 1320 1438 1359 de
1473 1334 1520 1360 eo
1557 1328 1722 1362 testatur

163 1387 386 1442 apostolus:
433 1389 639 1435 Sm're-re'l5
674 1391 745 1426 iam
768 1402 840 1427 teon
864 1391 1047 1437 moritur,
1093 1402 1192 1427 mors
1223 1390 1286 1427 illl
1313 1390 1415 1427 ztllmc
1446 1404 1518 1429 mm
1550 1392 1717 1430 domina·
1739 1405 1865 1439 Rome
1885 1406 1909 1432 a.

164 1457 279 1496 bitur.
346 1452 408 1496 Ob
435 1455 496 1506 id,
532 1455 676 1510 inquit,
718 1460 937 1508 praecinxi!
965 1472 1027 1504 se,
1076 1471 1161 1497 cum
1199 1455 1379 1497 nimirum
1417 1471 1575 1498 carnem
1611 1473 1720 1499 suam

164 1538 250 1565 cum
284 1537 359 1564 uua
395 1524 597 1564 divinitate
633 1525 822 1571 sociavit,
869 1525 983 1579 idque
1018 1525 1055 1565 in
1088 1540 1203 1565 unam
1238 1525 1556 1580 singularemque
1588 1541 1723 1581 perso-

165 1606 277 1644 nam,
320 1593 358 1632 in
384 1592 561 1647 spiritum
590 1593 761 1633 divinum
791 1594 938 1648 pariter
963 1600 1000 1633 et
1026 1608 1281 1648 corporeum,
1328 1594 1364 1634 in
1397 1609 1512 1635 unum
1545 1596 1721 1649 quiddam

164 1660 340 1716 spiritale
367 1662 606 1715 perfectum,
653 1662 752 1716 quod
784 1661 944 1702 dissolvi
970 1662 1070 1702 ultra
1099 1669 1283 1716 nequeat.
1350 1661 1408 1703 lta
1440 1663 1625 1718 deinceps
1658 1679 1722 1704 oc·
1743 1674 1846 1719 lpann.

165 1729 283 1770 clusis
312 1729 460 1769 l'oribus
485 1729 707 1784 ingressum
743 1737 804 1771 est
836 1731 936 1771 idem
972 1731 1062 1771 illud
1088 1738 1314 1771 concretum
1347 1732 1460 1772 simul
1485 1747 1530 1772 ac
1561 1732 1720 1784 subtile,
1761 1710 1803 1743 ω’
1827 1710 1866 1737 19'

165 1797 340 1854 passioni
367 1797 580 1838 obnoxium
611 1813 835 1854 expersque
863 1800 1082 1854 passionis,
1117 1800 1154 1839 in
1181 1813 1298 1840 carne.
1324 1814 1504 1855 passum,
1540 1808 1578 1841 et
1609 1808 1722 1842 extra

164 1881 317 1908 omnem
349 1867 520 1922 patiendi
547 1867 809 1909 conditionem
838 1869 1084 1919 consistens,
1128 1882 1358 1923 quamquam
1387 1876 1475 1923 post
1501 1869 1722 1924 ingressum

163 1950 253 1977 ossa
288 1949 524 1990 carnemque
550 1944 814 1988 monstraret,
858 1945 896 1978 et
919 1938 1080 1978 lanceae
1114 1938 1392 1992 clavorumque
1420 1938 1611 1992 vestigia,
1646 1939 1724 1978 imo

164 2011 203 2045 et
234 2018 254 2044 a
282 2003 437 2044 Tboma
477 2012 813 2056 contrectat-etur,
861 2014 899 2047 et
931 2021 952 2047 a
985 2005 1184 2060 discipulis
1219 2013 1466 2046 cerneretur.
1530 2004 1718 2047 Ceterum
1741 2018 1841 2047 toann.
1861 2019 1904 2046 2⁰.

165 2072 334 2114 occlusis
366 2072 514 2113 foribus
539 2073 742 2127 ingressus
769 2082 850 2125 est,
896 2082 936 2115 ut
962 2074 1001 2115 in
1026 2089 1141 2115 unam
1164 2074 1380 2129 spiritalem
1406 2075 1721 2116 coniunctionem

164 2149 329 2197 utraque
366 2148 507 2182 natura
544 2143 769 2183 consociata
807 2157 961 2184 omnem
994 2144 1131 2184 salutis
1168 2144 1361 2184 humanae
1404 2144 1721 2199 procurationem

166 2218 388 2266 susceptam
426 2224 446 2250 a
482 2224 525 2250 se
560 2219 814 2252 monstraret.
892 2210 1039 2253 Verum
1075 2213 1164 2267 quid
1202 2213 1346 2253 tamdiu
1383 2212 1421 2252 in
1459 2226 1504 2252 ea
1542 2212 1721 2253 oratione

165 2279 394 2320 conflictor?
454 2277 602 2320 Eadem
637 2280 738 2320 enim
765 2287 944 2336 repetere
966 2281 1121 2336 saepius
1157 2297 1224 2321 nos
1251 2284 1395 2334 qm‘dem
1419 2284 1567 2320 minime
1583 2284 1719 2333 pegi-a-
1737 2294 1850 2330 rhus,
1872 2294 1895 2320 1.

166 2362 272 2396 mur,
319 2347 432 2402 idque
465 2348 503 2389 in
530 2349 719 2390 lec-torum
746 2351 911 2404 gratiam
952 2351 997 2391 ad
1030 2364 1099 2391 eos
1134 2350 1462 2406 praemuniendos
1503 2349 1721 2390 laciendum

166 2415 374 2467 duximus3
410 2431 484 2471 quo
508 2417 560 2457 illi
587 2418 819 2459 virulentam
851 2433 895 2459 ac
919 2418 1143 2474 pestiferam
1168 2419 1255 2460 Arii
1288 2417 1502 2459 doctrinam
1529 2418 1567 2458 in
1598 2419 1722 2459 omni-

166 2483 238 2525 bus
263 2484 365 2525 illius
392 2488 598 2528 sententiis
624 2486 946 2543 orationibusque
978 2488 1155 2529 diffusam
1181 2488 1330 2528 facilius
1360 2487 1543 2527 evadant.
1606 2485 1724 2528 Nunc

167 2567 252 2594 cum
279 2554 325 2594 de
352 2554 428 2595 isto
452 2556 576 2610 capite
599 2556 695 2596 satis
722 2556 839 2596 multa
869 2556 988 2597 verba
1018 2557 1249 2607 fecerimus,
1284 2556 1331 2595 ad
1358 2555 1430 2596 alia
1457 2562 1720 2596 transeamus.

168 2620 237 2663 Sic
261 2622 362 2662 enim
394 2623 614 2678 plerisque,
650 2638 749 2678 quae
773 2624 986 2666 memoriae
1014 2638 1123 2665 meae
1158 2631 1365 2665 occurrunt
1402 2623 1644 2664 calumniose
1675 2624 1722 2665 ab

166 2690 242 2732 illis
268 2691 444 2742 obiecta,
478 2693 710 2744 declaratis,
745 2707 795 2733 ex
824 2693 958 2748 paucis
982 2693 1056 2733 illis
1084 2693 1308 2748 pluribusve
1334 2692 1458 2747 palam
1487 2693 1578 2733 illud
1606 2693 1723 2734 l'acie-

167 2773 278 2811 mus,
314 2774 579 2815 quaecumque
607 2761 644 2801 in
670 2761 875 2816 scripturis
900 2762 1104 2816 leguntur,
1140 2761 1238 2816 apud
1264 2775 1350 2801 eum
1378 2761 1530 2816 quidem
1555 2761 1618 2816 qui
1645 2761 1723 2818 spi-

166 2827 244 2868 ritu
269 2835 406 2869 sancto
431 2829 627 2884 praeditus
649 2829 721 2881 sit,
767 2830 908 2884 quique
930 2830 1087 2883 vigilem
1114 2836 1152 2869 et
1177 2837 1450 2884 experrectum
1484 2830 1544 2870 dci
1577 2830 1722 2871 henefi-

169 2895 230 2936 cio
253 2904 424 2938 mentem
451 2898 613 2952 adeptus
643 2898 783 2948 suerit,
819 2899 1045 2954 perplexam
1071 2897 1215 2938 nullam
1239 2897 1444 2939 continere
1468 2898 1720 2950 sententiam,

171 2977 241 3004 uec
266 2965 326 3006 vel
358 2965 627 3007 tenuissimum
655 2966 877 3007 affectionis
910 2967 1010 3007 illins
1039 2966 1214 3007 iudicare
1240 2966 1447 3022 vestigium
1472 2968 1572 3022 quod
1606 2967 1721 3022 patri,

169 3032 233 3074 vel
256 3033 357 3085 filio,
402 3034 464 3075 vel
498 3034 650 3090 spiritui
678 3042 815 3076 sancto
842 3035 1055 3086 tribuatur3
1100 3049 1189 3075 nam
1220 3048 1241 3076 e
1275 3036 1475 3076 contrario
1513 3035 1608 3076 nibil
1645 3049 1723 3076 nou
