2066 3319
463 204 643 236 PANAnn
669 204 752 236 Lm.
769 205 809 235 11.
832 205 938 236 ToM.
961 207 1000 237 ιι.
1025 205 1293 238 HAER.LXV1.
1563 199 1644 238 467

111 282 438 336 evangelistarum
464 283 584 333 alter,
619 287 824 330 Lan-ones,
862 284 1007 337 inquit,
1041 288 1108 336 qni
1129 288 1310 336 eruc-firi
1337 293 1447 325 erant
1473 300 1553 324 cnm
1584 301 1640 332 eo,
1665 293 1726 321 Luc
1749 293 1847 329 23‚3¹³.

111 352 570 402 blasphemabant171521112,
605 352 703 391 alter
727 352 865 391 nedum
891 360 1093 406 utrumque
1119 353 1409 407 blasphemasse
1436 354 1542 404 dicit,
1577 355 1644 394 sed

110 425 149 457 et
173 418 286 458 unius
317 418 584 459 defensionem
618 428 910 459 commemorat.
974 422 1195 472 luet-‹ymlml
1225 425 1340 468 em‘m,
1376 421 1520 475 inquit,
1554 424 1647 460 alte-

108 501 205 534 rum,
240 501 284 525 ac
309 488 474 534 debebat,
509 490 638 539 Neque
661 496 701 526 [ιι
726 492 830 526 limes
852 491 972 536 ‹lt-mn,
1007 493 1177 540 quoniam
1206 492 1243 527 ιἸι
1267 492 1388 527 eudem
1413 492 1646 529 danmatione

107 569 255 602 sumus,
290 557 350 593 lu'e
373 563 671 594 autenm-auctus
695 558 793 595 m'ln'l
812 560 919 608 egit?
950 557 1087 596 deinde
1111 557 1162 596 ila
1190 556 1383 597 dominum
1417 558 1644 612 compellat:

109 625 295 662 Memenlo
320 626 403 670 mei,
438 626 537 670 Iesu,
573 639 653 662 cum
679 629 821 663 veneris
843 629 880 663 in
904 640 1059 676 regnum
1085 632 1200 662 tumn.
1267 628 1339 663 Cae·
1354 627 1418 663 ille
1439 629 1642 677 respondit,

107 694 227 730 Amen
251 693 333 730 dico
357 692 442 739 tibi,
478 694 585 731 hodie
606 707 743 731 mecum
768 696 843 732 eris
867 696 903 732 in
926 695 1118 744 paradise.
1185 691 1297 744 Quae
1326 693 1477 732 tametsi
1502 694 1647 734 discre-

108 773 200 813 pare
225 759 398 799 nonnihil
427 759 463 800 in
497 760 688 814 scriptura
710 761 936 809 videantur,
971 759 1218 799 nihilominus
1247 760 1356 813 plana
1383 767 1473 800 sunt
1502 762 1644 802 omnia.

107 825 209 867 Nam
236 827 336 880 quod
369 828 413 867 ad
448 829 669 882 arreptitios
701 829 862 877 attinet,
906 828 995 868 licet
1022 828 1119 881 apud
1144 826 1386 868 Mattllaeum
1419 829 1493 868 duo
1526 830 1646 870 fuisse

109 901 338 946 narrentur,
373 895 485 935 iidem
520 896 769 936 nihilominus
796 903 886 936 sunt
922 896 967 936 de
1003 895 1141 949 quibus
1166 893 1298 935 Lucas
1332 897 1566 936 mentionem
1594 898 1648 937 fa-

107 963 180 1013 cit3
224 963 291 1003 sed
328 963 422 1003 haec
454 963 636 1004 videlicet
670 971 729 1004 est
760 964 975 1017 scripturae
1006 964 1269 1013 consuetudo,
1314 970 1353 1003 ut
1384 978 1517 1004 eornm
1549 979 1646 1018 quae

107 1037 296 1084 geruntur
319 1031 493 1071 rationes
518 1039 555 1071 et
583 1032 810 1072 occasiones
840 1032 997 1081 innuat3
1032 1031 1079 1071 ob
1111 1031 1144 1070 id
1175 1046 1249 1071 non
1278 1031 1396 1081 duos,
1431 1033 1498 1072 sed
1530 1047 1645 1072 unum

106 1097 238 1139 Lucas
265 1099 491 1140 nominatim
514 1100 712 1155 exprimit.
775 1097 905 1140 Fuere
929 1100 1080 1154 quidem
1105 1099 1158 1140 illi
1183 1100 1256 1139 duo
1282 1115 1303 1140 a
1327 1101 1557 1141 daemonum
1579 1115 1647 1141 ve-

106 1167 267 1208 xatione
291 1167 430 1218 soluti3
464 1168 532 1208 sed
566 1182 664 1208 unus
689 1169 877 1208 duntaxat
901 1168 940 1208 in
972 1168 1043 1208 fide
1073 1167 1262 1222 perstitit,
1295 1168 1393 1209 alter
1419 1168 1465 1209 ab
1501 1183 1544 1208 ea
1577 1183 1647 1209 ex—

108 1235 213 1276 cidit.
277 1234 410 1289 Quare
445 1237 544 1289 quod
576 1236 638 1276 ille
672 1243 899 1277 constanter
930 1236 968 1276 in
1003 1237 1074 1276 fide
1104 1244 1301 1287 maneret,
1341 1238 1566 1289 sequebatur·
1589 1241 1647 1276 Ie—

107 1319 208 1351 sum,
245 1310 286 1343 ut
317 1304 353 1343 in
381 1303 587 1358 cvangelio
614 1305 797 1358 scriptum
825 1311 907 1354 est,
941 1320 1169 1357 quocumque
1198 1313 1388 1357 pergeret.
1453 1304 1555 1345 Hine
1587 1313 1648 1346 est

109 1372 207 1426 quod
232 1371 355 1411 altero
382 1372 659 1426 praetermisso
685 1373 796 1412 unius
827 1373 1015 1413 duntaxat
1036 1371 1167 1413 Lucas
1193 1373 1389 1423 meminit,
1425 1374 1486 1427 qui
1517 1374 1647 1414 coelo-

107 1455 190 1480 rum
215 1440 254 1480 in
276 1454 397 1493 regno
420 1441 711 1494 perseveravit,
746 1454 871 1494 neque
895 1441 1099 1494 quidquam
1126 1440 1241 1481 habet
1265 1442 1310 1481 ad
1334 1440 1644 1495 investigandam

108 1509 312 1549 veritatem
345 1508 532 1548 absonum
565 1523 609 1549 ac
641 1509 852 1549 diversum.

220 1575 307 1617 Nec
333 1577 530 1617 dissimilis
554 1577 640 1617 huic
667 1577 713 1616 de
738 1591 811 1630 qno
834 1577 982 1630 agimus
1009 1577 1225 1630 argumenti
1248 1584 1305 1617 est
1332 1578 1432 1631 quod
1458 1577 1496 1617 in
1528 1590 1647 1618 evan-

107 1645 209 1698 gelio
235 1652 430 1695 narratur,
464 1652 595 1699 utpote
621 1644 668 1684 ab
692 1646 826 1684 eodem
851 1651 1008 1684 auctore
1034 1645 1225 1699 profecto.
1287 1644 1435 1685 Decem
1467 1646 1646 1700 leprosos

107 1713 286 1753 dominus
313 1723 570 1767 purgaverat,
606 1727 626 1753 e
653 1713 789 1767 quibus
819 1728 944 1752 novem
971 1714 1148 1752 abeuntes
1175 1728 1248 1752 non
1275 1716 1456 1752 dederuut
1482 1716 1646 1765 gloriam

106 1784 194 1828 deo,
231 1795 329 1822 unus
352 1782 541 1822 duntaxat
562 1781 717 1821 rediens
742 1781 969 1836 permansit,
1003 1781 1064 1835 qui
1092 1795 1111 1821 a
1137 1780 1292 1821 domino
1314 1788 1519 1836 propterea
1541 1796 1645 1822 com-

1670 1585 1748 1628 Cap.
1760 1585 1849 1618 XLI.

107 1849 311 1889 mendatur
338 1849 395 1889 his
421 1849 571 1890 verbis:
606 1853 737 1889 Decem
761 1851 903 1901 leprosi
924 1852 1226 1889 mundatisune?
1286 1852 1363 1889 Cur
1390 1865 1494 1889 nemo
1523 1866 1570 1889 ez·
1597 1854 1644 1889 iis
1662 1859 1734 1889 Luc.
1748 1861 1790 1897 17,
1809 1862 1849 1889 18.

105 1932 277 1956 reversus
303 1925 380 1964 est,
415 1921 483 1969 qui
504 1921 611 1956 daret
636 1920 799 1969 gloriam
828 1920 916 1965 deo,
950 1920 1028 1956 nisi
1047 1919 1149 1957 solus
1181 1920 1242 1956 lzz'e
1271 1920 1514 1969 alienigena?
1575 1917 1645 1959 Vi-

106 1984 193 2025 den'
218 1992 259 2026 ut
282 1985 330 2026 ob
358 1984 442 2025 eius
469 1993 619 2039 gratum
646 1986 814 2026 animum
842 1999 886 2025 ac
919 1985 1094 2025 beneficii
1120 1985 1353 2026 sentientem
1384 2001 1460 2027 non
1492 1987 1642 2037 decem,

105 2055 172 2094 sed
200 2054 314 2094 unius
342 2053 587 2094 meminerit?
646 2051 733 2107 Qua
762 2054 912 2094 ratione
939 2060 977 2094 et
1006 2053 1097 2094 illud
1128 2053 1421 2108 intelligendum
1454 2062 1514 2095 est
1545 2056 1645 2109 quod

105 2121 152 2162 de
187 2121 403 2162 latronibus
441 2121 683 2175 evangelista
718 2129 1009 2162 commemorat.
1074 2121 1256 2163 Solemus
1296 2123 1396 2163 enim
1433 2123 1644 2177 singularia

106 2204 379 2244 nonnunquam
415 2204 576 2230 numero
605 2189 857 2230 multitudinis
884 2190 1049 2241 efferre,
1084 2197 1122 2230 et
1153 2198 1287 2231 contra
1322 2191 1482 2246 pluralia
1512 2192 1645 2245 singn-

105 2258 200 2309 lari,
232 2258 338 2299 velut
362 2273 448 2298 cum
482 2258 668 2308 dicimus,
700 2256 961 2299 Narravimus
989 2259 1122 2310 vobis,
1160 2266 1220 2310 et,
1258 2258 1433 2300 Vidimus
1458 2273 1553 2309 vos,
1589 2266 1642 2309 et,

105 2324 296 2367 Venimus
326 2326 373 2367 ad
399 2341 492 2376 vos,
527 2341 611 2366 cum
639 2326 792 2366 interim
827 2341 902 2367 non
931 2327 1059 2381 plures
1090 2327 1190 2378 sint,
1224 2328 1292 2367 sed
1325 2342 1424 2368 nnus
1455 2328 1646 2368 duntaxat

107 2394 170 2448 qni
189 2394 374 2448 loquitur,
410 2409 543 2435 verum
568 2409 665 2435 unus
688 2395 879 2435 communi
901 2395 1080 2449 loquendi
1104 2396 1385 2436 consuetudine
1408 2409 1458 2435 ex
1479 2395 1643 2449 plurium

106 2475 274 2517 persona
296 2477 515 2504 sermonem
542 2462 723 2504 instituit.
788 2461 855 2504 Sic
885 2463 931 2503 ab
962 2478 1037 2503 uno
1071 2463 1312 2517 evangelista
1343 2463 1500 2517 pluralis
1532 2477 1644 2503 usur-

106 2538 214 2585 patus
238 2537 298 2571 est
329 2545 534 2582 numerus,
569 2532 667 2572 alter
692 2545 787 2572 vero
811 2545 925 2572 unum
949 2545 969 2572 e
996 2532 1208 2572 latronibus
1233 2531 1272 2571 in
1300 2529 1497 2572 Christum
1525 2531 1643 2571 male-

105 2598 229 2638 dicum
256 2599 375 2640 fuisse
402 2600 538 2651 docet,
572 2600 735 2640 alterum
765 2613 859 2640 vero
886 2601 1105 2641 confessum
1132 2615 1175 2640 ac
1205 2600 1368 2640 salntem
1398 2599 1518 2640 fnisse
1549 2614 1642 2640 con-

105 2673 295 2707 secutum.
357 2666 674 2717 Animadvertis‚
708 2668 867 2722 opinor,
901 2682 1012 2722 quam
1043 2676 1177 2723 aperta
1204 2668 1254 2708 sit
1277 2667 1314 2707 in
1339 2668 1516 2708 omnibus
1539 2669 1641 2709 veri-

107 2739 181 2784 tas,
215 2748 340 2789 neque
362 2735 565 2790 quidquam
591 2736 641 2776 sit
667 2736 706 2776 iu
729 2735 919 2790 scriptura
943 2736 1178 2777 contrarium
1203 2750 1248 2775 ac
1272 2749 1508 2790 repugnans.
1561 2735 1641 2778 Ve-

106 2815 189 2841 rum
221 2803 422 2844 enimvero
456 2804 544 2844 dum
576 2804 671 2844 haec
703 2817 724 2844 e
753 2804 956 2859 scripturis
987 2805 1211 2858 deprompta
1244 2803 1358 2845 latius
1389 2804 1638 2860 exponimus,

107 2868 257 2923 longius
282 2877 341 2911 est
367 2885 387 2912 a
417 2871 528 2913 nobis
560 2885 689 2913 sermo
717 2872 904 2927 prolatus.
969 2870 1209 2926 Quamquam
1246 2871 1359 2913 velim
1394 2872 1570 2928 equidem
1600 2874 1640 2914 in

153 3012 184 3048 4.
209 3017 349 3051 Fortasse
372 3016 619 3063 εὐαγγελιστοῦ.
868 3021 898 3053 5.
924 3022 1064 3052 Fortasse
1083 3019 1189 3052 ταῦτα
1210 3017 1297 3054 κατὰ
1320 3018 1380 3064 τήν
1402 3019 1534 3065 γραφὴν
1558 3021 1638 3062 διεξ.

1274 3078 1367 3120 30*
