2066 3319
472 185 650 219 PANARH
676 184 819 215 Ltss.11.
844 184 950 215 Toni.
970 185 994 215 1.
1020 185 1263 216 HAER.LX1.
1559 176 1639 217 203

108 268 249 309 habere
280 267 447 316 vellent,
487 265 585 319 quod
619 262 920 316 uniuscuiusque
957 277 1175 304 mensuram
1213 264 1465 319 ordinemque
1498 278 1643 318 cogno-

107 342 278 377 scerent.
344 333 417 375 Dei
445 334 582 388 quippe
614 332 726 372 navis
751 339 949 371 vectorum
985 346 1107 385 genus
1139 347 1252 372 omne
1284 333 1541 387 praedonibus
1573 346 1644 373 cx-

107 404 229 459 ceptis
262 403 440 443 admittit.
504 400 629 454 Quem
663 399 764 440 enim
793 401 1027 454 praedonem
1055 415 1099 440 ac
1126 400 1285 454 piratam
1315 402 1542 453 agnoverit,
1578 414 1645 440 ne-

108 485 296 526 quaquam
320 470 478 525 recipit,
513 482 638 523 neque
667 467 893 522 fugitivum,
927 477 991 507 aut
1016 482 1101 508 eum
1126 468 1188 522 qui
1219 469 1459 508 dominorum
1486 483 1644 509 snorum

106 541 333 580 servitutem
361 538 596 578 excusserit.
659 536 719 576 Ad
753 536 915 576 eundem
946 537 1097 576 niodum
1127 536 1293 576 ecclesia
1320 536 1378 575 dei
1413 551 1535 590 neque
1569 538 1644 576 for-

107 607 341 648 nicationem
366 606 553 656 admittit,
588 619 659 645 nec
684 605 936 653 adulterium,
971 618 1095 658 neque
1123 604 1240 643 divini
1266 604 1432 644 numinis
1461 606 1645 645 eiuratio-

107 689 218 726 nem,
254 689 325 716 nec
351 689 419 715 eos
444 675 505 728 qui
532 674 590 713 dei
619 680 731 727 atque
762 674 846 712 eius
870 672 1134 726 apostolorum
1161 671 1383 712 sanctiones
1417 687 1458 712 ac
1489 674 1645 713 decreta

108 744 349 785 rescindunt.
412 741 598 783 Ceterum
624 756 676 781 ex
697 739 920 780 vectoribus
946 739 1018 779 illis
1043 739 1157 779 alium
1185 740 1229 779 ad
1254 754 1432 792 magnam
1457 742 1643 794 quandam

106 811 410 867 negotiationem
438 810 652 851 obeundam
676 807 850 858 adhibet,
884 807 1000 847 alium
1028 808 1071 847 ad
1099 808 1276 848 nauticos
1302 822 1417 858 usus,
1453 809 1646 862 guberna-

107 888 229 921 torem
263 880 376 920 alium
412 878 637 928 coristituit,
670 884 784 930 atque
811 876 925 915 alium
962 890 1124 930 prorae,
1160 876 1275 915 alium
1307 877 1420 930 puppi
1456 877 1643 931 praeficit,

106 949 167 1004 qui
200 947 423 1004 speculandi
457 947 661 1002 praecipua
694 945 856 999 quadam
886 945 935 984 sit
961 944 1205 998 experientia
1240 944 1451 999 praeditus.
1514 945 1644 985 Alium

105 1017 213 1058 velut
237 1017 356 1056 faecis
380 1016 643 1069 merciumque
670 1014 755 1054 loco
781 1013 917 1062 habet,
953 1013 1067 1053 alium
1093 1012 1257 1066 denique
1282 1013 1556 1053 transvehendi
1583 1028 1647 1052 so-

105 1086 181 1126 lum
202 1085 326 1139 gratia
352 1083 509 1138 recipit,
544 1096 591 1123 ne
617 1082 654 1122 in
682 1081 775 1121 mari
804 1081 1066 1135 demergatur.
1129 1079 1215 1121 Nec
1244 1081 1317 1120 ulla
1343 1081 1498 1121 omnino
1527 1095 1646 1121 exce-

105 1154 236 1209 ptione
263 1152 406 1203 utitur,
440 1158 481 1192 ut
505 1151 539 1192 ei
566 1150 628 1205 qui
657 1157 803 1190 tantum
830 1164 907 1190 non
940 1149 1136 1204 possideat
1169 1150 1304 1190 salutis
1329 1150 1430 1190 viam
1463 1150 1647 1190 interelu-

107 1223 186 1273 dat,
220 1221 310 1276 quin
336 1220 414 1260 imo
438 1220 488 1260 ita
512 1219 706 1260 universis
729 1218 838 1258 novit
860 1217 1071 1258 cont-,illare
1095 1218 1275 1268 salutem,
1311 1227 1350 1259 ut
1373 1219 1498 1259 habita
1520 1218 1648 1259 cuius-

106 1304 180 1345 que
204 1289 413 1330 functionis
436 1303 481 1338 ac
502 1288 639 1329 salutis
663 1287 814 1328 ratione
840 1293 1064 1326 conservet.
1105 1286 1264 1341 Alioqui
1287 1301 1355 1327 cur
1375 1287 1437 1341 qui
1460 1302 1479 1327 e
1505 1287 1647 1327 familia

107 1346 295 1400 Caesaris
326 1364 439 1397 erant
463 1357 626 1397 salutem
653 1356 750 1410 apud
777 1355 992 1409 apostolum
1019 1355 1175 1395 dieunt?
1233 1355 1314 1395 Aut
1339 1356 1439 1396 unde
1464 1355 1647 1410 apostoli·
1667 1363 1795 1426 [willipa-

106 1441 191 1468 cum
228 1426 317 1466 illud
353 1426 519 1475 dictum,
553 1427 601 1463 Si
621 1428 703 1476 qne's
730 1432 843 1476 putat
869 1432 1009 1476 turpem
1036 1439 1076 1462 se
1102 1426 1223 1462 videri
1242 1439 1354 1476 snper
1385 1427 1530 1476 virgine
1559 1419 1848 1476 Still‚1.c’0r.'7‚36.

104 1504 143 1535 et
164 1499 217 1534 ita.
237 1496 365 1547 faeere
387 1495 515 1541 debet,
549 1494 687 1540 nubat,
721 1507 793 1532 nnn
812 1500 959 1544 peccas.
1025 1490 1110 1532 Huc
1142 1492 1265 1546 ipsum
1294 1506 1414 1543 vero,
1448 1507 1525 1533 non
1559 1506 1646 1547 pee-

104 1577 194 1604 care
218 1563 312 1603 citra
337 1560 566 1616 baptismum
596 1561 763 1600 obtineri
793 1574 868 1600 non
892 1566 1034 1614 potest.
1098 1563 1229 1599 Omnes
1259 1564 1352 1599 em'm
1378 1569 1641 1613 peceaverunt,
1662 1580 1749 1608 Rom.
1766 1582 1791 1615 3³
1807 1581 1848 1608 23.

104 1640 141 1672 et
162 1639 274 1684 egent
294 1633 423 1682 gloria
447 1632 528 1677 dei,
564 1630 765 1680 iustificati
782 1632 908 1680 gratis
933 1643 1004 1680 per
1034 1631 1223 1679 gratiana,
1260 1629 1331 1669 hoc
1364 1637 1424 1669 est
1451 1630 1644 1670 secundae

106 1700 268 1754 quadam
304 1698 448 1738 lotione
479 1697 761 1751 generationis.
826 1694 935 1750 Quae
962 1696 1113 1750 quidem
1139 1697 1232 1736 lotio
1267 1711 1379 1738 omne
1412 1712 1479 1752 per
1512 1698 1646 1752 poeni-

106 1767 266 1808 tentiam
300 1773 500 1821 peccatum
534 1766 668 1806 eluens
694 1765 861 1806 animum
894 1778 937 1805 ac
963 1779 1104 1820 corpus
1134 1773 1315 1806 exornat.
1380 1765 1644 1820 Quamobrem

104 1843 181 1876 tam
208 1835 253 1875 ad
281 1834 471 1888 virginem
499 1833 678 1889 baptismi
710 1833 835 1888 gratia
863 1833 1030 1887 pertinet
1061 1848 1171 1887 quam
1204 1834 1249 1874 ad
1287 1848 1369 1874 eam
1403 1849 1500 1889 quae
1533 1835 1642 1889 virgo

105 1918 182 1944 non
207 1910 288 1954 cst,
322 1917 420 1957 quae
443 1902 677 1943 relevandae
700 1900 758 1942 sui
785 1900 910 1955 gratia
935 1915 980 1941 eo
1004 1915 1046 1942 se
1079 1902 1276 1956 obsignari
1306 1910 1550 1944 sacramento
1578 1904 1642 1944 de-

102 1972 262 2013 siderat.

223 2041 367 2080 Verum
404 2053 452 2079 ne
486 2039 593 2079 diluti
623 2038 779 2079 nimium
807 2046 844 2078 et
876 2038 1036 2094 insipidi
1055 2039 1232 2080 homines
1265 2041 1516 2091 existiment,
1558 2056 1642 2081 eum
1672 2051 1748 2094 Cap.
1776 2052 1813 2082 v.

103 2108 318 2164 apostolum
353 2107 514 2148 dicimus
539 2107 693 2162 nuptias
716 2106 856 2161 virgini
880 2108 1205 2163 praescripsisse,
1246 2110 1381 2149 eodem
1415 2110 1572 2151 decreto
1605 2119 1644 2151 et

102 2178 206 2219 illam
236 2177 396 2232 insuper
419 2177 465 2217 de
498 2175 691 2217 curriculo
726 2189 796 2216 suo
829 2175 996 2216 deiicere
1028 2176 1221 2228 voluisse,
1256 2191 1353 2231 quae
1380 2178 1641 2231 virginitatem

103 2247 176 2286 deo
201 2245 321 2286 semel
344 2258 578 2285 consecrare
606 2243 801 2284 statuerit.
862 2242 1004 2299 Neque
1029 2245 1129 2284 enim
1155 2246 1200 2285 ad
1228 2260 1295 2286 eas
1321 2247 1557 2301 apostolicus
1579 2248 1641 2288 ille

103 2328 233 2355 sermo
254 2314 485 2354 referendus
509 2321 584 2364 est,
618 2314 685 2353 sed
713 2313 758 2353 ad
781 2313 941 2353 efl'oetas
964 2313 1154 2367 virgines,
1187 2329 1285 2368 qnae
1310 2329 1384 2355 non
1409 2329 1542 2356 amore
1565 2316 1643 2355 vir-

104 2382 293 2437 ginitatis,
327 2383 394 2423 sed
423 2382 647 2422 maritorum
675 2380 801 2436 inopia
824 2381 861 2421 in
886 2381 951 2422 illo
973 2388 1053 2422 suo‘
1069 2382 1204 2436 vigore
1228 2383 1482 2438 perstiterint.
1546 2383 1641 2425 Ete-

104 2451 181 2491 nim
207 2451 371 2505 apostoli
397 2464 418 2491 e
442 2448 596 2490 Iudaeis
621 2448 796 2500 oriundi,
831 2463 1042 2504 eorumque
1063 2450 1212 2505 legibus
1239 2451 1418 2501 instituti,
1453 2452 1503 2492 ita
1527 2450 1641 2493 Chri-

107 2518 254 2560 stianae
277 2518 478 2573 religionis
511 2518 836 2573 praedicationem
864 2519 1039 2572 aggressi
1064 2527 1174 2569 snnt,
1209 2527 1249 2559 ut
1274 2520 1418 2560 veteris
1440 2521 1563 2562 adhuc
1588 2522 1641 2562 le-

104 2587 163 2642 gis
185 2588 451 2628 sanctionibus
474 2594 607 2627 essent
631 2586 829 2637 obstricti,
865 2588 977 2642 idque
1004 2588 1128 2643 ipsum
1155 2602 1229 2627 non
1254 2589 1300 2627 ad
1329 2588 1639 2631 iustificationcm

105 2656 256 2705 carnis,
292 2656 357 2696 sed
386 2656 432 2695 ad
463 2656 691 2696 concinnam
719 2662 832 2709 atque
866 2664 990 2711 aptam
1016 2657 1112 2710 legis
1141 2657 1453 2697 observationem
1481 2673 1640 2699 accura-

105 2731 259 2778 tamque
294 2723 404 2764 officii
440 2724 654 2774 rationem,
693 2724 905 2764 faciendum
939 2725 1010 2765 sibi
1046 2739 1132 2764 esse
1168 2725 1377 2765 duxerunt.
1441 2724 1638 2780 Siquidem

105 2792 242 2832 mirum
269 2791 305 2831 in
333 2792 484 2832 modum
511 2792 581 2832 hoc
606 2791 762 2847 antiqua
794 2793 878 2847 lege
910 2794 1142 2843 cavebatur,
1177 2806 1223 2832 ne
1250 2791 1510 2834 israelitarum
1542 2796 1639 2836 filiae

107 2859 255 2900 exteris
281 2860 501 2901 nationibus
527 2861 798 2911 elocarentur,
833 2868 873 2902 ut
900 2876 947 2902 ne
979 2862 1080 2916 ipsas
1107 2863 1152 2900 ad
1178 2861 1471 2902 simulacrorum
1497 2864 1638 2904 cultum

108 2929 391 2982 pertraherent.
456 2928 590 2984 ltaque
624 2930 788 2971 fidelium
825 2931 961 2984 cuique
996 2943 1064 2984 per
1088 2930 1175 2969 illud
1211 2937 1358 2985 tempus
1391 2940 1637 2988 praeceptum
