2066 3319
514 181 693 214 PANAau
716 181 798 213 [ΑΒ.
820 181 860 214 11.
885 181 992 214 ΤοΜ.
1012 182 1035 214 1.
1059 182 1190 214 11111111.
1211 182 1332 214 LX1v.
1612 171 1691 213 235

162 262 224 316 qui
248 261 500 303 monasticum
524 261 628 301 vitae
651 274 774 314 genus
798 261 926 316 specie
949 261 1031 316 ipsa
1065 262 1315 317 profitentur,
1349 261 1486 317 quippe
1513 274 1556 301 se
1586 267 1626 301 et
1654 261 1692 300 iu

162 331 389 371 solitudines
414 329 657 378 abdiderunt,
691 337 729 368 et
752 336 1014 384 paupertatem
1043 332 1285 384 profitentur,
1320 331 1502 384 pestilera
1524 330 1588 370 illa
1613 328 1695 383 qui-

162 399 270 448 dem,
304 411 348 438 ac
372 405 526 437 veteres
549 410 683 437 omnes
708 396 953 452 improbitate
977 411 1188 452 superaus,
1223 412 1382 452 quarum
1410 412 1566 438 errores
1592 412 1695 438 com-

162 466 357 522 plectitur.
419 463 522 505 Nam
548 465 639 505 licet
662 465 805 505 nullum
829 466 1086 506 sectatoribus
1112 467 1193 507 suis
1220 479 1328 506 usum
1351 466 1597 520 turpitudinis
1627 466 1696 506 im-

161 541 301 590 ponat,
335 534 538 574 absurdam
566 540 692 573 tamen
720 533 951 588 impiamque
983 535 1027 574 de
1056 535 1126 575 deo
1155 533 1387 574 senteutiam
1417 547 1485 588 per
1511 548 1695 574 summam

164 602 436 657 turpitudinem
464 601 615 641 inserit.
678 601 743 642 Ex
779 602 849 642 boc
882 603 981 642 enim
1019 604 1124 643 fonte
1157 602 1302 642 erroris
1330 602 1387 642 sui
1417 615 1547 642 ausam
1576 602 1696 642 Arius

163 671 334 726 accepit,
377 684 421 710 ac
456 670 591 724 reliqui
626 670 808 725 deinceps
842 684 1001 721 omnes,
1041 671 1146 711 velut
1176 670 1393 719 Anomoei,
1435 677 1473 709 et
1507 671 1541 710 id
1575 684 1697 723 genus

161 739 240 780 alii.
291 737 489 793 Principio
515 752 562 778 eo
584 739 813 779 temeritatis
836 753 1068 794 progressus
1093 745 1174 789 est,
1209 745 1250 779 ut
1275 745 1427 778 asserat
1457 738 1697 791 unigenitum

162 807 278 848 filium
306 813 451 862 patrem
475 806 608 847 videre
631 821 707 847 nou
734 821 871 861 posse,
907 821 1031 862 neque
1055 807 1231 862 spiritum
1255 806 1396 856 lilium,
1432 819 1556 860 neque
1581 819 1698 859 auge-

161 876 220 916 los
243 875 435 930 spiritum,
471 888 593 930 neque
618 875 793 916 homines
818 875 993 929 angelos.
1042 876 1170 929 Atque
1195 875 1254 915 1110
1276 875 1421 930 primus
1446 874 1547 914 illius
1570 874 1699 927 lapsus

162 944 250 984 fuit.
314 941 371 983 lta
396 942 500 983 euim
526 957 575 983 ex
605 945 725 998 patris
751 943 968 984 substantia
997 944 1114 984 filium
1140 957 1228 984 esse
1256 951 1411 992 censet,
1445 950 1487 983 ut
1509 942 1700 982 nihilomi-

162 1026 234 1052 nus
257 1019 412 1053 creatus
437 1011 567 1052 fuerit.
632 1011 757 1066 Quem
785 1013 935 1067 quidem
964 1012 1045 1053 sola
1070 1012 1106 1052 id
1131 1012 1254 1066 gratia
1280 1019 1529 1052 consecutum
1563 1010 1701 1051 existi-

162 1088 262 1132 mat,
296 1087 337 1121 ut
360 1081 457 1121 filius
482 1081 690 1121 diceretur.
756 1079 835 1122 Sed
868 1082 953 1121 aliis
986 1082 1100 1135 longe
1128 1081 1374 1134 gravioribus
1401 1079 1600 1120 erroribus
1631 1078 1699 1119 im-

163 1149 326 1204 plicatus
351 1155 424 1188 est.
485 1148 588 1190 Nam
615 1150 780 1190 animam
807 1150 971 1190 bominis
1002 1156 1091 1190 ante
1123 1163 1264 1204 corpus
1296 1149 1472 1189 extitisse
1500 1155 1629 1203 putat,
1664 1155 1703 1187 et

162 1218 316 1259 easdem
343 1217 504 1272 angelos
525 1232 613 1258 esse
637 1219 880 1272 virtutesque
903 1218 1149 1273 superiores,
1184 1232 1281 1272 quae
1302 1218 1400 1272 quod
1428 1223 1587 1272 peccata
1610 1230 1702 1256 con-

163 1285 378 1336 traxerint,
412 1286 586 1341 supplicii
613 1301 750 1327 caussa
777 1287 815 1326 in
850 1287 921 1327 boc
956 1301 1096 1342 corpus
1121 1287 1293 1327 inclusae
1318 1293 1429 1337 sunt,
1465 1286 1701 1340 proindeque

163 1355 208 1396 ad
231 1369 376 1410 poenas
400 1355 620 1395 subeundas
645 1369 664 1394 a
692 1356 764 1395 deo
789 1355 978 1409 relegari,
1012 1363 1054 1396 ut
1079 1356 1139 1396 bie
1167 1355 1295 1395 iudicii
1322 1355 1461 1410 prioris
1491 1354 1703 1394 damnatio-

165 1437 251 1464 nem
277 1423 511 1463 sustineant.
575 1422 699 1477 Quam
727 1424 774 1463 ob
800 1439 1003 1474 caussam,
1039 1426 1116 1474 ait,
1151 1431 1187 1464 et
1215 1437 1355 1478 corpus
1381 1428 1543 1461 ΔΕΜΑΣ
1575 1422 1703 1477 appel-

164 1491 259 1542 lari,
293 1492 391 1545 quod
431 1492 583 1546 corpori
621 1492 766 1546 illigata
808 1493 857 1532 sit
892 1493 1032 1533 anima.
1099 1491 1141 1532 ln
1178 1507 1252 1546 quo
1290 1499 1425 1532 vetera
1460 1490 1701 1532 Graecorum

167 1559 317 1601 somnia
341 1574 385 1599 ac
413 1573 533 1612 nugas
559 1561 718 1600 retexit.
782 1558 885 1613 Quin
912 1561 1115 1600 nonnullas
1139 1561 1182 1600 ad
1208 1561 1368 1600 eandem
1392 1559 1624 1599 sententiam
1652 1562 1704 1599 fa-

166 1628 276 1669 bulas
311 1628 591 1668 accommodat.
653 1628 755 1669 Nam
792 1629 957 1670 animam
986 1629 1032 1669 ob
1064 1629 1124 1678 id,
1158 1629 1303 1682 iuquit,
1336 1633 1513 1667 ΨΥΧΗΧ
1545 1628 1704 1667 dicimus

168 1697 267 1751 quod
292 1697 458 1737 coelitus
482 1697 605 1737 afflata
631 1697 695 1737 sit.
758 1697 819 1737 Ad
847 1697 941 1737 baec
968 1704 1096 1737 certas
1121 1698 1166 1737 ad
1193 1697 1384 1752 opinionis
1414 1697 1532 1737 falsae
1562 1696 1707 1751 praesi-

168 1766 268 1805 dium
306 1766 557 1805 auctoritates
596 1765 731 1815 affert,
778 1779 873 1819 quas
910 1765 1113 1820 scripturis
1149 1767 1273 1805 sacris
1312 1779 1511 1820 perperam
1544 1764 1704 1818 affingit,

168 1847 266 1888 quae
298 1847 369 1873 nec
395 1834 445 1873 ita
478 1847 567 1873 sese
598 1833 762 1884 babent,
796 1848 841 1874 ac
865 1834 978 1888 longe
1002 1834 1114 1874 aliter
1139 1841 1227 1874 suut
1251 1835 1393 1874 editae.
1457 1832 1570 1888 Quod
1604 1833 1705 1872 enim

167 1916 187 1941 a
225 1902 411 1957 propheta
445 1902 586 1942 dictum
625 1908 705 1952 051,
748 1905 968 1955 Priusquam
999 1905 1233 1950 humiliarer,
1278 1918 1347 1954 ego
1382 1905 1540 1955 deliqui,
1585 1900 1707 1941 verba
1722 1913 1770 1941 Ps.
1792 1913 1908 1947 118‚67.

168 1984 258 2011 esse
283 1971 433 2011 animae
463 1970 583 2025 ipsius
609 1972 793 2020 affirmat,
829 1985 912 2011 cum
940 1972 978 2011 in
1003 1972 1112 2011 coelo
1134 1979 1248 2011 antea
1275 1971 1499 2025 deliquisset
1523 1985 1634 2024 quam
1660 1970 1705 2010 ad

168 2039 241 2080 hoc
273 2053 413 2094 corpus
446 2039 695 2079 abiicerctur.
759 2037 872 2092 Quod
906 2054 1001 2080 vero
1032 2040 1119 2080 alibi
1147 2040 1330 2094 seriptum
1363 2047 1444 2090 est,
1486 2042 1708 2079 Convertere
1725 2052 1773 2079 Ps.
1793 2051 1850 2085 115,
1868 2052 1893 2078 ’1.

167 2111 292 2147 αηίηια
315 2123 394 2147 mea
416 2111 454 2148 in
474 2111 637 2160 requiem
662 2116 783 2155 tuam,
820 2122 865 2147 eo
891 2109 1135 2148 referendum
1160 2116 1289 2163 putat,
1324 2108 1423 2162 quod
1455 2108 1516 2162 qui
1547 2116 1705 2148 strenue

169 2183 284 2230 atque
309 2176 466 2231 egregie
493 2191 536 2216 se
560 2176 597 2216 iu
624 2176 695 2216 boc
719 2177 860 2216 mundo
884 2177 1073 2231 gesserit,
1109 2177 1155 2217 ob
1187 2177 1385 2232 praeclara
1419 2191 1487 2217 sua
1521 2178 1618 2216 facta
1651 2176 1708 2216 vi-

169 2253 324 2300 tamque
349 2259 399 2285 ex
425 2245 570 2285 iustitia
595 2252 845 2300 temperatam
873 2247 917 2286 ad
951 2260 1171 2301 supremam
1200 2246 1304 2286 illam
1329 2245 1613 2298 coelestemque
1645 2258 1706 2284 re-

170 2314 296 2368 quiem
319 2327 407 2354 5050
434 2321 654 2354 convertat..
717 2312 917 2354 Sexcenta
942 2315 988 2354 ad
1013 2329 1097 2354 eum
1124 2315 1275 2355 modum
1301 2313 1595 2354 commemorari
1620 2328 1707 2368 pos-

170 2390 275 2424 sunt.
337 2381 434 2422 lllud
460 2397 576 2438 porro
603 2382 779 2432 divinae,
811 2383 909 2437 quod
935 2383 1122 2433 babebat,
1156 2383 1338 2437 imaginis
1371 2383 1488 2422 decus
1515 2382 1707 2422 Adamum

170 2452 385 2508 perdidisse
411 2459 558 2491 narrat.
622 2450 722 2491 Hinc
745 2458 821 2502 est,
855 2451 992 2505 inquit,
1027 2453 1126 2506 quod
1156 2452 1400 2507 pellicearum
1428 2451 1642 2491 tunicarum
1669 2451 1706 2491 in

171 2519 364 2575 scriptura
396 2521 435 2560 tit
469 2519 638 2560 mentio:
685 2523 791 2560 Fecit
827 2522 903 2559 z’lle's
941 2524 1086 2559 tunicas
1116 2523 1315 2573 pelliceas,
1361 2527 1398 2558 et
1431 2522 1552 2558 induit
1589 2523 1700 2572 ipsos.
1727 2533 1802 2562 Gen.
1823 2533 1849 2567 3,
1868 2533 1910 2563 21.

172 2588 286 2643 Quod
310 2590 355 2629 de
381 2602 543 2642 corpore
567 2588 721 2643 accipit.
785 2586 954 2629 Omnino
980 2589 1127 2629 1011111111
1151 2590 1224 2629 alia
1252 2596 1341 2629 sunt
1363 2588 1408 2628 ab
1434 2602 1480 2628 eo
1505 2589 1708 2630 decantata

173 2659 351 2712 dogmata
377 2658 454 2697 risu
479 2672 523 2697 ac
547 2657 711 2697 ludibrio
734 2657 862 2712 digua.
925 2657 1027 2697 Nam
1053 2665 1090 2697 et
1112 2665 1349 2697 mortuorum
1379 2657 1705 2698 resurrectionem

173 2741 348 2767 mancam
377 2740 421 2766 ae
445 2727 633 2766 desectam
659 2726 817 2766 asserit.
881 2725 1006 2780 Quam
1036 2727 1188 2780 quidem
1215 2725 1350 2780 partim
1374 2724 1503 2765 verbis
1528 2726 1704 2777 affirmat,

174 2795 310 2850 partim
340 2795 508 2835 funditus
539 2795 650 2835 tollit.
713 2794 824 2835 Alias
850 2809 944 2835 vero
972 2802 1117 2849 partem
1142 2795 1329 2834 duntaxat
1350 2793 1514 2834 bominis
1541 2795 1705 2836 excitari

175 2870 294 2916 putat.
362 2862 527 2904 Demum
563 2877 827 2918 quaecumque
863 2871 988 2918 potest
1024 2864 1069 2902 ad
1107 2862 1312 2915 allegorias
1350 2864 1557 2914 transfert3
1603 2865 1708 2904 velut

174 2929 426 2984 Paradisum,
461 2941 499 2974 et
523 2947 643 2987 aquas
676 2947 773 2987 quae
807 2933 844 2973 in
874 2947 919 2973 eo
949 2939 1058 2981 sunt,
1094 2944 1267 2985 quaeque
1298 2936 1335 2970 et
1366 2945 1481 2986 supra
1514 2932 1706 2974 coelestes
