2066 3319
171 1287 258 1331 Κεφ.
277 1285 331 1332 ιβ’.

182 1638 250 1667 pag.
267 1630 325 1659 535.

345 185 425 223 246
910 187 1069 220 SANch
1094 188 1317 220 EP1PHAN11

346 266 455 317 πών,
486 267 552 307 καὶ
577 263 807 317 σοφιστικήν
834 281 919 305 τινα
951 261 1144 306 ὖπόνοιαν
1178 262 1499 320 ὖφηγησάμενος,
1538 264 1587 307 οὔ
1610 283 1643 307 τι
1673 263 1866 315 πιστικὸν,

346 332 438 375 άλλά
461 331 746 386 συλλογιστικὸν
766 336 846 372 πᾶν
867 329 1001 373 ὁτιοῦν
1023 334 1076 381 εἷς
1099 331 1370 387 καταστροφήν
1392 338 1468 374 τῶν
1488 331 1592 391 αὐτῷ
1614 334 1866 382 πεισθέντων,

347 403 389 442 ἐκ
412 405 490 442 τῶν
522 399 620 441 κατά
646 399 766 452 φύσιν
796 397 891 451 ἡμῖν
919 401 1212 452 συμβαινόντων
1239 399 1456 454 ἀνατρέψαι
1487 400 1678 456 ἐπειράθη
1703 405 1773 452 τῆς
1801 397 1868 440 αὕ-

347 473 417 521 τῆς
450 466 694 515 ἀναστάσεως
726 464 839 519 ἡμῶν
871 467 911 508 ἐν
941 465 1105 524 ἀληθεία
1138 469 1290 515 ἐλπίδος
1323 466 1393 520 τήν
1427 465 1645 523 ὁμολογίαν.
1700 466 1797 522 Ἐγώ
1828 467 1869 508 δὲ

347 540 425 577 τῶν
455 539 582 584 καλῶς
611 534 686 588 ἤδη
716 533 967 587 κεκμηκότων
991 535 1058 576 καὶ
1082 534 1305 576 δικαιότατα
1329 533 1630 590 άνατρεψάντων
1650 533 1720 587 τὴν
1740 539 1870 575 πᾶσαν

348 601 471 644 αὐτοῦ
491 603 792 656 ἐπινενοημένην
812 600 1023 656 ῥητορικὴν
1044 605 1294 658 κακουργίαν,
1325 601 1378 655 μή
1399 604 1438 644 ἐν
1455 602 1575 660 τόλμῃ
1595 604 1757 644 καλλίων
1778 603 1871 654 βου-

349 670 509 724 λόμενος
540 668 657 720 εἶναι,
696 668 761 711 οἷα
792 668 841 722 δὴ
869 668 1015 723 βραχύς
1045 668 1253 725 ὑπάρχων,
1291 668 1532 725 άρκεσθῆναι
1562 668 1718 722 ἐνόμισα
1746 672 1871 717 καλῶς

349 740 446 792 ἔχειν
473 744 555 786 τοῖς
583 736 661 779 find
685 742 756 779 τοῦ
778 740 996 791 μακαρίτου
1018 740 1230 779 Μεθοδίου
1263 739 1315 786 εἰς
1339 736 1406 779 τὸν
1427 739 1515 792 περὶ
1538 735 1782 784 ἀναστάσεως
1809 734 1871 777 λό-

350 823 420 862 γον
449 805 547 847 κατά
572 810 643 847 τοῦ
671 803 793 846 αὐτοῦ
815 803 1041 860 Ὠριγένους
1063 806 1297 861 εἰρημένοις,
1329 805 1440 846 ἅτινα
1463 806 1634 846 ἐνταῦθα
1655 801 1754 845 κατὰ
1773 804 1873 853 λέξιν

351 873 647 929 παραθήσομαι.
722 874 800 914 Καὶ
837 875 915 915 ἔστι
951 871 998 914 τά
1038 870 1116 914 find
1155 875 1368 915 Μεθοδίου
1405 872 1529 921 οὕτως
1567 870 1619 921 ὥς
1652 872 1718 913 καὶ
1756 868 1874 920 αὐτὸς

350 943 474 993 ἔταξα.

523 1202 626 1238 ΤΩΝ
651 1202 932 1237 ΩΡΙΓΕΝΟΥΣ
957 1202 1184 1237 EHITOMH
1208 1203 1275 1236 EK
1299 1201 1400 1236 ΤΩΝ
1424 1200 1667 1235 ΜΕΘΟΔΙΟΥ
1680 1203 1707 1234 ¹⁸¹.

462 1280 668 1322 Ἐντεῦθεν
703 1281 743 1322 οἱ
774 1278 1030 1334 άπλούστεροι
1063 1284 1140 1320 τῶν
1175 1278 1487 1321 πεπιστευκότων
1520 1277 1740 1334 ὁρμώμενοι
1768 1280 1876 1331 νομί-

351 1353 459 1400 ζουσι
480 1347 571 1398 τούς
593 1346 744 1400 άσεβεῖς
764 1352 832 1400 τῆς
853 1345 1098 1395 α’ναστάσεως
1117 1345 1170 1399 μὴ
1192 1346 1407 1397 τεύξεσθαι,
1438 1349 1474 1388 τί
1494 1352 1675 1395 νοοῦντες
1695 1345 1764 1400 τὴν
1783 1344 1876 1388 άνά-

353 1431 486 1459 στασιν
509 1417 577 1457 καὶ
608 1413 789 1467 ποταπὴν
818 1413 889 1468 τὴν
917 1417 1043 1469 κρίσιν
1070 1413 1352 1466 φανταζόμενοι
1381 1411 1429 1455 οὗ
1458 1413 1563 1455 πάνυ
1595 1416 1876 1467 σαφηνίζοντες.

353 1483 442 1525 Κᾶν
471 1481 544 1539 γάρ
578 1486 737 1524 δοκοῦσι
761 1483 850 1536 περὶ
873 1481 1022 1524 τούτων
1044 1479 1358 1534 α’ποφαίνεσθαι,
1389 1480 1416 1534 ἦ
1439 1481 1610 1535 βάσανος
1632 1479 1775 1530 αὐτούς
1804 1484 1877 1522 διε-

351 1553 490 1606 λέγξει,
522 1549 568 1592 τά
591 1552 678 1604 ἑξῆς
703 1549 936 1599 ἀκολούθως
958 1549 1090 1600 σώζειν
1114 1549 1167 1603 μή
1197 1550 1449 1602 δυναμένους.
1504 1547 1597 1590 Ἐάν
1623 1543 1697 1590 οὖν
1723 1554 1879 1590 πυνθα-

353 1619 506 1674 νόμεθα
526 1622 632 1668 τίνος
653 1616 781 1660 αὐτῶν
799 1616 826 1671 ἦ
845 1616 1053 1666 άνάστασις
1075 1620 1239 1673 γίνεται,
1271 1616 1548 1671 ἀποκρίνονται
1570 1616 1628 1658 ὅτι
1651 1621 1729 1658 τῶν
1750 1614 1880 1670 σωμά-

353 1706 430 1730 των
462 1682 516 1730 οἷν
547 1691 621 1729 νῦν
652 1689 916 1741 περικείμεθα.
976 1683 1079 1727 Εἶτα
1111 1683 1532 1740 προςεπερωτησάντων
1554 1683 1687 1738 ἡμῶν,
1717 1683 1882 1740 πότερον

354 1760 430 1798 τῶν
459 1754 593 1804 οὐσίας
624 1753 753 1796 αὐτῶν
779 1753 890 1806 ὅλης,
924 1753 947 1807 ἢ
974 1752 1080 1807 οὐχὶ,
1117 1755 1210 1808 πρὶν
1242 1756 1449 1806 βασανίσαι
1482 1753 1656 1807 λέγουσιν
1688 1751 1748 1794 ὅτι
1776 1751 1879 1805 ὅλης.

352 1822 445 1865 Ἐάν
466 1824 507 1865 δὲ
529 1821 892 1877 προςαπορήσωμεν
920 1820 1296 1877 συμπεριφερόμενοι
1325 1825 1371 1878 τῇ
1405 1819 1648 1875 άκεραιότητι
1669 1818 1819 1871 αὐτῶν,
1850 1821 1885 1861 εἰ

357 1890 681 1944 συναναστήσεται
715 1889 762 1931 τά
799 1888 1095 1945 άπορρεύσαντα
1132 1891 1171 1931 ἐν
1206 1891 1479 1942 φλεβοτομίαις
1509 1890 1671 1941 αἵματα,
1711 1888 1777 1929 καὶ
1810 1888 1887 1928 Ῑαῖ

360 1958 523 2012 σάρκες,
563 1959 629 1999 καὶ
659 1960 734 1999 ἳαὶ
762 1961 883 2012 τρίχες
915 1960 958 1999 αἱ
986 1957 1145 1999 πώποτε
1176 1956 1396 2012 γενόμεναι,
1436 1955 1463 2008 ἢ
1492 1954 1608 2009 μόναι
1639 1958 1682 1997 αἱ
1707 1953 1808 2009 πρὸς
1835 1959 1883 2012 τῇ

359 2026 480 2084 ἐξόδῳ
510 2025 763 2079 θλιβόμεναι,
794 2028 847 2074 εἰς
875 2025 917 2067 τὸ
949 2024 1048 2067 3τὸν
1075 2023 1174 2066 θεὸν
1202 2030 1327 2066 ποιεῖν
1347 2023 1372 2065 δι’
1393 2022 1572 2077 βούλεται
1597 2023 1882 2078 4προςτρέχου-

359 2109 434 2145 σιν,
466 2096 505 2135 οἱ
527 2094 567 2135 δὲ
589 2095 847 2148 γενναιότεροι
871 2091 1011 2144 αὐτῶν,
1042 2096 1106 2135 ἵνα
1129 2092 1182 2146 μὴ
1209 2097 1226 2121 ⁵
1241 2090 1529 2147 ἀναγκάζωνται
1552 2090 1598 2132 τά
1622 2089 1719 2132 αὐτοὶ
1741 2092 1884 2144 αἵματα

358 2167 590 2217 συναγαγεῖν
622 2166 674 2218 τῷ
706 2160 828 2217 λόγῳ,
869 2160 893 2201 ἃ
925 2159 1110 2210 πολλάκις
1143 2159 1410 2215 ἀποκριθῆναι
1446 2164 1522 2201 τῶν
1555 2157 1745 2212 σωμάτων
1773 2157 1885 2211 ’ἡμῶν

359 2232 523 2283 συνέβη,
555 2230 650 2281 φασὶ
672 2227 714 2270 vd
739 2230 801 2270 ε’πὶ
826 2229 919 2269 τέλει
942 2226 1052 2281 ἡμῶν
1076 2227 1362 2282 άναστήσεσθαι
1391 2233 1511 2279 σῶμα.
1574 2225 1885 2281 Προςηπορήσα-

361 2316 429 2353 μεν
452 2299 492 2340 δὲ
512 2296 576 2339 διά
598 2296 639 2339 τό
663 2295 831 2351 τρεπτὴν
847 2294 945 2337 εἶναι
964 2295 1036 2349 τήν
1055 2295 1276 2350 σωματικήν
1294 2295 1414 2348 φύσιν
1432 2296 1498 2336 καὶ
1517 2299 1687 2336 τοιαῦτα.
1734 2293 1883 2349 ι’Ὡςπερ

362 2368 415 2416 εἰς
440 2365 482 2408 τό
511 2363 692 2420 ἡμέτερον
721 2369 832 2417 σῶμα
857 2366 898 2405 αἱ
928 2366 1073 2417 τροφαὶ
1101 2364 1400 2406 κατατάττονται
1424 2363 1489 2404 καὶ
1515 2361 1788 2415 μεταβάλλουσι
1816 2360 1886 2410 τάς

363 2433 613 2488 ὁμοιότητας,
645 2432 770 2481 οὕτως
791 2433 859 2474 καὶ
876 2431 922 2474 τά
945 2430 1110 2487 ἡμέτερα
1132 2431 1291 2485 σώματα
1313 2430 1622 2485 μεταβάλλονται,
1653 2431 1716 2472 καὶ
1741 2431 1781 2472 ἐν
1804 2435 1886 2478 τοῖς

362 2501 622 2557 σαρκοβόροις
651 2503 808 2550 οἰωνοῖς
840 2501 905 2542 καὶ
935 2503 1092 2554 θηρίοις
1120 2503 1314 2555 γίγνονται
1341 2500 1436 2554 με’ρη
1467 2503 1544 2540 τῶν
1571 2499 1728 2540 ἐκείνων
1756 2495 1882 2550 σωμά-

361 2588 451 2621 των,
481 2571 548 2611 καὶ
570 2568 686 2611 πάλιν
708 2570 835 2611 ἐκεῖνα
863 2566 940 2610 ὖπὸ
966 2566 1190 2622 άνθρώπων
1214 2567 1241 2620 ἢ
1262 2568 1400 2622 ἑτέρων
1423 2565 1530 2617 ζώων
1551 2566 1760 2618 ἐσθιόμενα
1783 2562 1884 2606 άντι-

364 2638 588 2692 μεταβάλλει
608 2639 673 2679 καὶ
694 2640 837 2693 γίνεται
862 2634 1087 2691 άνθρτόπων
1109 2634 1134 2688 ἢ
1157 2636 1295 2691 ἑτέρων
1320 2634 1430 2685 ζώων
1452 2633 1628 2687 σώματα·
1657 2634 1724 2675 καὶ
1744 2631 1884 2674 τούτου

407 2765 424 2783 *
449 2766 481 2796 S.
503 2766 646 2796 Methodii
665 2765 708 2796 De
728 2765 954 2795 Resurrectione
974 2771 1103 2802 opuscu-
1194 2760 1224 2794 3.
1257 2759 1313 2795 τὸν
1345 2758 1420 2794 Ξεόν
1453 2761 1583 2791 correxit
1614 2759 1786 2790 Gazakerus
1821 2758 1885 2790 Ad-

363 2812 477 2841 lumin
507 2811 721 2849 compendium
741 2810 856 2848 redegit
875 2810 1000 2840 Pholius
1029 2808 1103 2838 Cod.
1149 2816 1240 2838 verss.
1275 2808 1361 2838 Misc.
1393 2806 1495 2837 Poslh.
1529 2814 1597 2844 cap.
1622 2802 1675 2836 36.
1710 2813 1784 2842 7³⁰9·
1807 2802 1884 2835 801.

366 2855 519 2887 CCXXX!
527 2856 557 2885 V.
602 2856 788 2894 Fragmenta
809 2855 878 2885 libri
897 2855 1015 2893 colleyit
1030 2853 1103 2884 Gal-
1152 2853 1246 2883 codd.
1262 2853 1361 2882 Venet.
1383 2854 1409 2882 et
1423 2850 1548 2889 Rhedig.
1569 2851 1596 2879 et
1616 2849 1689 2880 editi
1707 2849 1777 2879 libra·
1795 2857 1886 2887 prae-

367 2901 452 2931 land.
474 2900 550 2930 Bibl.
572 2901 656 2931 Patr.
679 2903 750 2930 tom.
770 2900 824 2931 111.
845 2909 877 2938 p.
899 2899 963 2931 775
977 2908 1040 2938 sqq.
1149 2898 1216 2928 bem
1237 2897 1285 2939 τῷ
1311 2894 1400 2938 huj,
1429 2895 1509 2925 unde
1528 2895 1694 2933 Petavius,
1723 2895 1887 2932 respiciens

416 2944 492 2984 Cn.
520 2944 598 2975 XII.
623 2963 664 2968 —
715 2945 741 2976 1.
767 2943 801 2976 αἱ
833 2953 892 2975 om.
917 2944 983 2975 cod.
1006 2945 1105 2975 venet.
1150 2942 1192 2972 ad
1211 2943 1309 2973 locum
1329 2942 1490 2979 gemellum
1519 2948 1587 2978 cap.
1612 2938 1682 2978 10.,
1713 2940 1886 2977 suspicatus

412 2990 443 3022 2.
470 2988 504 3022 αἱ
527 2999 586 3020 om.
610 2990 677 3021 cod.
698 2990 797 3021 Venet.
1150 2990 1192 3018 est
1213 2985 1262 3029 τῷ
1293 2986 1362 3029 Ξεῷ
1393 2987 1494 3017 ποιεῖν
1524 2981 1703 3026 ἐπιτρέπειν
1728 2978 1749 3016 ἃ
1771 2979 1884 3028 βούλε-
