2066 3319
185 1087 273 1129 Κεφ.
324 1113 329 1120 .

294 1085 319 1127 αἳ

194 2477 262 2504 pag.
278 2469 336 2497 625.

177 2674 264 2716 Κεφ.
289 2672 332 2716 η’.

356 187 437 225 410
917 190 1078 224 SANCTI
1102 192 1325 224 EPIPHANII

360 271 435 309 Καὶ
468 273 552 316 πῶς
576 267 642 310 τὸν
663 267 763 309 θεὸν
787 270 857 309 τοῦ
884 273 1031 309 σατανᾶ
1054 270 1119 311 καὶ
1151 274 1228 311 τῶν
1250 275 1383 312 κακῶν
1412 271 1535 313 αὐτοῦ
1563 271 1800 327 πραγμάτων
1829 273 1886 314 λε’-

358 353 437 390 γειν
460 341 625 389 τολμῶσι
646 333 811 390 ποιητὴν
831 337 899 378 καὶ
921 336 1179 392 δημιουργὸν,
1209 336 1427 392 θαυμάζειν
1449 356 1515 392 μοι
1536 340 1745 394 ἐπέρχεται.
1806 341 1886 381 Καὶ

357 406 441 445 εἴθε
463 404 532 457 μὲν
553 401 645 460 ἄχρι
667 403 816 447 τούτων
839 406 1017 456 ἔφθασεν
1041 405 1171 448 αὐτῶν
1193 405 1220 460 ἦ
1245 410 1522 459 ματαιοπονία,
1553 408 1620 449 καὶ
1649 407 1702 460 μὴ
1725 407 1793 449 τὸν
1818 425 1886 461 μο-

356 476 512 527 νογενῆ,
543 472 611 514 τόν
639 474 683 515 ἐκ
706 477 784 515 τῶν
804 473 963 515 κόλπων
984 478 1054 515 τοῦ
1078 473 1224 529 πατρὸς
1249 473 1474 528 καταβάντα
1498 473 1690 530 Χριστὸν,
1723 479 1887 530 Μαρίας

356 539 461 590 τινὸς
487 540 673 596 γυναικός
693 542 822 597 ἔλεγον
844 540 942 583 εἶναι
963 540 1068 593 υἷόν,
1102 546 1121 570 ⁷
1136 544 1173 592 ἐξ
1200 544 1363 596 αἵματος
1381 544 1449 585 καὶ
1473 542 1619 598 σαρκὸς
1642 543 1707 584 καὶ
1733 547 1800 596 τῆς
1822 541 1886 584 ἅλ-

355 614 423 661 λης
453 612 648 658 δυσωδίας
680 614 757 651 τῶν
788 615 983 666 γυναικῶν
1015 614 1257 665 γεγενῆσθαι.
1318 613 1398 653 Καὶ
1421 614 1487 653 ἵνα
1515 610 1567 664 μὴ
1593 609 1640 652 τά
1669 608 1792 652 πολλοὶ
1821 609 1888 652 διὰ

356 679 468 730 τῆςδε
499 683 570 731 τῆς
592 680 794 732 ἐπιστολῆς
823 677 987 734 γράφων
1010 681 1064 727 εἰς
1083 683 1208 732 μῆκος
1226 678 1370 733 χρόνου
1394 678 1568 735 διασύρω
1589 693 1660 720 σου
1680 677 1751 732 τὴν
1772 680 1888 722 ἐπιεί-

357 762 479 796 κειαν,
513 746 587 788 οὐκ
611 749 708 800 ἔχων
729 746 799 796 τας
820 745 990 799 φυσικάς
1011 744 1189 801 φράσεις,
1222 749 1286 788 ἐπὶ
1306 747 1458 797 τούτοις
1480 745 1787 802 α’ρκεσθήσομαι.
1833 746 1886 790 Τὸ

356 812 388 854 δ’
412 812 502 855 ὅλον
524 814 655 873 γνιόσῃ
683 815 876 870 παρόντος
897 833 973 868 μου
993 814 1093 869 πρὸς
1115 816 1175 866 σὲ,
1211 820 1228 844 ⁸
1243 818 1318 871 εἴγε
1337 821 1405 869 τῆς
1427 821 1594 857 σεαυτοῦ
1615 818 1809 870 σωτηρίας
1831 817 1887 857 ἔτι

355 884 483 940 φείδῃ.
549 881 651 925 Οὐδὲ
680 882 751 939 γάρ
784 885 928 938 βρόχον
951 885 1025 926 τινὶ
1047 883 1260 937 ἐπιβάλλω,
1303 882 1355 932 ὥς
1383 886 1423 925 οἷ
1443 888 1519 926 τῶν
1540 889 1692 926 πολλῶν
1720 881 1885 939 άφρονέ-

356 965 481 1005 στεροι
512 957 703 994 ποιοῦσιν.
766 951 864 994 Νόει
894 951 918 993 ἃ
948 953 1063 1007 λέγω,
1094 953 1232 994 τέκνον
1260 950 1472 1005 τιμιώτατε.

474 1087 628 1142 Ταύτην
648 1089 842 1145 ἀναγνούς
863 1088 934 1142 τὴν
956 1087 1159 1142 ἐπιστολὴν
1183 1087 1206 1130 ὅ
1226 1087 1534 1143 ἀξιολογώτατος
1561 1087 1793 1144 Μάρκελλος
1821 1089 1888 1131 καὶ

356 1158 658 1210 θεοσεβέστατος
682 1156 794 1211 άνηρ,
826 1158 890 1199 καὶ
912 1156 1123 1210 διαφανὴς,
1157 1156 1351 1210 ἐθαύμαζε
1373 1158 1438 1198 καὶ
1463 1155 1719 1210 ἐξεπλήττετο.
1779 1161 1888 1210 Συμ-

355 1226 496 1279 βέβηκε
530 1224 603 1280 γάρ
635 1223 835 1281 Ἀρχέλαον
867 1224 935 1267 τόν
967 1229 1037 1277 τῆς
1066 1224 1216 1273 πόλεως
1249 1226 1464 1266 ἐπίσκοπον
1497 1227 1630 1266 οἴκαδε
1664 1223 1745 1278 ἅμα
1781 1223 1889 1283 αὐτῷ

355 1299 525 1336 συνεῖναι
549 1292 631 1335 κατ’
655 1295 806 1346 ἐκείνην
836 1292 906 1346 τὴν
934 1291 1083 1347 ἡμέραν
1112 1294 1153 1334 ἐν
1182 1288 1204 1350 ᾗ
1234 1291 1304 1346 τήν
1329 1291 1532 1345 ἐπιστολὴν
1564 1297 1633 1334 τοῦ
1661 1296 1887 1347 Μανιχαίου

355 1360 449 1414 μετά
475 1367 604 1416 χεῖρας
631 1363 788 1414 εἴληφεν
813 1359 836 1402 ὁ
863 1365 933 1402 τοῦ
963 1366 1064 1401 θεοῦ
1094 1363 1243 1409 δοῦλος.
1300 1358 1343 1401 ‘O
1376 1361 1416 1401 δὲ
1441 1359 1640 1415 Ἀρχέλαος
1670 1360 1788 1415 γνοῦς
1816 1361 1888 1415 τὴν

354 1431 492 1480 αἰτίαν,
524 1431 589 1470 καὶ
608 1428 678 1482 τὴν
700 1427 904 1482 ἐπιστολὴν
925 1427 1132 1482 ἀναγνούς,
1162 1430 1298 1483 ἔβρυχε
1318 1427 1409 1477 τοῦς
1431 1427 1612 1479 ὀδόντας,
1644 1428 1770 1484 ὥςπερ
1790 1430 1888 1471 λέων

354 1496 601 1552 ὠρυόμενος,
635 1499 700 1539 καὶ
726 1502 839 1551 ζῆλον
871 1501 970 1538 θεοῦ
999 1495 1208 1549 ἀναλαβών
1233 1498 1413 1551 ἐπειρᾶτο
1446 1494 1616 1551 ὁρμῆσαι
1644 1501 1787 1549 μᾶλλον
1816 1498 1888 1546 ἕως

354 1566 492 1616 αὐτοῦ,
515 1566 581 1607 καὶ
597 1564 861 1621 χειρώσασθαι
878 1564 947 1606 τόν
964 1569 1143 1606 τοιοῦτον
1164 1562 1216 1614 ὥς
1243 1570 1254 1592 ¹
1270 1564 1462 1618 ἐπήλυτον
1483 1566 1524 1606 ἐκ
1541 1563 1769 1620 βαρβάρων,
1791 1564 1889 1608 ὅθεν

352 1635 420 1676 καὶ
445 1632 621 1689 ὦρμᾶτο,
653 1633 753 1688 πρὸς
775 1631 1000 1686 α’φανισμὸν
1025 1637 1102 1675 τῶν
1126 1635 1224 1674 υἵῶν
1253 1638 1329 1674 τῶν
1351 1631 1579 1688 άνθρώπων
1602 1631 1886 1676 ἐπαναστάντα.

350 1701 392 1743 Ὁ
416 1703 457 1744 δὲ
481 1700 639 1750 συνετός
656 1701 888 1756 Μάρκελλος
904 1700 973 1743 τὸν
993 1702 1062 1755 μὲν
1082 1703 1294 1743 ἐπίσκοπον
1315 1699 1483 1750 ἀξιώσας
1501 1700 1760 1756 κατεπράϋνε,
1789 1700 1887 1758 Τύρυ

351 1774 449 1824 βωνι
473 1771 513 1812 δὲ
537 1769 810 1825 παρεκελεύετο
835 1769 1009 1812 διανύειν
1032 1768 1102 1822 τὴν
1123 1768 1356 1824 ὁδοιπορίαν
1378 1768 1480 1824 πρὸς
1501 1768 1571 1811 τόν
1593 1768 1742 1823 Μάνην
1771 1771 1813 1812 ἐν
1833 1774 1887 1827 τῷ

355 1840 557 1893 Καστέλλῳ
578 1837 828 1893 Ἀραβίωνος,
860 1840 960 1880 ἔνθα
980 1856 1058 1880 που
1081 1839 1266 1892 ἐξεδέχετο
1290 1836 1359 1879 τόν
1381 1836 1573 1893 Τύρβωνα
1595 1839 1689 1890 (ἔστι
1711 1838 1752 1880 δὲ
1772 1843 1886 1880 τοῦτο

353 1906 395 1949 τὸ
417 1906 612 1962 φρούριον
631 1905 703 1948 οἴνα
722 1909 840 1960 μέσον
860 1911 938 1948 τῶν
958 1911 1135 1961 Περσῶν,
1159 1907 1227 1948 καὶ
1248 1905 1444 1959 άναμέσον
1462 1911 1532 1959 τῆς
1548 1909 1887 1960 Μεσοποταμίας),

354 1973 376 2017 ὅ
398 1976 440 2017 δὲ
462 1974 714 2032 παρῃτήσατο
733 1974 804 2028 τὴν
824 1974 922 2029 πρὸς
943 1973 1011 2016 τόν
1027 1980 1252 2027 Μανιχαῖον
1275 1973 1426 2027 ἄφιξιν·
1453 1976 1552 2016 2καὶ
1570 1973 1624 2028 μή
1646 1974 1888 2031 καταναγκά-

354 2058 422 2092 σας
444 2042 512 2085 τὸν
534 2042 725 2098 Τύρβωνα
746 2042 966 2085 άποστέλλει
985 2042 1070 2084 τινά
1091 2042 1337 2098 ταχυδρόμον
1356 2047 1434 2084 τῶν
1453 2044 1576 2094 ἰδίων,
1607 2043 1765 2100 γράψας
1783 2042 1888 2101 αὐτῷ

354 2110 560 2166 ἐπιστολὴν
589 2110 750 2154 τοιάνδε.

601 2249 860 2283 ΕΠΙΣΤΟΛΗ
885 2249 1178 2284 ΜΑΡΚΕΛΛΟΥ
1203 2250 1335 2284 ΠΡΟΣ
1361 2248 1644 2284 ΜΑΝΙΧΔΙΟΝ.

467 2315 702 2372 Μάρκελλος
723 2315 822 2371 άνήρ
843 2318 1032 2369 ἐπίσημος
1048 2319 1258 2374 Μανιχαίῳ
1282 2321 1334 2373 τῷ
1355 2316 1420 2358 διὰ
1441 2321 1510 2369 τῆς
1529 2318 1730 2369 ἐπιστολῆς
1749 2318 1887 2370 δηλου-

355 2388 479 2444 μένῳ,
511 2388 667 2439 χαίρειν.
733 2384 812 2438 Τὴν
837 2385 905 2437 μὲν
935 2383 1014 2426 ὑπό
1041 2389 1112 2426 σοῦ
1143 2390 1361 2439 γραφεῖσαν
1390 2383 1593 2438 ἐπιστολὴν
1616 2383 1887 2438 προςηκάμην,

355 2454 423 2496 τόν
446 2455 486 2496 δὲ
507 2455 699 2509 Τύρβωνα
719 2452 1008 2508 προςεὸεξάμην
1029 2452 1126 2494 κατά
1148 2451 1444 2508 φιλοφροσύνην
1468 2451 1577 2506 ἐμὴν,
1609 2457 1686 2494 τῶν
1707 2452 1749 2494 δὲ
1767 2470 1888 2508 γραμ-

356 2521 487 2576 μάτων
506 2521 575 2564 τὸν
591 2527 688 2564 νοῦν
709 2522 895 2575 οὐδαμῶς
916 2522 1057 2576 ἔγνων·
1090 2522 1125 2561 εἰ
1142 2520 1195 2573 μή
1217 2520 1264 2562 σύ
1285 2519 1600 2576 παραγενόμενος
1620 2520 1776 2579 φράσῃς
1794 2518 1888 2573 ἡμῖν

358 2590 627 2646 καταλογάδην
658 2592 840 2641 ἕκαστον,
873 2587 926 2638 ὥς
954 2586 1129 2642 ’ὑπέσχου
1161 2588 1224 2630 δια
1253 2593 1323 2642 τῆς
1353 2590 1565 2642 ἐπιστολῆς.
1610 2587 1831 2644 ’Ἔρρωσθε

478 2665 607 2701 Ταῦτα
628 2657 747 2714 γνούς
769 2656 791 2700 ὁ
815 2656 963 2710 Μάνης
986 2658 1184 2698 ἐσκέπτετο
1208 2656 1282 2698 οὐκ
1305 2656 1463 2713 ἀγαθὴν
1484 2655 1582 2698 εἶναι
1606 2655 1677 2710 τὴν
1697 2660 1766 2698 τοῦ
1789 2654 1886 2711 Τύρ-

356 2731 485 2781 βωνος
512 2729 553 2769 ἐν
574 2728 730 2776 καθέξει
752 2726 962 2781 γενομένην
984 2727 1202 2779 παρουσίαν
1229 2724 1427 2776 (πολλάκις
1451 2726 1492 2766 δὲ
1512 2726 1578 2767 καὶ
1610 2729 1625 2753 ¹
1640 2722 1760 2766 αὑτὸν
1782 2723 1884 2777 ἠπά-

356 2814 415 2847 τα,
448 2794 541 2836 ἄλλα
563 2794 670 2850 παρά
691 2794 738 2836 τά
762 2794 854 2836 ὄντα
876 2792 1131 2849 λογιζόμενος,
1163 2796 1433 2849 πληροφορίας
1454 2797 1523 2846 τῆς
1549 2793 1690 2834 ἑαυτοῦ
1713 2794 1887 2842 διανοίας

400 2888 429 2921 7.
468 2889 614 2927 Suspicor
648 2886 706 2920 καὶ
741 2886 786 2927 ἐξ.
849 2891 925 2919 Acta
957 2887 1098 2918 Archelai
1188 2884 1219 2917 δ’.
1243 2887 1318 2917 Acta
1342 2887 1482 2918 Archelai
1504 2895 1535 2925 p.
1557 2884 1597 2917 8.-
1632 2885 1658 2915 si
1687 2891 1797 2916 tamen
1829 2896 1886 2918 sa-

353 2945 386 2974 p.
408 2933 450 2966 b:
488 2933 653 2964 cuiusdam
676 2932 818 2964 mulieris
849 2943 919 2963 esse
951 2931 1097 2963 dicerent
1143 2929 1202 2960 luti
1225 2936 1300 2961 tuae
1325 2941 1459 2973 parcere
1483 2941 1520 2962 ac
1540 2929 1713 2972 providere
1737 2930 1884 2963 festinas.

357 2978 470 3015 filium,
497 2985 529 3008 et
549 2977 704 3020 sanguine
728 2984 762 3009 et
785 2989 881 3010 carne
905 2989 942 3009 ac
966 2975 1097 3021 reliquis
1191 2975 1267 3007 CAP.
1296 2977 1368 3007 Vn.
1394 2995 1435 3000 —
1485 2977 1512 3008 1.
1538 2977 1623 3007 Libri
1652 2978 1744 3017 vulyo
1776 2975 1885 3011 ἐπίλυ-

357 3023 518 3072 spurcitiis
543 3029 742 3065 generatum.
1143 3032 1205 3055 τον.
