2030 3324
464 207 644 239 PANARH
670 207 753 239 Lm.
773 208 814 239 11.
840 209 948 241 ToM.
969 211 1008 241 n.
1034 210 1314 242 HAER.LX1X.
1589 205 1670 243 595

120 287 259 342 quibus
282 299 351 326 eos
375 286 579 326 incusabat
603 286 665 340 qui
689 286 829 327 Arium
860 297 1114 342 receperant,
1150 291 1392 344 rescripsere
1420 291 1466 330 ad
1490 290 1671 331 Alexan-

119 355 227 395 drum
251 354 417 408 singuli,
452 354 603 408 quidam
630 355 922 396 dissimulanter
942 364 978 397 et
1002 358 1163 408 callide,
1198 358 1262 397 alii
1289 372 1339 398 ex
1372 359 1502 398 animo
1527 366 1565 399 et
1590 358 1671 399 sin-

119 436 224 463 cere.
289 422 348 462 Ac
370 422 543 462 nonnulli
569 430 777 477 exceptum
803 438 822 463 a
846 438 888 464 se
912 424 1105 465 hominem
1135 425 1346 478 negabant,
1381 426 1444 466 alii
1470 440 1537 480 per
1561 427 1672 480 igno-

119 492 281 531 rantiam
307 490 535 530 admissum.
602 489 725 530 Erant
751 499 790 532 et
818 492 882 547 qui
915 506 961 532 eo
994 506 1036 533 se
1069 492 1236 533 consilio
1269 494 1466 548 recepisse
1501 497 1671 535 lateren-

121 566 205 609 tur,
241 566 282 598 ut
313 572 400 599 eum
433 558 528 598 lucri
563 560 753 599 lacerent.
820 558 862 600 ln
895 575 1044 601 summa
1068 561 1176 601 varia
1210 561 1408 602 literarum
1441 570 1672 616 argumenta

119 627 290 667 fuerunt.

229 695 284 735 At
307 695 427 736 Arius
454 694 514 735 ubi
540 695 708 750 scriptas
733 696 778 735 ad
803 710 940 737 omncs
963 696 1169 751 episcopos
1193 696 1326 738 literas
1352 699 1556 753 comperit,
1581 714 1666 739 cum
1694 705 1775 748 Cap.
1803 707 1839 737 v.

116 763 164 803 ab
195 763 377 804 omnibus
411 763 555 817 passim
592 764 779 804 exclusus
814 779 834 804 a
873 765 1050 814 nemine,
1097 772 1368 819 praeterquam
1403 781 1423 806 a
1457 767 1673 808 fautoribus

117 832 214 882 suis,
249 832 542 886 susciperetur,
578 846 740 886 quorum
767 832 948 886 princeps
976 839 1061 873 erat
1083 831 1278 874 Eusebius
1300 834 1437 887 grandi
1465 836 1670 876 admodum

117 906 209 940 natu
233 898 554 940 Nicomediensis
586 900 817 954 episcopus,
862 901 925 954 qui
960 915 1044 940 cum
1069 899 1250 941 Luciano
1271 901 1531 943 Nicomediae
1558 904 1672 944 simul

117 967 289 1008 vixerat.
352 966 440 1008 Nec
462 982 538 1008 non
563 975 602 1007 et
621 965 812 1008 Leontius
837 967 1010 1008 eviratus
1038 969 1290 1020 Antiochiae,
1326 971 1496 1010 nondum
1521 971 1674 1025 episco-

117 1036 240 1090 palem
276 1037 322 1076 ad
356 1037 488 1077 sedem
524 1042 749 1090 promotus,
795 1036 937 1090 aliique
971 1037 1162 1076 nonnulli.
1227 1035 1325 1077 Cum
1351 1052 1444 1091 ergo
1471 1052 1523 1078 ex
1545 1040 1674 1093 perni-

115 1104 224 1144 cioso
249 1104 351 1144 illius
374 1104 556 1144 sodalitio
581 1118 719 1144 onmes
744 1104 796 1144 illi
822 1111 972 1150 essent,
1007 1118 1171 1158 eumque
1196 1105 1260 1145 diu
1283 1106 1381 1159 apud
1409 1119 1452 1146 se
1474 1105 1671 1146 Eusebius

115 1171 339 1223 habuisset,
376 1172 561 1226 epistolas
586 1173 631 1213 ad
661 1172 761 1212 hunc
786 1172 912 1227 ipsum
938 1171 1150 1213 Eusebium
1189 1174 1346 1229 scripsit
1372 1188 1560 1228 nugarum
1591 1174 1671 1229 ple-

115 1240 322 1289 nissimas,
356 1240 494 1294 quibus
522 1239 679 1295 impium
708 1254 822 1281 omne
846 1241 984 1295 dogma
1017 1242 1247 1296 complexus
1279 1249 1354 1283 est.
1419 1242 1670 1297 Quamquam

115 1309 284 1349 nondum
308 1307 582 1349 Nicomediam
609 1309 653 1349 ad
680 1309 784 1349 illum
812 1316 990 1350 venerat.
1055 1312 1181 1364 Atque
1207 1310 1278 1351 hae
1301 1311 1453 1365 quidem
1483 1311 1671 1366 epistolae

115 1377 208 1417 nihil
234 1377 336 1418 aliud
361 1377 565 1417 continent
588 1384 744 1431 practer
767 1377 968 1418 doctrinae
992 1392 1086 1418 suae
1111 1378 1432 1430 declarationem,
1467 1394 1579 1434 quam
1604 1393 1673 1434 per

113 1445 204 1486 illud
235 1452 385 1500 tempus
406 1444 638 1485 elaboravit.
705 1444 851 1485 Harum
880 1460 1010 1495 unam,
1046 1460 1145 1500 quae
1168 1447 1214 1487 ad
1239 1454 1396 1488 nostras
1422 1462 1560 1488 manus
1584 1462 1672 1502 per-

114 1513 245 1564 venit,
289 1514 472 1554 hocloco
497 1513 747 1553 subscribere
779 1514 1044 1554 necessarium
1078 1515 1232 1568 putavi,
1277 1522 1317 1555 ut
1348 1517 1410 1569 qui
1445 1530 1529 1556 eam
1565 1516 1672 1570 lege-

114 1581 193 1622 rint
218 1581 439 1636 intelligant
470 1581 563 1621 nihil
600 1596 621 1621 a
655 1581 766 1621 nobis
801 1589 938 1622 contra
968 1583 1184 1637 quempiam
1222 1583 1463 1624 calumniose
1488 1584 1670 1625 iactatum

114 1649 236 1701 alias,
272 1657 338 1690 aut
370 1649 650 1704 impraesentia
682 1650 833 1690 iactari.
900 1649 973 1690 Est
1003 1657 1132 1691 autem
1167 1651 1371 1692 eiusmodi.

674 1774 789 1806 ΑΒΗ
829 1775 1122 1808 EPISTOLA.

201 1853 371 1896 Domino
396 1854 666 1905 dilectissimo,
702 1855 786 1895 viro
808 1855 885 1905 dei,
914 1855 1032 1905 tideli,
1067 1855 1290 1896 orthodoxo
1305 1855 1497 1907 Eusebio,
1526 1856 1665 1908 Arius,

116 1937 229 1978 quem
253 1923 487 1964 Alexander
515 1937 611 1978 papa
644 1923 786 1964 iniuste
818 1923 865 1964 ob
890 1923 1092 1964 victricem
1128 1924 1298 1964 omnium
1333 1924 1538 1965 veritatem
1566 1924 1671 1966 inse-

114 1992 267 2047 quitur,
303 1991 413 2032 cuius
445 1999 485 2031 et
516 1998 555 2031 tu
587 1999 855 2046 propugnator
885 2005 951 2042 es,
985 1992 1022 2032 in
1053 1992 1209 2032 domino
1241 1993 1420 2034 salutem.

230 2057 329 2102 Cum
353 2059 588 2100 Ammonius
618 2067 728 2114 pater
762 2074 871 2101 meus
894 2059 1166 2101 Nicomediam
1206 2061 1546 2115 proficisceretur,
1592 2076 1669 2102 non

114 2129 229 2170 modo
263 2128 404 2169 rationi
429 2135 738 2169 consentaneum
765 2142 817 2169 ex
839 2128 964 2169 officio
991 2129 1155 2183 quodam
1192 2144 1212 2169 a
1238 2143 1299 2170 me
1324 2129 1493 2170 debitum
1521 2129 1668 2184 putavi,

115 2196 183 2238 tibi
209 2205 249 2237 ut
271 2211 340 2251 per
368 2196 475 2237 illum
511 2196 674 2237 salutem
715 2196 909 2248 dicerem,
953 2211 1106 2252 unaque
1133 2197 1287 2238 caritati
1316 2205 1402 2238 tuae
1429 2212 1474 2238 ac
1499 2197 1672 2238 benevo-

115 2265 259 2306 lentiae
286 2279 360 2320 qua
385 2271 544 2320 propter
571 2265 683 2305 deum
711 2264 873 2319 eiusque
902 2263 1102 2306 Christum
1131 2267 1274 2307 fratres
1301 2265 1553 2320 prosequeris
1581 2264 1672 2305 sub-

115 2333 276 2374 iicerem
309 2347 421 2387 quam
453 2347 524 2373 nos
549 2333 803 2373 vehementer
826 2333 1033 2389 episcopus
1059 2333 1221 2375 inl'estet
1245 2341 1361 2388 atque
1389 2333 1583 2374 hostiliter
1613 2332 1672 2373 in-

115 2408 326 2456 sequatur,
362 2414 434 2441 nec
461 2401 577 2441 ullum
603 2401 691 2442 mali
713 2415 838 2456 genus
864 2416 940 2442 non
962 2403 1169 2443 adversum
1203 2417 1274 2443 nos
1302 2408 1572 2452 commoveat,
1607 2416 1671 2442 us·

115 2483 189 2524 que
210 2483 257 2510 eo
282 2476 324 2509 ut
345 2483 416 2509 nos
441 2469 557 2509 etiam
583 2469 690 2510 velut
721 2469 861 2525 impios
886 2484 931 2511 ac
954 2471 1068 2511 deum
1094 2477 1286 2525 negantes
1310 2484 1359 2510 ex
1388 2469 1483 2510 urbe
1509 2469 1673 2525 expule-

115 2537 189 2588 rit,
222 2537 338 2592 idque
364 2537 411 2578 ob
441 2537 543 2578 illam
569 2552 747 2579 caussam
772 2539 872 2592 quod
896 2539 928 2579 ei
959 2539 1111 2594 publice
1134 2539 1206 2579 ista
1234 2537 1500 2592 pronuntianti
1526 2551 1672 2592 nequa-

116 2620 229 2661 quam
253 2605 539 2646 assentiamur:
578 2604 744 2661 Semper
771 2607 882 2658 deus,
917 2621 1073 2662 semper
1098 2607 1220 2647 filius:
1256 2606 1370 2646 sinml
1400 2613 1525 2661 pater,
1558 2606 1672 2647 simul

116 2675 241 2716 filius:
282 2689 368 2715 cum
392 2675 464 2715 deo
498 2674 671 2728 ingenito
695 2682 882 2730 perpetuo
909 2675 1008 2716 lilius
1033 2675 1194 2726 existit,
1228 2688 1384 2729 semper
1409 2674 1590 2728 genitus,
1624 2674 1672 2714 ab

115 2743 291 2798 ingenito
310 2742 489 2797 genitus:
526 2756 651 2797 neque
678 2743 931 2798 cogitatione,
961 2757 1087 2797 neque
1110 2750 1307 2783 momento
1333 2743 1410 2783 ullo
1438 2743 1533 2782 deus
1555 2742 1671 2782 lilium

117 2812 335 2862 antecedit,
370 2825 527 2866 semper
553 2811 673 2861 deus,
708 2825 865 2865 semper
891 2811 1014 2860 filius,
1051 2825 1100 2850 ex
1128 2810 1211 2865 ipso
1245 2811 1317 2850 deo
1354 2810 1470 2852 lilius.
1537 2808 1674 2864 Quou-

117 2914 200 2945 edita
231 2923 251 2945 a
285 2915 467 2954 Gaissordio
498 2915 546 2945 ed.
579 2924 610 2953 p.
639 2910 711 2945 145.
744 2924 775 2945 n.
795 2913 870 2946 2³27.
919 2911 1026 2946 πάντα
1050 2910 1170 2953 τρόπον
1193 2915 1315 2953 ποιεῖν,
1351 2911 1407 2946 ἐπὶ
1428 2914 1494 2945 τῶν
1515 2910 1674 2954 ἀπορούν-

118 2957 276 2992 Πάντα
311 2956 429 2993 κάλω
443 2972 458 2992 ν
496 2963 665 3000 κινεῖν,
704 2954 777 2991 εἰν-,ἱ
812 2959 868 2992 ’.οὗ
920 2970 993 2991 των.
1045 2960 1090 2996 (Τ.
1115 2959 1226 2990 Schou.
1247 2959 1290 2990 ad
1316 2960 1423 2990 Zenob.
1454 2958 1561 2997 1362.

1295 3015 1397 3058 38*

1697 1858 1777 1901 Cap.
1798 1858 1852 1891 VI.
