2066 3319
492 159 674 191 PANARn
700 160 783 193 ΜΒ.
808 161 847 193 n.
873 160 981 194 ToM.
1006 163 1046 194 n.
1071 161 1205 195 HAER.
1227 162 1351 196 LXVI.
1617 157 1698 195 517

136 253 256 278 sermo
286 241 514 290 sapientiae,
561 247 597 278 el
631 248 833 290 cognoscet
870 242 992 280 haee?
1050 245 1164 294 Impia·
1200 257 1285 281 vero
1325 245 1621 294 &fit-mabuntur
1660 247 1697 283 [η

137 309 225 346 ιἸΙιζς.

217 372 341 414 Plane
365 373 467 414 enim
491 388 576 414 cum
600 374 728 429 impiis
755 374 792 415 in
818 375 959 417 divinis
989 392 1033 418 ac
1058 378 1294 418 coelestibus
1319 380 1487 419 oraculis
1514 379 1689 420 imbecil-
1740 378 1823 442 (3³³3-

133 442 179 482 lis
203 449 318 496 atque
340 442 480 497 impius
506 442 680 483 redditus
706 457 796 484 esse
819 453 1074 486 memoratur.
1124 445 1228 486 Nam
1255 446 1430 487 salvator
1455 448 1569 502 paulo
1597 456 1688 489 ante
1715 423 1873 455 LXHH'

133 511 309 561 dixerat,
345 512 517 550 Videbam
542 513 722 550 Salonam
747 516 860 564 quasi
877 516 1026 566 fulgur
1048 517 1092 553 de
1122 516 1224 553 coelo
1247 518 1459 564 cadentem,-
1495 518 1567 556 hoc
1592 531 1687 557 vero
1706 528 1778 557 Luc.
1796 531 1838 563 1⁰,
1860 531 1903 557 m

133 579 244 630 loco,
287 581 467 631 Princeps
494 582 627 618 numdi
646 582 758 619 lenias
782 584 1094 635 efficietur-soram
1162 579 1275 634 Quod
1302 582 1334 622 si
1361 583 1406 622 de
1434 582 1585 624 Satana
1621 586 1695 625 iam

131 647 240 701 lapso
277 646 528 701 loqueretur,
574 649 661 702 qnid
699 648 803 688 illum
837 649 966 688 denno
1001 650 1250 704 praecipitari
1287 651 1453 692 attinet?
1512 650 1621 706 Ergo
1654 653 1693 693 in

131 715 315 770 abyssum
349 715 608 756 deiiciendum
650 716 770 756 fuisse
807 717 974 757 dixeris.
1040 715 1227 758 Ceterum
1259 718 1413 758 ubinam
1457 720 1692 761 exaltandus

130 789 214 823 erat
237 783 443 824 dominus?
502 783 546 825 Si
571 798 622 824 ex
652 784 798 840 abysso
823 785 862 824 in
887 785 1053 825 sublime
1080 785 1150 825 fuit
1178 786 1436 838 attollendus,
1472 788 1609 828 similis
1636 789 1691 828 lo-

130 865 198 892 cus
225 865 310 891 cum
340 851 454 892 simili
483 859 730 907 comparatus
763 853 925 893 eandem
962 853 1183 893 sententiae
1208 854 1286 894 vim
1312 854 1441 895 efficit.
1506 855 1693 909 Quando-

129 933 216 960 nam
241 919 343 960 enim
376 927 435 960 est
460 921 654 960 exaltatus
686 919 722 960 in
752 921 885 961 terra?
946 919 1080 974 Quare
1105 922 1150 961 de
1176 923 1304 962 crucis
1327 923 1590 974 exaltatione,
1627 925 1692 965 deu

128 1002 202 1042 que
228 1002 297 1028 sua
320 988 358 1027 in
381 988 532 1028 coelum
560 989 848 1030 conscensione
875 989 1128 1043 loquebatur,
1174 996 1215 1030 ut
1240 991 1285 1030 ad
1322 1004 1365 1031 se
1398 991 1523 1046 ipsnm
1557 1007 1693 1033 omnes

126 1056 355 1097 attraheret.
421 1053 624 1109 Quaenam
655 1057 794 1097 deinde
829 1056 931 1097 ratio
965 1064 1047 1109 est,
1093 1072 1162 1098 cnr
1196 1073 1272 1098 non
1311 1059 1348 1098 in
1387 1060 1497 1099 coelo
1531 1074 1694 1100 manens

127 1125 215 1165 inde
242 1124 461 1179 pertraxit,
496 1125 564 1165 sed
593 1125 638 1165 ad
665 1132 808 1165 terram
833 1139 955 1180 usque
977 1126 1205 1166 descendit?
1267 1124 1487 1182 Oportebat
1510 1126 1693 1169 nimirum

128 1192 264 1233 venire
291 1193 440 1248 ipsum,
476 1200 592 1248 atque
623 1193 789 1234 hominis
815 1194 975 1248 liguram
1011 1194 1236 1249 suscipere,
1272 1202 1313 1235 ut
1336 1195 1512 1251 inprimis
1546 1211 1616 1237 vas
1649 1197 1693 1237 il-

126 1262 186 1302 lud
212 1268 412 1311 sanctum,
446 1262 545 1316 quod
573 1262 619 1302 de
646 1260 775 1302 Maria
800 1262 954 1316 virgine
978 1263 1165 1317 sumpsit,
1200 1270 1379 1303 sanctum
1404 1264 1588 1305 videlicet
1618 1265 1692 1306 sibi

126 1344 267 1384 corpus
292 1331 504 1384 ellingenS,
540 1344 584 1370 ac
609 1330 703 1370 deus
737 1330 900 1371 verbum
937 1345 956 1371 e
983 1331 1118 1381 coelo,
1155 1331 1279 1385 deque
1302 1339 1467 1387 paterno
1503 1333 1592 1373 sinu
1625 1334 1691 1374 de-

125 1399 344 1449 scandens,
380 1413 491 1438 snum
516 1397 607 1438 illud
636 1412 777 1453 corpus
803 1400 1023 1451 attolleret,
1059 1407 1136 1439 tum
1162 1399 1225 1440 ubi
1252 1407 1358 1440 esset
1384 1401 1467 1455 ipse
1496 1401 1688 1453 sublatus,

125 1467 254 1507 suiad
288 1480 377 1507 sese
412 1467 559 1507 similes
597 1467 827 1507 attraheret.
894 1466 972 1508 Sed
1007 1468 1185 1522 quisnam
1223 1475 1283 1508 est
1318 1468 1430 1510 huius
1466 1469 1531 1509 ille
1563 1473 1695 1510 mnndi

124 1538 334 1587 Princeps?
397 1533 576 1590 lnprimis
607 1550 691 1575 cum
722 1535 797 1586 ait,
846 1539 960 1575 Totus
985 1539 1143 1576 mundus
1170 1540 1206 1576 1'72
1238 1539 1404 1589 maligno
1430 1542 1580 1589 positus
1610 1547 1678 1587 ml,
1694 1537 1888 1602 lf.³1'iii1'1ii²1'.³¹'

126 1618 202 1643 non
240 1603 415 1654 coelum,
461 1618 537 1643 non
574 1611 741 1655 terram,
789 1619 866 1644 non
902 1604 1050 1655 solem,
1096 1612 1162 1645 aut
1196 1605 1324 1645 lunam
1362 1605 1564 1660 intelligit,
1608 1621 1685 1647 non
1710 1609 1737 1643 5⁷
1760 1609 1799 1635 19-

127 1671 296 1727 stirpes,
330 1685 461 1722 mare,
496 1679 674 1723 montes,
716 1677 871 1724 aerem,
908 1673 1055 1723 nubes,
1092 1680 1253 1723 ventos,
1299 1673 1451 1726 sidera,
1486 1675 1685 1726 volucres,

127 1753 257 1780 rerum
287 1740 454 1794 deniqne
491 1740 734 1781 conditarum
768 1740 936 1792 nullam,
983 1741 1051 1781 sed
1082 1741 1279 1782 hominum
1307 1743 1472 1783 mundus
1504 1743 1687 1798 superbia

121 1809 263 1849 mentis
287 1815 370 1860 est,
405 1815 444 1849 et
473 1809 595 1849 fastus
619 1809 828 1859 andaciae,
863 1817 902 1850 et
927 1809 1018 1850 elati
1040 1809 1158 1850 animi
1183 1810 1221 1850 in
1244 1811 1464 1851 hominibus
1496 1826 1687 1866 arrogan-

120 1877 188 1916 tia.
256 1874 379 1930 lgitur
403 1877 531 1916 mundi
560 1874 749 1932 Princeps
773 1878 837 1918 ille
865 1878 1046 1919 deorsum
1073 1878 1258 1934 superbia
1287 1893 1356 1920 sua
1389 1880 1543 1920 cecidit.
1609 1880 1890 1943 12131122¹1¹1¹¹¹122231s

118 1948 214 1985 em‘m
229 1976 240 1993 ,
276 1945 421 1999 inquit,
453 1948 619 1997 gloriam
653 1947 700 1984 ab
736 1949 890 1986 invicem
925 1950 1083 1998 capitis:
1127 1962 1196 1999 ego
1226 1963 1313 1987 vero
1337 1963 1409 1988 non
1432 1963 1572 2000 quaero
1593 1951 1681 2000 glo-
1829 1938 1837 1950 ’

118 2017 214 2053 riam
237 2029 367 2054 meam.
431 2014 494 2054 An
522 2029 598 2054 non
621 2014 803 2069 superbia
829 2014 1004 2055 excidit?
1035 2013 1127 2055 Non
1153 2014 1344 2072 Princeps
1369 2016 1500 2057 mundi
1527 2018 1683 2057 confra-

119 2089 204 2122 ctus
233 2090 316 2134 est,
353 2097 438 2123 cum
463 2090 497 2123 et
524 2082 706 2123 Herodes
731 2090 973 2123 mortuorum
998 2097 1042 2123 ac
1063 2083 1242 2125 vivorum
1271 2085 1438 2125 indicem
1465 2085 1684 2125 dominum-

118 2165 191 2206 que
216 2151 429 2192 custodiret
458 2165 503 2191 ac
537 2150 679 2191 indicio
707 2151 946 2191 subiiceret?
992 2166 1077 2192 cum
1107 2154 1351 2208 praesideret
1375 2152 1549 2194 Pilatus?
1596 2167 1681 2192 cnm

117 2220 277 2262 satelles
301 2220 440 2260 malam
470 2220 678 2260 caederet?
721 2218 835 2260 ludas
858 2220 1068 2274 proderet?
1100 2218 1273 2277 Caiplias
1297 2221 1514 2262 iudicaret?
1548 2219 1679 2261 ludaei

117 2288 241 2343 sputis
275 2289 560 2343 aspergerent?
602 2288 743 2328 milites
775 2287 941 2343 denique
974 2296 1088 2344 caput
1125 2290 1209 2331 eius
1243 2290 1416 2344 colaphis
1450 2290 1675 2340 tunderent,

115 2357 178 2411 qui
207 2357 291 2397 solo
316 2364 410 2397 nutu
433 2356 583 2396 coelum
606 2363 826 2411 terramque
853 2364 1115 2412 contorquere
1137 2360 1296 2412 posset?
1343 2357 1451 2398 Haec
1474 2358 1592 2412 igitur
1613 2372 1679 2398 su-

115 2425 264 2480 perbia,
300 2425 396 2466 llaec
419 2425 595 2476 andacia,
624 2425 719 2465 llaec
743 2426 884 2465 mundo
909 2426 1150 2467 addictorum
1177 2426 1374 2467 hominum
1398 2426 1523 2480 gloria
1547 2415 1800 2485 nzzcnde'fflfnss·

115 2496 180 2534 ille
205 2497 386 2546 Princeps
420 2501 480 2534 est
512 2493 575 2547 qui
614 2493 651 2533 in
688 2501 831 2534 terram
867 2494 1071 2549 prolapsus
1107 2502 1182 2535 est.
1248 2494 1404 2535 Etenim
1436 2495 1498 2549 qni
1533 2494 1571 2535 in
1604 2494 1677 2535 hoe

115 2563 257 2603 mundo
289 2563 479 2603 honorum
505 2569 543 2602 et
564 2562 794 2616 dignitatum
827 2562 1012 2617 gradibus
1044 2563 1306 2614 antecellunt,
1340 2563 1393 2603 ita
1419 2563 1676 2619 principatum

114 2631 313 2681 obtinent,
349 2638 388 2671 ut
414 2630 660 2685 arrogantia,
695 2629 922 2682 insolentia,
956 2632 1080 2685 gloria
1111 2631 1370 2685 superbiaque
1397 2645 1486 2672 sese
1515 2632 1674 2672 nimium

114 2700 302 2749 ell'erant,
338 2713 436 2753 quae
463 2699 615 2754 quidem
645 2713 667 2739 a
697 2699 894 2740 salvatore
927 2707 1062 2740 nostro
1094 2699 1299 2739 abfuerunt
1326 2700 1469 2740 omnia.
1533 2704 1669 2740 Lz'tmm
1691 2705 1772 2733 Enni.
1792 2705 1835 2738 ⁴²2
1855 2704 1880 2731 3·

113 2771 207 2807 em'm
235 2770 430 2819 funttgans
461 2783 533 2807 nme
566 2771 783 2820 erlingnel,
818 2777 858 2807 et
884 2771 1067 2808 calamum
1099 2771 1302 2807 contritum
1333 2783 1407 2808 non
1437 2770 1670 2822 confi‘z'nget.

158 2854 189 2890 4.
213 2855 373 2899 ἀλαζονία
406 2859 473 2890 cod.
506 2869 562 2891 ms.
586 2862 733 2899 uterque,
768 2863 795 2891 et
819 2861 867 2892 ed.
960 2858 991 2892 6.
1019 2857 1076 2901 μὲν
1099 2869 1159 2890 ποη
1184 2859 1274 2890 habet
1299 2860 1364 2891 cod.
1391 2861 1521 2901 Rhediy.

110 2905 210 2954 pripc.
961 2904 990 2936 Τ.
1015 2906 1048 2936 Iu
1071 2905 1137 2936 cod.
1151 2905 1282 2944 Rhediy.
1300 2905 1356 2937 hoc
1372 2901 1466 2939 οὐδὲν
1490 2908 1673 2939 collocatum

159 2959 188 2980 ³-
212 2945 236 2990 ἦ
267 2946 477 2992 ὑπερηφανία
520 2960 586 2991 690.
645 2951 741 2990 Vulyo
783 2954 867 2982 extat
915 2953 1050 2982 estante
1076 2946 1226 2991 εὕρηται,

111 2989 346 3040 ὑπερηφανία,
371 2997 478 3028 dativo
502 3006 578 3028 casu
600 2997 665 3030 sine
689 2997 831 3028 articulo.
959 2998 990 3027 ὅ.
1015 2993 1241 3038 τεὲρασμένον
1265 2997 1332 3029 cod.
1354 2995 1486 3037 Rhedig.
