2066 3319
468 216 648 248 PANARII
672 216 756 248 LIB.
775 218 816 250 ΙΙ.
841 218 949 250 ΤΟΜ.
971 220 995 250 1.
1024 219 1153 251 HAER.
1179 220 1300 252 LXIV.
1574 213 1650 252 371

115 299 235 339 randa
260 296 411 337 scilicet
438 296 551 335 domo
584 309 692 346 mea,
736 297 808 337 hoc
840 304 901 337 est
928 313 1090 353 corpore
1126 302 1224 353 quod
1258 301 1477 350 ceciderat,
1518 310 1554 340 et
1583 317 1655 341 non

113 368 313 405 delectasti
332 367 500 403 inimicos
530 379 627 403 meos
654 379 767 417 super
790 381 858 404 me.
925 364 980 406 lta
1008 376 1046 406 et
1070 368 1107 407 in
1137 367 1363 408 Proverbiis
1389 367 1576 410 Salomon
1610 371 1656 410 ad

115 436 278 474 l‘uturam
311 433 413 472 illam
437 432 555 472 vitam
583 446 688 486 spem
717 448 870 474 omnem
897 442 1069 475 nostram
1104 449 1338 490 praeparans
1374 437 1474 477 hunc
1505 438 1542 478 in
1576 452 1657 478 mo-

113 502 198 541 dum
232 501 432 541 hortatur:
472 502 662 552 Praepara
691 505 728 540 εή
754 506 895 541 exilum
921 518 1032 555 opera
1060 511 1137 542 tua.
1201 502 1304 543 Nam
1333 505 1463 545 exitus
1499 507 1655 546 nomine
1670 513 1859 548 Prov-²⁴‚21·

112 569 380 610 decessionem
415 582 464 609 ex
498 568 566 608 hac
600 569 678 609 vita
713 570 941 625 complexus
970 579 1044 612 est.
1111 570 1183 621 Et,
1223 574 1475 624 Praeparat-e,
1514 575 1652 628 inquit,

109 641 160 678 ad
179 653 328 690 agrum.
395 635 520 689 Quam
546 638 887 679 commonitionem
914 639 1110 694 pertinere
1141 640 1186 679 ad
1213 654 1348 680 omnes
1375 642 1497 681 voluit
1527 643 1590 696 qui
1617 644 1654 682 in

111 720 204 761 agro
228 713 293 746 aut
316 706 352 745 in
379 705 473 745 urbe
495 705 705 759 degerent,
740 721 785 746 ac
810 715 885 747 tam
910 708 1083 747 eruditos
1111 721 1223 761 quam
1251 709 1409 762 opifices
1434 724 1479 748 ac
1501 711 1655 751 mecha-

110 773 235 824 nicos,
269 773 332 828 qui
358 773 500 813 nullum
526 774 562 813 in
592 788 687 828 agro
715 789 809 829 opus
837 774 979 815 habent
1003 776 1102 829 quod
1128 784 1359 816 exerceant.
1424 775 1524 830 Quid
1553 780 1655 818 enim

109 842 316 883 linificibus
345 849 383 882 et
408 842 638 892 aurifabris,
680 850 746 883 aut
780 843 904 897 poe'tis
936 843 1156 897 ceterisque
1189 844 1446 899 scriptoribus
1479 853 1538 886 est
1569 861 1654 886 cum

109 924 287 964 agrorum
315 911 465 951 cultura
493 912 724 951 commune?
771 910 904 964 Quare
929 926 1008 951 vox
1031 911 1092 951 illa
1117 911 1203 952 sine
1228 912 1303 953 ullo
1327 913 1550 954 discrimine
1571 916 1656 955 uni-

108 992 247 1019 versos
279 979 393 1019 simul
426 979 616 1033 appellat,
649 982 840 1031 Praepara
865 987 899 1019 te
921 983 971 1019 ad
989 995 1145 1032 agrum,
1181 988 1297 1035 atque
1328 981 1419 1021 illud
1445 981 1653 1035 signifieat,

108 1047 278 1088 omnium
304 1047 499 1087 hominum
525 1047 684 1101 generi,
721 1055 797 1088 tam
820 1048 967 1088 urbano
995 1062 1108 1102 quam
1132 1050 1301 1099 rustico,
1337 1052 1513 1104 corporis
1539 1052 1656 1107 depo-

108 1115 289 1156 sitionem
332 1116 414 1169 agri
453 1115 576 1155 instar
620 1129 734 1166 esse,
783 1123 940 1171 propter
977 1117 1215 1171 sepulturam
1256 1132 1301 1157 ac
1341 1118 1443 1159 vitae
1486 1120 1651 1160 exitum.

109 1181 261 1224 Deinde
286 1185 449 1224 eandem
473 1198 579 1238 spem
615 1185 918 1224 resurrectionis
951 1192 1154 1226 ostentans
1186 1186 1313 1236 addit,
1348 1189 1400 1225 Et
1424 1190 1655 1228 instaurabis

107 1255 251 1291 domam
277 1260 390 1291 tuam.
456 1250 607 1307 Quippe
630 1253 751 1293 semel
776 1267 861 1293 cum
888 1253 926 1293 in
955 1261 1065 1294 utero
1093 1255 1330 1294 formaretur
1354 1262 1414 1295 est
1434 1264 1651 1309 exstructa,

108 1335 191 1360 cum
224 1321 374 1361 scilicet
399 1335 710 1375 unumquemque
735 1329 910 1362 nostrum
939 1330 1083 1363 matres
1117 1322 1283 1377 tingendi
1318 1337 1454 1364 caussa
1487 1327 1654 1381 parturi-

107 1395 209 1429 rent.
274 1388 376 1429 Tum
410 1404 430 1428 a
463 1396 567 1428 terra
597 1390 634 1428 [it
665 1404 810 1442 agrove
843 1390 1105 1441 resurrectio,
1146 1406 1231 1431 cum
1260 1407 1400 1434 eversa
1432 1402 1519 1449 post
1548 1395 1651 1435 illam

107 1458 145 1497 in
167 1457 412 1512 sepulchrum
435 1457 691 1497 deiectionem
717 1458 852 1498 domus
878 1459 1055 1512 erigitur.
1120 1457 1232 1512 Quod
1267 1468 1304 1501 et
1330 1463 1552 1517 redemptor
1583 1479 1652 1504 no-

112 1533 195 1566 ster
218 1526 274 1565 sic
302 1526 453 1566 locutus
478 1526 648 1580 aperuit:
683 1529 826 1565 Solvite
851 1529 1022 1579 templum
1045 1529 1134 1575 hoc,
1170 1537 1206 1567 el
1230 1532 1267 1568 ia
1295 1532 1414 1569 tribus
1440 1533 1569 1571 (liebus
1590 1545 1857 1580 stc-loann.2‚19.

109 1595 251 1633 „certabo
279 1597 394 1642 illud,
429 1595 512 1634 sive
541 1595 776 1645 acdificab03
820 1602 951 1650 utpote
985 1611 1069 1636 cmn
1105 1598 1293 1651 sapientia
1327 1599 1398 1649 sit,
1433 1607 1471 1639 et
1501 1601 1653 1654 quidem

114 1677 182 1716 pro
208 1677 356 1703 summa
383 1677 451 1703 sua
487 1663 710 1717 prudentia,
754 1678 866 1717 quam
902 1666 1007 1703 nulla
1037 1667 1222 1704 hominum
1255 1670 1493 1719 investigatio
1527 1678 1655 1724 potest
1675 1676 1856 1712 lsai-§Oste-

112 1731 283 1785 assequi.
347 1729 432 1784 Qua
456 1732 572 1771 etiam
597 1731 792 1786 praeditus
815 1732 1044 1773 difficillimis
1070 1748 1121 1773 cx
1141 1734 1261 1786 locis,
1297 1736 1465 1791 delapsis
1490 1737 1655 1779 dissolu·

113 1800 238 1854 tisque
262 1800 489 1855 corporibus
515 1800 684 1850 nostris,
718 1815 762 1840 ac
787 1801 920 1856 partim
945 1802 982 1841 in
1008 1801 1161 1843 cineres
1188 1804 1414 1856 conversis,
1448 1806 1582 1860 partim
1614 1807 1652 1847 in

113 1868 231 1918 mari,
266 1869 401 1923 partini
430 1883 451 1908 a
477 1869 693 1910 carnivoris
718 1869 870 1919 avibus,
903 1870 1040 1924 partim
1064 1885 1084 1910 a
1110 1870 1262 1923 bestiis,
1296 1874 1434 1927 partim
1455 1874 1653 1916 vermibus

113 1937 374 1992 consumptis,
410 1937 543 1977 eadem
578 1937 825 1978 nihilomiuus
857 1939 1041 1979 restituit.

224 2004 325 2046 Nam
351 2006 383 2046 si
408 2020 505 2060 quae
537 2006 629 2046 nihil
653 2014 786 2056 eraut,
821 2007 962 2061 aliquid
989 2015 1027 2047 ut
1053 2015 1207 2059 essent,
1243 2010 1474 2064 perfecerit,
1509 2018 1652 2065 quanto
1724 2015 1802 2058 Cap.

112 2074 146 2114 id
172 2075 271 2128 quod
295 2074 369 2114 iam
394 2074 529 2114 existit
557 2075 748 2129 propriam
774 2075 810 2115 in
838 2084 1015 2116 naturam
1042 2077 1380 2132 conditionemque
1413 2079 1564 2120 facilius
1595 2080 1653 2120 in·
1679 2061 1823 2093 LXXH'

111 2142 321 2193 staurabit,
358 2151 396 2183 ut
418 2150 456 2183 et
474 2150 622 2183 rectum
646 2143 825 2184 iudicium
852 2144 1049 2195 instituat,
1085 2151 1125 2185 et
1145 2145 1309 2186 alterum
1332 2161 1399 2201 pro
1425 2147 1550 2188 altero
1574 2162 1650 2188 non

112 2212 368 2263 condemnet,
403 2219 442 2252 et
469 2212 567 2266 quod
603 2211 736 2252 labore
769 2212 969 2267 fatigatum
1002 2220 1062 2254 est
1083 2228 1153 2254 sua
1178 2215 1357 2255 mercede
1390 2230 1466 2255 non
1499 2217 1652 2271 privet?

111 2278 266 2320 Etenim
288 2280 320 2320 si
346 2281 391 2321 ad
415 2280 536 2321 solam
565 2280 729 2321 animam
758 2282 904 2322 fructus
929 2289 967 2322 et
990 2282 1173 2323 coelestis
1197 2283 1305 2336 regui
1334 2284 1532 2338 possessio
1563 2299 1650 2339 per-

112 2349 222 2400 tinet,
250 2363 345 2390 sane
368 2364 507 2404 corpus
526 2348 573 2389 iis
595 2349 773 2390 onmibus
798 2364 896 2404 quae
920 2350 1188 2405 concupiverit
1212 2353 1375 2402 fruatur,
1405 2360 1587 2393 versetur
1610 2353 1648 2394 in

111 2418 258 2458 deliciis
281 2416 466 2468 Gedeon,
503 2432 627 2471 neque
655 2419 798 2458 frustra
822 2417 989 2460 loannes
1019 2419 1152 2460 labore
1183 2434 1226 2460 se
1257 2420 1425 2469 cruciet,
1462 2428 1650 2462 contexto

111 2501 160 2527 ex
185 2487 420 2528 camelorum
454 2485 539 2541 pilis
568 2485 694 2527 cilicio
717 2487 903 2539 vestitus,
939 2502 1064 2542 neque
1089 2489 1126 2528 in
1154 2489 1384 2529 solitudines
1417 2489 1534 2530 abditi
1565 2505 1650 2530 ear·
1671 2497 1855 2531 Manli-:M-

109 2571 189 2595 nem
211 2563 376 2595 nostram
398 2557 667 2607 suggillemus,
704 2569 827 2610 neque
857 2571 1022 2611 corpora
1048 2557 1237 2597 castitatis
1264 2557 1550 2599 exercitatione
1583 2560 1649 2600 do·
1670 2568 1854 2602 l-Cor-9.2⁷·

109 2638 273 2665 memus.
336 2621 407 2665 Sin
440 2631 567 2664 autem
597 2624 765 2664 omnium
792 2625 894 2666 vitae
927 2625 1213 2675 institutormn‚
1248 2626 1279 2665 si
1306 2625 1583 2679 castimoniae,
1616 2629 1648 2669 si

109 2692 266 2743 ieiunii,
299 2692 331 2733 si
359 2699 576 2733 ceterarum
602 2692 785 2733 virtutum
809 2707 950 2748 corpus
980 2701 1041 2735 est
1065 2694 1281 2749 particeps,
1313 2709 1386 2733 non
1409 2698 1571 2736 iniustus
1593 2705 1651 2736 est
1669 2704 1798 2735 necne,
1815 2706 1853 2732 ιο.

109 2763 220 2809 deus,
257 2767 298 2800 ut
320 2761 353 2801 ei
384 2760 446 2815 qni
477 2761 713 2801 laboraverit
738 2761 881 2803 laboris
913 2763 1129 2803 mercedem
1156 2761 1382 2813 subtrahat,
1417 2764 1649 2819 corporique

111 2830 208 2882 quod
235 2844 320 2870 cum
344 2829 472 2869 anima
496 2830 753 2870 communiter
772 2830 809 2870 in
832 2830 1004 2871 laborem
1030 2830 1249 2870 incubuerit
1269 2831 1411 2872 nullum
1436 2832 1648 2887 praemium

111 2897 321 2950 persolvat.
386 2896 471 2938 Hoc
496 2898 597 2938 enim
629 2898 754 2953 posito
778 2899 894 2940 inane
919 2913 962 2939 ac
985 2912 1319 2952 supervacaneum
1350 2899 1425 2940 erit
1447 2901 1646 2941 iudicium.

111 2962 212 3005 Nam
243 2966 272 3006 si
306 2965 386 3006 sola
417 2967 605 3007 duntaxat
638 2967 765 3008 anima
789 2966 1017 3017 sisteretur,
1052 2966 1221 3007 obiicere
1254 2966 1291 3007 in
1324 2968 1465 3009 iudicio
1500 2977 1646 3024 posset,

1285 3039 1337 3079 24
1357 3035 1374 3054 *
