2066 3319
462 197 641 229 PANARn
666 197 747 229 ΜΒ.
765 198 806 230 tt.
830 198 937 230 TOM.
959 199 999 230 11.
1023 199 1154 231 naen.
1174 200 1280 231 va.
1563 191 1644 232 387

111 275 182 315 bus
207 274 337 315 verbis
370 276 589 330 praeditus,
630 283 745 330 atque
779 277 822 317 ad
859 276 1063 318 humanam
1088 293 1130 319 se
1157 279 1457 319 imbecillitatem
1491 293 1644 319 accom-

111 342 287 393 modanS,
320 357 394 396 quo
418 344 567 384 facilius
593 344 737 385 nostris
762 346 880 385 veluti
905 347 1083 387 sensibus
1109 347 1280 397 obiiciat,
1315 362 1359 388 ac
1386 362 1454 402 per
1477 361 1520 388 ca
1547 360 1643 401 quae

110 410 146 450 in
181 410 293 451 nobis
324 411 419 451 fiunt
453 412 570 452 filium
601 426 711 452 suum
751 413 990 455 demonstret
1024 430 1044 455 a
1081 429 1123 455 se
1158 429 1296 455 revera
1334 430 1422 455 esse
1453 416 1642 469 genitum,

110 479 222 519 deum
251 492 302 520 ex
332 479 426 530 deo,
461 480 571 520 deum
600 494 734 521 verum
761 482 806 522 de
830 483 901 523 deo
926 497 1045 533 vero,
1080 497 1155 522 non
1185 484 1433 523 extrinsecus
1464 485 1642 534 ascitum,

109 547 177 587 sed
210 560 261 587 ex
285 547 404 602 ipsius
431 548 646 589 substantia
673 564 945 604 progressum,
979 551 1036 591 sic
1065 551 1183 604 igitur
1215 553 1312 606 apud
1339 550 1523 592 Davidem
1559 567 1646 606 pro-

110 615 286 656 nuntiat:
320 619 384 655 Eoe
407 625 512 656 utero
535 625 622 656 mele
644 621 858 672 thccfi’t'etm
880 623 1001 671 gemti
1019 627 1066 667 le,
1101 619 1154 659 uti
1177 617 1430 673 Septuaginta
1456 621 1642 674 interpre-
1665 634 1712 663 t's.
1734 634 1794 672 109,
1813 635 1840 661 3.

108 691 252 724 tantur.
315 683 380 724 Ex
402 685 486 725 aliis
514 692 641 725 autem
668 688 880 727 editoribus
907 688 1046 741 Aquila
1073 688 1122 727 ita
1148 688 1294 728 reddit:
1337 690 1400 727 Ab
1421 697 1525 727 utero
1548 691 1645 727 dilu-

108 754 192 792 culo
219 756 383 792 excitato
415 755 485 792 te'be'
502 769 566 793 ros
586 759 772 806 puerz'lz'ae
798 764 906 804 tuae,·
941 754 1198 810 Symmachus
1227 770 1366 810 porro:
1412 759 1519 796 Velut
1547 760 1644 796 (Illu-

108 823 192 860 culo
217 825 317 860 roris
339 825 510 861 inventas
533 831 619 871 lua5
656 823 878 863 Tlieodotio
908 838 1026 863 vero:
1069 826 1132 863 Ex
1164 832 1269 863 utero
1296 839 1318 864 α
1348 829 1526 865 mamle'uo
1557 834 1644 866 tem-

102 903 196 941 pore
220 892 421 929 z‘uventutls
445 899 551 939 tuae‚·
585 899 625 931 at
648 892 779 945 quinta
809 892 951 932 editio:
994 895 1057 931 Eae
1081 901 1186 932 ulero
1212 895 1259 932 ab
1291 896 1456 933 diluculo
1487 895 1557 933 tibi
1582 909 1645 934 ros

108 960 146 997 in
167 960 355 997 iuventute.
377 967 440 998 tua
451 977 463 1007 ,·
498 967 612 999 sexta
638 974 755 1014 porro
779 961 919 1000 editio:
963 963 1026 1000 Eoe
1058 969 1163 1000 utero
1193 971 1373 1014 quaerent
1404 970 1458 1010 te,
1494 978 1557 1002 ros
1588 966 1642 1002 κά·

107 1029 267 1066 ventulz‘s
293 1034 400 1075 tuae‚·
441 1034 638 1082 postremo
669 1029 706 1068 in
730 1027 935 1069 Hebraeo:
979 1032 1139 1077 Merem,
1176 1045 1353 1078 messaar,
1390 1033 1525 1079 lac-tal,
1559 1034 1646 1072 icle-

107 1097 282 1143 decheffz,
318 1096 416 1150 quod
444 1096 648 1137 manifeste
675 1111 720 1137 ac
745 1098 840 1137 citra
865 1098 977 1137 ullam
1005 1098 1291 1152 anibignitatem
1317 1100 1351 1139 id
1380 1101 1500 1154 ipsum
1526 1101 1646 1153 signi·

108 1164 217 1204 licat:
259 1166 323 1203 Ea·
349 1172 453 1203 utero
485 1173 572 1204 ante
593 1167 809 1219 Lucgserum
838 1169 959 1217 genui
988 1174 1035 1206 te.
1099 1165 1193 1207 Vox
1227 1168 1327 1207 enim
1365 1169 1452 1219 illa,
1486 1172 1641 1217 Morem,

106 1232 206 1272 idem
238 1239 298 1272 est
330 1239 467 1287 atque,
507 1236 543 1272 E
570 1243 717 1274 ventre.-
761 1236 935 1274 Messaar
959 1249 1078 1284 vero,
1114 1234 1293 1276 Diluculo
1327 1251 1417 1291 prae
1449 1238 1643 1287 omnibus,

107 1300 179 1341 hoc
204 1307 263 1340 est
285 1309 371 1340 ante
391 1304 630 1355 Lueeset‘um:
665 1305 801 1351 Metal,
837 1303 872 1343 id
895 1310 955 1343 est
975 1308 1102 1356 Atque
1122 1312 1209 1344 ante
1230 1319 1351 1344 rorem
1380 1320 1560 1357 puerum.-
1593 1320 1644 1346 ze-

107 1371 294 1408 ledeeltetlz
317 1368 482 1423 deniqne
505 1370 604 1411 idem
627 1378 686 1411 est
711 1385 770 1421 ae,
806 1374 941 1411 Genm't
959 1380 1006 1411 te.
1071 1371 1125 1414 Ut
1149 1387 1200 1414 ex
1223 1387 1268 1413 eo
1293 1387 1474 1414 sermone
1501 1389 1645 1428 cogno·-

107 1451 194 1478 seas
217 1438 328 1477 deum
352 1438 510 1478 verbum
535 1438 732 1493 hypostasi
758 1439 910 1494 propria
935 1441 1148 1494 praeditum
1171 1456 1190 1481 a
1213 1449 1318 1497 patre
1341 1456 1428 1483 esse
1452 1444 1642 1497 genitum,

108 1507 212 1547 nullo
240 1519 364 1560 neque
387 1506 497 1546 initio
523 1520 648 1561 neque
674 1515 862 1562 tempore,
897 1508 1117 1563 priusquam
1141 1511 1282 1565 aliquid
1309 1511 1409 1550 aliud
1436 1500 1642 1552 existeret.

108 1573 210 1615 Nam
237 1589 312 1615 non
332 1572 505 1615 Luciferi
527 1576 640 1615 modo
660 1576 809 1616 stellam
836 1576 1045 1628 intellexit,
1080 1593 1164 1618 cum
1188 1578 1261 1619 alia
1284 1579 1358 1619 sint
1385 1580 1571 1633 permulta
1593 1580 1645 1620 si-

108 1643 222 1694 dera,
255 1650 343 1698 puta
368 1643 427 1683 sol
458 1649 498 1683 et.
530 1643 644 1696 luna,
678 1658 774 1698 quae
805 1644 866 1685 die
894 1643 965 1685 lV.
997 1646 1150 1687 condita
1182 1655 1294 1696 sunt,
1329 1654 1368 1687 et
1398 1656 1487 1687 ante
1519 1662 1642 1700 mare,

108 1711 291 1762 arbores,
326 1712 550 1765 fructusque
574 1719 799 1767 procreata,
834 1721 988 1767 praeter
1015 1728 1112 1768 quae
1139 1715 1419 1755 firmamentum
1452 1716 1567 1757 etiam
1600 1731 1646 1758 ac

106 1787 210 1820 terra
236 1780 462 1834 coelumque
488 1781 713 1835 productum
740 1789 820 1832 est,
855 1789 894 1822 et
921 1783 1070 1836 angeli,
1105 1784 1166 1837 qui
1200 1798 1286 1824 cnm
1310 1784 1385 1824 illis
1409 1784 1641 1825 extiterunt.

106 1846 196 1888 Nisi
222 1848 322 1888 enim
347 1861 431 1888 cum
454 1849 563 1888 coelo
590 1856 770 1903 terraque
795 1850 915 1890 creati
943 1852 1070 1891 forent
1092 1852 1234 1906 angeli,
1269 1867 1345 1893 non
1368 1853 1536 1894 dixisset
1557 1852 1641 1904 lob,

109 1919 198 1957 Cum
220 1918 334 1970 sacta
363 1925 451 1956 sunt
479 1919 626 1965 sidera,
670 1920 919 1958 laudaverunt
949 1934 1005 1958 me
1036 1935 1159 1959 omnes
1188 1923 1320 1973 angeli
1345 1925 1418 1961 mei
1443 1937 1530 1962 voce
1557 1937 1640 1962 sua.
1664 1930 1724 1959 tob⁴
1742 1931 1786 1968 33,
1804 1932 1830 1959 τ.

108 1983 244 2039 Itaque
270 1998 389 2025 voces
420 1985 530 2036 illae,
564 1990 666 2025 Ante
689 1988 926 2039 Lueeserum,
961 1988 1061 2028 idem
1092 1989 1312 2042 significant
1340 2004 1385 2031 ac
1414 1990 1447 2030 si
1480 1991 1641 2041 diceret,

106 2054 325 2109 priusquam
353 2061 458 2094 esset
480 2055 788 2108 condereturque
814 2056 1020 2110 quidpiam.
1083 2055 1255 2098 Verbum
1289 2060 1389 2099 enim
1421 2073 1505 2099 cum
1537 2067 1645 2114 patre

106 2136 262 2177 semper
283 2121 428 2162 extitit.
484 2121 587 2163 Nam
606 2138 678 2175 pet·
701 2127 817 2175 §nsum
839 2127 960 2164 omnia
972 2126 1085 2178 facta
1109 2134 1210 2174 smel,
1245 2135 1283 2166 et
1301 2131 1382 2167 sine
1403 2131 1482 2180 ipso
1499 2130 1641 2180 saelum
1659 2136 1833 2173 toann.1,3.

105 2198 162 2230 est
189 2193 298 2230 nihil.

218 2257 373 2299 Etenim
397 2259 499 2300 dicat
520 2259 656 2313 aliquis
680 2259 839 2314 angelos
862 2268 951 2302 ante
974 2261 1102 2303 sidera
1130 2277 1216 2304 esse
1239 2265 1480 2304 monstrasti.
1528 2263 1641 2318 Quod
1669 2264 1746 2308 Cap.
1771 2265 1809 2298 V·

107 2335 233 2368 autem
257 2327 371 2368 simul
393 2342 477 2368 cum
504 2328 613 2368 coelo
635 2334 814 2382 terraque
836 2331 1045 2384 productos
1068 2345 1154 2372 esse
1177 2332 1327 2383 dixisti,
1361 2334 1456 2372 cedo
1478 2347 1643 2386 quanam

106 2396 142 2436 id
165 2396 316 2436 ratione
341 2396 627 2452 comprobasti?
674 2394 819 2437 Nonne
841 2404 930 2439 ante
954 2399 1104 2439 coelum
1130 2414 1174 2441 ac
1203 2408 1342 2440 terram
1370 2401 1527 2441 omnino
1556 2416 1643 2456 pro-

107 2464 285 2504 dierunt?
327 2479 514 2519 nusquam
542 2465 642 2505 enim
673 2472 803 2519 aperte
832 2466 1023 2522 scriptura
1053 2475 1202 2523 tempus
1225 2469 1443 2523 expressit,
1478 2484 1551 2523 quo
1575 2485 1643 2510 an-

106 2532 182 2587 geli
216 2533 408 2587 procreati
438 2541 542 2573 sunt.
607 2534 666 2573 Ac
700 2542 738 2574 tu
768 2534 919 2588 quidem
948 2536 1100 2591 priores
1126 2538 1211 2577 illos
1237 2537 1429 2577 sideribus
1462 2537 1642 2579 extitisse

107 2614 183 2640 non
208 2601 304 2641 male
330 2602 628 2642 demonstrasti:
663 2601 805 2656 alioqui
828 2603 929 2643 enim
952 2606 1144 2658 quomodo
1170 2606 1281 2645 deum
1305 2604 1352 2644 ob
1378 2605 1561 2647 fabricata
1591 2607 1643 2648 si-

107 2668 200 2710 dera
234 2670 527 2724 praedicarent?
584 2669 672 2711 Nos
705 2678 831 2711 autem
859 2672 1045 2727 cuiusque
1074 2672 1313 2728 quaestionis
1349 2672 1641 2715 dissolutionem

107 2750 181 2777 non
209 2751 261 2778 ex
286 2737 441 2792 ingenio
471 2745 630 2789 nostro,
665 2739 732 2779 sed
760 2753 809 2779 ex
843 2740 1120 2795 scripturarum
1150 2741 1252 2782 serie
1285 2755 1330 2781 ae
1361 2744 1639 2797 consequentia

107 2805 248 2846 all'erre
272 2820 492 2861 possumus.
543 2807 663 2861 Atqui
685 2807 776 2848 illud
799 2808 1002 2850 evidenter
1027 2809 1180 2850 divinus
1203 2823 1333 2850 sermo
1355 2811 1539 2862 declarat,
1574 2825 1640 2852 ne-

108 2886 181 2926 que
217 2880 304 2929 post
332 2875 460 2916 sidera
491 2877 698 2931 productos
729 2877 914 2931 angelos,
956 2891 1081 2931 neque
1116 2885 1204 2918 ante
1239 2878 1388 2919 eoelum
1420 2887 1640 2934 terramque

106 2976 299 3016 concedendi,
323 2982 377 3009 aut
396 2981 561 3018 transpone
582 2977 639 3012 καὶ
658 2979 770 3018 καλῶς
792 2977 849 3021 μὲν
897 2978 1069 3011 ostendisti
1090 2979 1179 3022 ipsos
1204 2979 1303 3012 Fuisse
1324 2987 1402 3014 ante
1424 2982 1552 3025 sydera.

107 3014 169 3052 ὅτι.
218 3022 386 3054 Carnarius
410 3026 517 3064 vertit,
550 3025 589 3055 Et
612 3024 695 3056 bene
721 3025 851 3067 quidem

1269 3085 1366 3126 25*
