2066 3319
602 223 782 254 PANAau
806 222 888 256 ΜΒ.
912 225 952 256 11.
976 224 1083 257 TOM.
1105 227 1129 258 1.
1155 226 1286 259 HAER.
1310 227 1363 258 ιι.
1707 220 1758 261 85

172 342 179 346 ,
213 301 419 341 audierunt
439 301 561 352 illum,
597 309 636 342 et
657 302 780 342 secuti
807 310 912 343 sunt.
966 302 1104 344 Statim
1134 306 1234 346 enim
1258 313 1344 361 post
1366 306 1536 358 biduum,
1564 322 1639 362 quo
1660 309 1758 364 apud

212 368 318 409 illum
340 370 402 409 isti
427 370 655 410 commorati
680 377 784 420 sunt,
813 370 983 422 subiicit,
1017 375 1070 411 Et
1087 375 1182 412 abiit
1200 377 1238 413 in
1262 377 1479 424 Galilaeam,
1514 385 1553 416 el
1570 380 1962 417 ιἠινθηιὶνιεῑωιηη.ι.43.

210 440 422 491 Philippum
444 441 563 486 a'ioez't,
598 442 764 492 Sequere
785 454 862 478 me:
897 440 1058 492 deinde,
1097 445 1220 480 Terlia
1250 445 1309 480 die
1338 447 1490 494 napliae
1515 446 1642 496 saclae
1671 454 1920 490 suntiounna,
1939 457 1960 483 1.

211 509 248 546 itz
275 509 376 546 Cana
404 509 606 546 Galilaeae.
671 506 870 562 Siquidem
902 523 970 563 par
992 516 1077 549 erat
1098 509 1227 559 illum,
1263 524 1346 549 cum
1375 511 1616 563 discederet,
1652 529 1755 554 com-

210 575 443 629 modumque
467 576 620 630 nuptiae
647 576 957 627 celebrarentur,
991 577 1151 617 honoris
1177 592 1311 618 caussa
1335 579 1378 617 ad
1405 581 1558 620 easdem
1579 582 1753 635 invitari,

210 643 264 683 uti
287 644 429 698 nuptiis
456 643 721 684 benediceret.
777 642 911 697 Quare
933 644 986 685 ita
1010 645 1167 685 scribit:
1201 648 1366 698 Nuptiae
1379 649 1514 699 saetae
1534 659 1623 689 san!
1644 655 1754 690 tertia

208 713 268 750 die
292 714 330 750 in
359 714 461 751 Cana
486 715 699 752 Galilaeae:
733 721 772 751 et
801 721 885 751 eral
910 721 1029 752 mater
1050 717 1135 752 lesa
1165 715 1229 752 ibi.
1296 718 1455 753 l'oeatas
1485 725 1543 755 est
1568 727 1689 757 aulem.
1719 728 1758 758 et

208 783 333 828 Iesus,
369 788 406 819 et
431 783 610 833 discipali
637 784 716 820 eias
747 784 797 820 acl
826 785 999 833 nuptias.-
1034 783 1227 833 desz'cienle
1257 790 1377 822 aalem
1409 786 1491 823 vino
1517 788 1609 824 dica
1637 796 1755 827 mater

207 851 316 896 Iesu,
355 852 485 888 Vinum
519 864 592 889 non
618 851 775 889 habent:
809 852 903 888 dicit
929 853 967 888 ei
991 853 1118 897 Iesus,
1156 852 1254 900 Quid
1283 853 1377 890 milei
1401 860 1438 890 et
1466 854 1555 901 libi,
1591 858 1755 895 mulier?

206 920 366 957 nondam
396 921 496 957 venit
527 920 620 957 hora
652 932 745 957 mea.
811 915 924 971 Quae
956 925 1034 958 tum
1064 925 1174 972 gesta
1200 926 1312 970 sunt,
1347 934 1432 959 cum
1460 928 1546 974 post
1571 924 1751 963 tentatio-

206 999 318 1037 nem,
351 986 447 1026 mari
473 1000 518 1026 ac
542 984 710 1026 Iordane
740 987 924 1037 traiecto,
959 987 1034 1027 iter
1059 986 1096 1026 in
1131 987 1291 1041 patriam
1320 988 1536 1040 convertit,
1571 988 1752 1032 Nazare-

205 1061 283 1095 tum
308 1054 479 1106 scilicet,
516 1054 578 1095 ubi
602 1055 788 1095 educatus
814 1069 832 1094 a
859 1065 982 1095 matre
1007 1056 1147 1096 fuerat.
1211 1053 1284 1096 Ubi
1312 1070 1395 1096 cum
1419 1056 1576 1098 biduum
1601 1059 1752 1101 haesis-

203 1130 286 1174 set,
330 1123 521 1164 humanae
551 1123 687 1164 salutis
717 1123 845 1163 studio
885 1137 1053 1178 curaque
1085 1137 1297 1164 succensus
1333 1125 1578 1178 praedicandi
1611 1142 1751 1170 munus

204 1191 312 1232 obire
339 1191 481 1247 coepit.
544 1190 710 1232 Biduum
741 1193 859 1246 igitur
884 1192 1022 1232 ibidem
1050 1205 1233 1242 manenS,
1267 1193 1366 1246 quod
1399 1193 1515 1248 longo
1541 1195 1749 1238 intervallo

200 1260 391 1311 redierat,
426 1260 701 1316 discipulorum
727 1261 874 1316 aliquot
898 1275 994 1316 quos
1022 1261 1096 1300 iam
1127 1259 1349 1300 adsciverat
1380 1262 1566 1304 comitatu
1596 1271 1745 1320 septuS,

202 1328 352 1369 duobus
385 1329 448 1384 qui
479 1330 600 1370 secuti
636 1337 748 1370 erant
781 1330 982 1380 remissis,
1025 1329 1154 1369 statim
1185 1328 1223 1368 in
1252 1327 1467 1371 Galilaeam
1499 1333 1748 1387 praedicandi

202 1411 340 1438 caussa
367 1398 564 1452 profectus
594 1406 669 1450 est,
703 1399 816 1439 simul
840 1405 880 1438 ut
904 1397 1116 1453 prodigium
1141 1397 1230 1438 illud
1258 1398 1392 1438 ederet
1415 1401 1514 1454 quod
1537 1403 1575 1441 in
1602 1404 1745 1458 nuptiis

201 1465 248 1506 ab
273 1480 319 1506 eo
344 1467 484 1506 factum
510 1466 689 1521 legimus.
734 1466 833 1508 Vide
856 1473 996 1521 quanta
1019 1480 1103 1505 cum
1127 1465 1476 1522 circumspectione
1497 1469 1597 1511 istud
1620 1471 1746 1526 ipsum

201 1535 392 1590 scriptura
427 1535 710 1586 declaraverit,
754 1534 1074 1589 quemadmodum
1109 1532 1276 1575 loannes
1314 1543 1494 1590 tanquam
1529 1539 1630 1578 sacto
1668 1540 1744 1580 iam

198 1617 380 1644 sermone
417 1611 582 1644 testetur
616 1604 672 1644 his
705 1603 859 1644 verbis:
893 1606 949 1642 Et
969 1617 1037 1654 ego
1061 1604 1266 1643 nesciebam
1295 1607 1420 1653 illam,
1455 1610 1522 1646 sed
1549 1610 1617 1659 qai
1643 1612 1948 1655 ankil10ann.1,33.

197 1687 253 1712 me
277 1673 472 1725 baptizare
491 1676 590 1712 dztrit
612 1675 721 1719 nn‘ln',
758 1675 881 1724 Super
907 1686 1012 1723 qaem
1035 1674 1172 1711 veaerzls
1195 1676 1367 1724 spu-[lam
1391 1677 1428 1714 ia
1453 1679 1575 1727 speeie
1605 1679 1744 1717 volam-

199 1743 266 1781 bae
288 1744 578 1789 descendentem,
614 1744 674 1780 hie
695 1749 762 1779 est.
827 1738 1013 1780 loannem
1037 1739 1174 1795 quippe
1198 1740 1418 1796 baptizandi
1441 1744 1565 1797 gratia
1585 1745 1742 1787 mittens

198 1817 310 1866 pater
335 1810 406 1851 hoc
428 1811 463 1850 ei
487 1811 638 1865 signum
662 1808 915 1864 praebuerat,
950 1821 1000 1848 ex
1025 1823 1100 1862 quo
1123 1809 1358 1851 salvatorem
1386 1811 1491 1852 illum
1524 1813 1571 1853 de
1602 1813 1742 1856 animis

197 1879 343 1919 nostris
368 1879 510 1934 optime
533 1878 711 1919 meritum
739 1884 997 1931 agnosceret,
1032 1877 1094 1931 qui
1118 1877 1164 1917 de
1189 1879 1299 1919 coelo
1325 1879 1467 1921 missus
1493 1881 1531 1921 in
1556 1881 1658 1923 hunc
1679 1897 1742 1923 or-

196 1947 283 1988 bem
305 1948 494 1988 venisset.
558 1945 822 2000 Quamobrem
851 1959 903 1985 ex
934 1945 1153 1987 istiusmodi
1176 1947 1343 1988 veritate
1367 1949 1646 2004 scripturarum
1679 1965 1742 1992 ac-

196 2023 404 2071 curataque
427 2016 578 2057 ratione
603 2015 638 2055 id
660 2028 784 2069 genus
811 2013 987 2054 homines
1018 2015 1199 2069 redargui
1226 2025 1404 2070 possunt,
1438 2032 1482 2058 ac
1510 2020 1740 2073 praesertim

173 2095 248 2125 'ex
279 2083 336 2125 lV
374 2083 700 2139 evangelistarum
737 2096 948 2123 consensu.
1019 2081 1150 2123 Nemo
1186 2084 1311 2135 enim,
1355 2085 1418 2139 qui
1447 2087 1600 2140 quidem
1632 2096 1738 2129 recte

194 2153 357 2203 sentiat,
391 2152 599 2193 reiicienda
624 2152 689 2192 illa
715 2151 787 2192 sibi
823 2151 1070 2206 persuadebit
1098 2166 1196 2206 quae
1222 2167 1244 2193 a
1273 2153 1409 2208 spiritu
1440 2162 1576 2195 sancto
1607 2155 1645 2196 in
1677 2171 1737 2197 sa-

194 2236 347 2262 crorum
379 2221 595 2275 evangeliis
628 2221 881 2261 exactissime
912 2227 1002 2260 sunt
1032 2227 1204 2275 peracta.

306 2287 491 2331 Ceterum
527 2303 576 2331 ex
614 2290 690 2330 alio
728 2298 930 2344 praeterea
965 2290 1088 2344 capite
1123 2296 1298 2331 sanctum
1327 2292 1632 2345 evangelistam,
1676 2294 1735 2334 vel

190 2359 311 2414 ipsius
334 2359 460 2414 potius
483 2358 746 2411 evangelium,
781 2365 982 2409 accusant,
1018 2358 1216 2413 quoniam,
1247 2359 1440 2414 inquiunt,
1470 2358 1638 2401 loannes
1661 2362 1735 2402 duo

190 2427 237 2468 ab
262 2425 422 2469 Christo
446 2428 642 2469 celebrata
662 2424 856 2467 paschata
881 2434 1174 2478 commemorat,
1210 2442 1294 2468 cum
1323 2427 1435 2468 unius
1459 2429 1650 2470 duntaxat
1672 2445 1735 2472 ce-

190 2496 264 2537 teri
288 2497 522 2537 mentionem
549 2496 727 2536 fecerint.
789 2494 877 2536 Nec
902 2495 993 2536 illud
1025 2495 1257 2551 ineptissimi
1284 2497 1459 2538 homines
1490 2498 1735 2540 animadver-

190 2572 297 2616 tunt,
339 2580 415 2606 non
449 2566 523 2606 duo
554 2565 678 2606 solum
713 2565 751 2605 in
785 2565 1000 2619 evangeliis
1028 2563 1216 2605 Paschata
1249 2565 1544 2619 comprehendi,
1587 2569 1653 2608 sed
1687 2570 1734 2609 ad

190 2635 319 2690 priora
355 2634 419 2675 illa
454 2634 528 2674 duo
562 2634 718 2674 tertium
754 2634 965 2683 accedere,
1008 2634 1045 2674 in
1083 2649 1157 2689 quo
1191 2634 1365 2674 salvator
1395 2642 1456 2675 est
1490 2651 1649 2693 passus,
1695 2645 1734 2677 ut

191 2703 348 2743 omnino
378 2703 451 2743 tria
476 2703 554 2744 sint
588 2701 658 2742 toti
685 2702 737 2742 illi
769 2702 1070 2757 praedicationis
1102 2703 1264 2757 tempori
1296 2703 1513 2745 tribuenda.
1575 2704 1732 2746 Etenim

188 2772 317 2812 statim
345 2779 386 2812 ut
418 2786 438 2812 a
466 2769 631 2812 Iordane
665 2771 864 2825 digressus
898 2778 978 2821 est,
1013 2774 1130 2819 Erat,
1168 2779 1207 2811 ut
1239 2786 1259 2811 a
1292 2770 1402 2812 Luca
1436 2773 1620 2829 scriptum
1653 2783 1728 2826 est,

1775 2293 1855 2335 Cap.

1760 2339 1874 2370 XXll.

188 2843 292 2880 lesus
315 2844 493 2893 zbzeepz'ens
515 2855 593 2880 esse
613 2843 726 2893 quasi
743 2855 924 2880 annorum
943 2843 1078 2887 XXX,
1101 2842 1229 2891 filias,
1271 2848 1312 2878 a!
1327 2843 1548 2892 palabatur,
1579 2847 1724 2896 Ioseph,
1749 2854 1821 2882 Luc.
1837 2857 1863 2887 3,
1878 2855 1920 2883 23.

188 2911 351 2962 qaisait
364 2912 442 2957 Eli,
477 2917 548 2949 ete.
604 2909 722 2950 Anno
745 2909 882 2965 quippe
904 2908 1075 2962 Augusti
1101 2907 1350 2962 lmperatoris
1371 2907 1509 2953 XLll.
1535 2920 1647 2954 natus
1669 2920 1729 2954 est

236 3055 313 3087 Cn.
344 3057 457 3090 XXII.
492 3076 536 3083 -
594 3058 623 3090 1.
658 3057 763 3102 φησὶν
799 3060 929 3099 vulyata
953 3059 1108 3097 scriptura
1131 3060 1184 3089 est.
