2030 3324
112 573 200 614 Κῑφ-
228 568 288 613 ξγ’-

146 1121 213 1151 pag.
232 1114 290 1142 783.

298 202 378 243 696
861 204 1026 237 SANCTI
1048 205 1277 237 EPIPHANH

300 292 398 342 ἔχειν
422 286 489 328 τᾶν
513 286 660 326 ἑαυτῶν
685 287 778 325 νοῦν
801 282 1037 336 ἐρρωμένον,
1065 280 1174 330 ὅπως
1193 280 1261 323 τόν
1284 283 1352 336 μὲν
1374 280 1486 336 ήμῶν
1510 280 1703 334 δεσπότην
1726 278 1841 330 δοξά-

481 353 601 406 ιιηδὲν
624 352 666 393 δέ
689 369 724 392 τι
752 348 1021 403 ἠλαττωμένον
1045 350 1085 390 ἐν
1109 348 1216 406 αὐτῷ
1239 352 1526 403 διανοηθῶμεν.
1578 351 1633 391 Εἰ
1652 347 1726 404 γάρ
1749 347 1772 390 ὅ
1793 347 1842 390 τὰ

299 371 448 407 σωμεν,

300 422 428 464 πάντα
449 421 577 463 ἐλθών
599 424 718 461 σῶσαι
744 420 818 471 ἔχει
841 415 1106 470 ἐλαττώματός
1129 434 1164 458 τι
1185 418 1226 458 ἐν
1262 417 1402 475 7αὗτῷ
1415 452 1424 469 ,
1465 423 1549 467 πῶς
1570 415 1792 471 σωθήσεται
1815 413 1842 469 ἦ

301 494 424 539 κτίσις
451 487 529 530 vind
559 493 637 529 τῶν
668 489 779 528 ἰδίων
811 484 1106 538 ἐλαττωμάτων,

408 556 536 598 Πάλιν
559 557 599 597 δὲ
620 551 953 607 ἐπιλαμβάνονται
977 552 1103 608 ὥςπερ
1128 552 1321 595 ἀντίδικοι
1346 554 1428 605 (καὶ
1452 553 1525 609 γάρ
1547 555 1618 596 εἰσι
1639 551 1844 609 Ἰουδαϊκῷ

303 624 527 681 φρονήματι
550 626 776 679 ἐγκείμενοι,
801 623 867 663 καὶ
891 621 1011 674 μηδὲν
1035 623 1192 662 ἐκείνων
1213 621 1512 672 διαλλάττοντες,
1544 620 1645 673 πλὴν
1665 625 1736 661 τοῦ
1756 618 1843 662 ὀνό-

304 711 426 748 ματος
449 691 606 746 μόνον),
639 693 680 732 οἱ
701 689 818 731 πάλιν
836 687 931 742 ἡμῖν
956 687 1191 739 ἐπιφύοντες
1210 690 1292 730 νέοι
1310 689 1523 739 Ἰουδαῖοι,
1554 693 1755 742 ζητοῦντες
1776 705 1845 729 κα-

303 760 349 803 τὰ
373 765 445 802 τοῦ
473 765 648 813 σωτῆρος
670 760 788 808 λέξεις
809 756 936 806 τινὰς,
968 756 1078 805 ὅπως
1099 755 1389 812 παγιδεύσωσιν
1413 755 1534 798 αὐτὸν
1557 758 1597 798 ἐν
1619 756 1743 814 λόγῳ,
1774 773 1844 796 κα-

303 828 392 877 θώς
413 831 490 881 ἔφη
515 827 557 869 τὸ
584 826 696 882 ἅγιον
722 825 966 880 εὐαγγέλιον,
997 827 1064 865 καί
1087 839 1204 876 φασι,
1226 824 1384 879 ’Έλεγεν
1406 826 1519 882 ἐντῷ
1545 829 1719 881 σταυρῷ,
1748 822 1845 874 Ἠλὶ,

306 897 391 951 ήλὶ,
441 900 570 949 1λημόι
593 894 840 948 σαβαχθανὶ,
870 893 1044 934 τουτέστι
1070 894 1141 934 Θεέ
1162 910 1260 945 μου,
1292 893 1364 933 θεέ
1386 910 1484 946 μου,
1516 894 1581 933 ἵνα
1605 895 1642 933 τί
1666 908 1710 945 με
1736 893 1847 947 ἐγκα-

305 968 472 1015 τέλιπεςς
514 965 581 1005 καὶ
605 961 725 1020 ὁρᾷς,
757 963 898 1014 φασὶν,
931 963 1095 1015 οἰκτρῶς
1129 959 1251 1002 αὐτὸν
1273 964 1579 1015 παρακαλοῦντα
1605 961 1670 1001 καὶ
1699 957 1848 1000 ἀποδυ-

307 1033 495 1089 ρόμενον,
526 1033 593 1072 καὶ
616 1032 794 1086 λέγοντα,
824 1029 912 1071 Ἵνα
936 1031 972 1070 τί
994 1045 1039 1081 με
1063 1029 1327 1083 ἐγκατέλιπες,
1370 1030 1433 1070 καὶ
1459 1027 1532 1070 οὐκ
1554 1030 1682 1070 ἴσασιν
1705 1029 1746 1069 οἱ
1768 1025 1849 1069 o'md

310 1107 380 1144 τοῦ
402 1102 638 1154 δηλητηρίου
663 1097 804 1140 τούτου
839 1102 907 1150 τῆς
929 1101 998 1138 τοῦ
1027 1094 1177 1151 Ἀρείου
1209 1100 1382 1150 2μανίας
1405 1099 1743 1152 καρηβαροῦντες,
1783 1097 1850 1138 καὶ

309 1175 358 1228 τῇ
383 1172 537 1226 διανοίᾳ
561 1172 632 1221 τῆς
665 1172 734 1208 τοῦ
768 1170 868 1207 θεοῦ
904 1164 1081 1220 γνώσεως
1111 1164 1351 1218 λειπόμενοι,
1393 1164 1452 1206 ὅτι
1480 1167 1542 1206 δεῖ
1560 1163 1606 1205 τοὶ
1637 1162 1850 1219 α’νθρωπο-

308 1242 424 1291 παθῆ
448 1234 578 1279 πάντα
605 1237 646 1277 ἐν
669 1240 722 1292 τῷ
743 1237 867 1290 κυρίῳ
895 1231 1173 1286 ὁμολογεῖσθαι
1198 1234 1238 1274 ἐν
1265 1238 1313 1290 τῇ
1334 1232 1508 1288 ε’νσάρκῳ
1533 1232 1657 1274 αὐτοῦ
1680 1230 1851 1290 ἀληθινῇ

310 1308 519 1362 παρουσίᾳ.
583 1304 663 1343 Καὶ
688 1306 845 1356 πρῶτον
868 1300 937 1352 μὲν
969 1298 1015 1340 τά
1040 1301 1130 1354 περὶ
1158 1298 1280 1341 αὐτοῦ
1313 1299 1366 1348 ὥς
1391 1305 1633 1355 φρονοῦσιν,
1673 1298 1751 1342 obv&
1776 1301 1852 1342 ἕτέ-

310 1392 390 1429 ρων
413 1375 467 1421 εἰς
490 1373 599 1426 ἕτερα
629 1371 928 1423 μεταπηδῶντες
957 1367 1307 1419 ἐπιλανθάνονται,
1350 1371 1443 1421 μίαν
1475 1367 1528 1421 μὴ
1559 1370 1710 1422 ἔχοντες
1734 1367 1852 1410 κατά-

310 1456 454 1484 στασιν.
517 1443 615 1487 Πῶς
633 1436 706 1493 γὰρ
731 1436 915 1478 δύνανται
936 1438 976 1478 οἱ
993 1441 1038 1494 τῇ
1060 1439 1215 1493 διανοίᾳ
1239 1435 1292 1489 μή
1314 1441 1634 1491 σωφρονοῦντες,
1665 1437 1760 1478 ποτὲ
1783 1437 1854 1490 μὲν

307 1508 380 1565 γὰρ
403 1509 526 1563 λέγειν
547 1511 703 1561 σωτῆρα
724 1504 932 1559 βούλονται
954 1503 1076 1546 αὐτὸν
1105 1505 1171 1546 καὶ
1198 1503 1335 1559 κύριον
1357 1505 1425 1545 καὶ
1449 1503 1641 1559 Χριστόν,
1680 1506 1747 1546 καὶ
1772 1503 1851 1560 πρὸ

309 1576 470 1618 πάντων
502 1573 679 1625 αἰώνων,
721 1574 788 1615 καὶ
817 1572 1010 1625 δεσπότην
1039 1571 1229 1628 ἀγγέλων,
1261 1573 1328 1613 καὶ
1353 1569 1619 1627 οἷρχαγγέλων,
1657 1572 1702 1614 δι’
1727 1567 1776 1614 οῦ
1806 1571 1853 1614 τοὶ

311 1645 381 1687 ὅλα
403 1645 622 1699 γεγένηται,
648 1642 784 1696 Ἀρχαί
805 1658 842 1682 τε
866 1642 933 1682 καὶ
949 1639 1165 1692 Ἐξουσίαι,
1199 1639 1350 1696 ἄγγελοί
1375 1657 1413 1682 τε
1434 1642 1498 1682 καὶ
1518 1639 1757 1696 ἅρχοίγγελοι,
1789 1639 1855 1683 οὖ-

312 1714 447 1769 ρανοὶ,
480 1712 546 1753 καὶ
572 1709 620 1751 τοὶ
643 1710 791 1760 πάντα,
823 1714 872 1764 γῆ
893 1725 932 1750 τε
956 1711 1024 1750 καὶ
1048 1708 1190 1758 πάντες
1214 1707 1445 1764 ἅνθρωποι,
1477 1710 1545 1750 καὶ
1568 1708 1697 1750 πάντα
1717 1708 1763 1750 τοὶ
1789 1710 1855 1751 ἐπὶ

312 1786 405 1837 γῆς,
436 1778 617 1821 θάλασσά
643 1795 681 1819 τε
702 1779 768 1819 καὶ
797 1776 843 1818 τοὶ
866 1778 908 1819 ἐν
933 1776 1052 1835 αὐτῇ
1096 1778 1163 1819 καὶ
1193 1772 1224 1819 ὦ
1248 1782 1394 1830 πολλῆς
1419 1776 1671 1830 ἠλιθιότητος
1701 1781 1780 1819 τῶν
1809 1775 1857 1818 τοὶ

313 1853 476 1892 τοιαῦτα
499 1848 587 1902 περὶ
611 1844 734 1888 αὐτοῦ
757 1844 1010 1897 δοξαζόντων,
1043 1847 1109 1887 καὶ
1135 1847 1310 1887 ἐνταῦθα
1332 1844 1386 1898 μὴ
1408 1844 1618 1888 νοούντων·
1633 1844 1692 1887 ὅτι
1715 1845 1763 1887 οὐ
1788 1844 1855 1886 δύ-

314 1935 427 1959 ναται
450 1914 472 1958 ὁ
495 1913 571 1971 πρὸ
598 1919 676 1956 τῶν
701 1912 857 1955 αἰώνων
887 1912 987 1955 κατά
1010 1913 1080 1966 τήν
1112 1912 1236 1955 αὐτοῦ
1256 1913 1449 1967 θεότητα,
1489 1911 1538 1955 δι’
1559 1908 1610 1955 οὗ
1641 1910 1664 1955 ὅ
1689 1911 1857 1968 οὐρανὸς

314 1986 381 2027 καὶ
396 1989 445 2040 γῆ
468 1984 681 2038 γεγένηται,
701 1980 855 2037 ἄγγελοί
871 1998 910 2022 τε
930 1983 997 2023 καὶ
1019 1980 1258 2037 ἄρχαγγελοι,
1277 1983 1344 2024 καὶ
1366 1980 1603 2032 οἷπαξαπλῶς
1615 1979 1662 2022 τοὶ
1681 1980 1855 2035 σύμπαν-

314 2071 383 2104 τα,
414 2050 537 2106 ὁρατά
560 2067 598 2092 τε
618 2052 684 2093 καὶ
711 2049 882 2103 ἀόρατα,
913 2049 1057 2103 ταύτην
1078 2049 1149 2103 τήν
1177 2048 1317 2103 φωνήν
1341 2051 1383 2092 ἐκ
1405 2048 1622 2105 προςώπου
1643 2055 1712 2103 τῆς
1735 2047 1859 2091 αὐτοῦ

315 2120 506 2172 θεότητος
527 2120 669 2174 λέγειν,
705 2119 776 2159 Θεέ
803 2136 900 2171 μου,
933 2118 1001 2159 θεέ
1027 2136 1126 2171 μου,
1156 2121 1222 2159 ἵνα
1243 2121 1280 2159 τί
1305 2135 1350 2171 με
1373 2119 1636 2173 ἐγκατέλιπες,
1666 2116 1761 2159 πότε
1783 2116 1857 2173 γάρ

315 2190 596 2244 ἐγκατελείφθη
619 2185 707 2235 υἵός
734 2185 811 2227 ἀπὸ
837 2185 1003 2241 πατρὸς,
1046 2185 1141 2228 πότε
1163 2187 1205 2227 δὲ
1230 2183 1300 2239 οὐχ
1324 2184 1347 2227 ὁ
1368 2184 1453 2235 υίὸς
1473 2187 1514 2227 ἐν
1535 2191 1589 2243 τῷ
1609 2187 1751 2239 πατρὶ,
1791 2186 1857 2227 καὶ

315 2255 338 2298 ό
364 2254 493 2310 πατὴρ
527 2257 568 2296 ἐν
593 2257 688 2312 υἱῷ,
730 2255 795 2295 ἐπὶ
825 2259 895 2308 γῆς
922 2254 989 2307 μὲν
1018 2253 1091 2309 γοὶρ
1119 2252 1141 2296 ὁ
1164 2253 1251 2303 υἱὸς
1283 2255 1350 2295 καὶ
1383 2251 1405 2295 ὁ
1427 2253 1525 2302 θεός
1548 2253 1662 2309 λόγος
1685 2252 1856 2307 βεβήκει,

316 2323 490 2374 οὐρανοῦ
516 2323 558 2363 δὲ
584 2323 747 2376 ἥπτετο,
779 2323 845 2363 καὶ
877 2321 1021 2371 πάντες
1050 2323 1187 2377 ἐχθροὶ
1216 2324 1454 2376 ἐπληροῦντο
1480 2326 1550 2375 τῆς
1575 2320 1699 2363 αὐτοῦ
1729 2321 1857 2375 δόξης.

317 2393 398 2433 Καὶ
421 2393 461 2433 ἐν
484 2394 627 2448 Μαρίᾳ
653 2389 846 2445 ἐτύγχανε,
878 2391 944 2431 καὶ
969 2389 1186 2445 ἄνθρωπος
1208 2391 1376 2445 ἐγένετο,
1409 2388 1502 2431 ἄλλα
1529 2394 1574 2447 τῇ
1599 2386 1762 2443 δυνάμει
1789 2388 1858 2431 αὗ-

315 2465 388 2501 τοῦ
411 2459 582 2512 ἐπλήρου
610 2457 657 2499 τοὶ
682 2457 900 2512 σύμπαντα.
965 2462 1060 2507 Πῶς
1080 2453 1153 2499 οῦν
1177 2456 1201 2499 ό
1219 2463 1397 2507 τοιοῦτος
1422 2459 1487 2499 καὶ
1513 2463 1739 2511 τηλικοῦτος
1761 2456 1859 2499 κατὰ

316 2527 389 2581 τήν
414 2525 537 2568 αὐτοῦ
557 2525 730 2580 θεότητα
753 2528 918 2581 οἰκτρῶς
941 2527 1088 2581 ἔλεγεν,
1117 2524 1221 2577 Ἠλὶ,
1252 2524 1316 2578 ήλὶ
1347 2530 1480 2579 3λημιῖι
1499 2527 1741 2580 σαβαχθανὶ,
1772 2543 1859 2568 του-

316 2598 418 2638 τέστι
443 2597 515 2638 Θεέ
541 2612 638 2649 μου,
668 2595 738 2635 θεέ
761 2611 860 2648 μου,
891 2596 956 2635 ἵνα
976 2597 1012 2635 τί
1035 2595 1277 2649 ἐγκατέλιπές
1299 2611 1365 2647 με,
1406 2596 1473 2635 καί
1496 2611 1556 2635 τοι
1586 2592 1709 2636 αὐτοῦ
1728 2594 1858 2648 λέγον-

315 2682 403 2714 τος,
449 2664 577 2705 Πάλιν
602 2661 841 2716 α’πέρχομαι,
883 2663 951 2703 καὶ
972 2660 1046 2703 οὔκ
1067 2660 1173 2714 ἅφίω
1198 2659 1301 2714 ὑμᾶς
1326 2661 1553 2716 ὀρφανοὺς,
1594 2660 1670 2703 ἄλλ’
1698 2663 1859 2716 ἔρχομαι

317 2730 417 2785 πρὸς
438 2730 550 2785 ὑμᾶς.
613 2732 693 2772 Καὶ
719 2729 836 2772 πάλιν
861 2731 976 2787 ἑτέρῳ
1003 2728 1111 2787 τόπῳ
1135 2731 1254 2784 λέγει,
1293 2728 1414 2783 Ἀμήν
1442 2731 1540 2785 λέγω
1563 2728 1676 2783 ὑμῖν,
1716 2727 1859 2778 πάντες

360 2867 381 2876 ι-

368 2880 391 2900 ι.
419 2864 510 2911 αὖτῷ
537 2871 625 2901 codd.
649 2879 721 2901 mss.
770 2867 880 2912 ἑαυτῷ
905 2870 988 2900 editi.
1157 2867 1189 2900 2.
1217 2866 1354 2910 μανείας
1377 2869 1466 2899 codd.
1487 2876 1558 2898 mss.
1577 2870 1605 2898 et
1621 2867 1668 2897 ed.
1690 2868 1788 2905 princ.

363 2912 439 2943 CAP.
465 2913 586 2943 LX1H.
613 2933 655 2938 -
706 2915 731 2946 Ι.
758 2914 870 2955 λημᾶς
898 2910 1067 2957 ἅβαχῖᾶανὶ
1157 2912 1185 2945 3.
1213 2913 1325 2955 λημᾶς
1368 2909 1535 2956 ἀβαχῇανὶ
1578 2907 1757 2954 (ἅναχὲανὶ
1789 2913 1857 2944 cod.

318 2955 495 3000 (οἷναχῖῑανὶ
518 2960 582 2989 cod.
598 2959 742 3001 Rhediy.)
758 2961 847 2990 codd.
862 2969 933 2990 mss.
971 2958 1063 3000 λημᾶ
1110 2959 1256 2999 Rhediy.)
1283 2959 1371 2990 codd.
1397 2967 1467 2988 mss.

319 3000 508 3046 σαβαχὲάνι
529 3004 576 3034 ed.
601 3005 708 3035 Petav.
