2066 3319
538 177 715 208 PANAnn
742 177 822 208 [ΑΒ.
844 177 883 208 n.
907 178 1013 209 Tomi.
1034 179 1056 209 1.
1082 178 1209 210 naen.
1229 179 1280 210 Li.
1593 170 1669 210 103

145 257 294 312 nuptias
333 270 417 296 cnm
455 252 565 296 Cana
605 255 822 294 coniunxit.
885 253 992 295 Cana
1031 271 1145 309 porro
1179 261 1422 309 possidentem
1460 258 1667 309 signifieat.

145 324 255 378 Quae
288 331 347 364 est
371 337 464 363 vero
498 324 700 377 possidens
733 323 794 362 illa
830 323 901 362 nisi
942 324 1054 364 lieres
1082 326 1189 365 euius
1218 327 1362 376 psalmo
1391 328 1523 379 quinto
1547 324 1668 366 David

143 392 338 433 meminit:
378 395 451 430 Pro
483 394 720 430 hereditatem
750 397 991 443 capessente?
1052 392 1132 432 {lae
1156 395 1291 447 qnippe
1324 395 1477 448 nuptiae
1507 402 1594 433 sunt
1627 408 1670 434 ac

142 474 278 500 revera
301 459 543 509 benedictae,
577 473 674 512 qnae
699 467 964 513 argumentum
990 473 1038 499 ex
1065 461 1124 500 illa
1152 462 1268 513 ligura
1292 463 1570 514 quodamnodo
1594 469 1670 501 tra-

143 535 299 568 xerunt.
346 526 498 567 Etenim
525 527 560 566 in
586 524 694 567 Cana
718 526 916 568 Galilaeae
938 535 1126 568 externae
1149 536 1233 567 sunt
1259 529 1475 568 celebratae
1499 530 1667 584 nuptiae,

143 596 203 636 ubi
229 596 263 634 in
287 596 417 634 vinum
442 610 538 649 aqua
563 602 621 634 est
644 609 781 635 revera
807 610 1011 636 conversa.
1056 594 1186 648 Quare
1211 596 1357 635 duabus
1378 597 1464 635 milii
1489 599 1533 636 de
1559 612 1669 638 eaus-

139 664 194 704 sis
223 664 376 702 videtur
410 663 594 703 invitatus
630 677 716 703 esse
743 661 939 703 Christus.
1002 662 1170 703 Primum
1208 671 1247 702 nt
1280 678 1400 717 aquae
1432 665 1592 704 similem
1625 680 1669 705 ac

141 732 370 771 diffluentem
398 731 629 771 furiosorum
656 731 847 771 hominum
870 730 906 769 in
929 732 1068 770 mundo
1095 731 1287 770 libidinem
1315 732 1528 786 nuptiarum
1555 734 1670 772 casti-

139 799 267 839 monia
292 806 329 838 et
353 800 555 839 ltonestatc
577 800 877 852 constringeret,
913 805 989 838 tum
1015 805 1054 838 ut
1078 800 1175 852 qnod
1201 800 1335 839 deerat
1355 801 1592 849 emendaret,
1624 815 1667 840 ac

138 867 402 907 iucundissimi
436 867 513 906 viui
550 868 742 907 suavitate
772 866 957 906 mulceret
991 874 1028 905 et
1060 867 1207 920 gratia,
1252 881 1322 907 nec
1360 882 1433 907 nou
1467 874 1505 906 et
1535 881 1666 907 eorum

139 935 348 975 obduraret
374 949 439 975 ora
465 935 526 989 qui
551 936 738 975 adversus
762 935 954 974 dominum
981 935 1199 989 insurgunt,
1234 942 1348 989 atque
1374 943 1413 975 nt
1438 936 1599 975 eundem
1626 950 1667 975 se

138 1018 220 1044 cum
258 1010 386 1058 patre,
431 1010 468 1043 et
501 1004 637 1057 spiritu
667 1010 802 1042 sancto
831 1003 1045 1042 declararet
1074 1017 1160 1043 esse
1198 1004 1331 1053 deum,
1375 1004 1436 1057 qni
1470 1003 1666 1043 humorem

137 1072 204 1112 viti
229 1071 501 1126 suppeditans,
536 1072 572 1111 in
599 1070 678 1110 vini
702 1071 870 1110 colorem
894 1071 940 1110 ad
968 1071 1159 1111 bominum
1186 1071 1419 1126 voluptatem
1442 1071 1668 1111 oblectatio-

137 1154 302 1194 nemqne
326 1146 548 1179 commutat.
593 1137 669 1179 Sed
694 1139 739 1178 de
764 1153 806 1178 ea
832 1152 873 1178 re
898 1139 1019 1178 fusius
1044 1140 1118 1179 alio
1141 1140 1225 1180 loco
1251 1139 1544 1194 disputabimus.
1594 1139 1666 1180 Hic

137 1215 265 1249 autem
293 1208 398 1247 velut
420 1207 546 1247 obiter
569 1206 732 1260 digressi
758 1221 841 1247 eam
872 1207 1086 1247 orationem
1113 1208 1323 1261 attigimus.
1387 1206 1532 1248 Verum
1565 1208 1666 1248 enim

137 1291 232 1317 vero
262 1283 348 1331 post
378 1274 675 1331 praedicationis
703 1276 906 1316 exordium
932 1276 1006 1316 duo
1030 1291 1050 1315 a
1075 1273 1232 1316 Christo
1259 1276 1451 1317 celebrata
1481 1284 1570 1317 sunt
1593 1274 1667 1317 Pa-

136 1345 290 1395 sebata3
325 1345 439 1384 tertio
473 1351 533 1384 est
558 1344 694 1384 deinde
729 1358 888 1397 passus,
922 1351 964 1385 ut
992 1346 1170 1385 confecta
1194 1344 1322 1385 omnia
1353 1345 1415 1385 illa
1445 1345 1521 1385 siut
1553 1359 1573 1385 a
1606 1359 1665 1385 me

137 1420 437 1454 commemorata
466 1413 635 1462 dierum,
670 1413 858 1453 mensium
888 1427 932 1453 ac
961 1413 1225 1453 consulatuum
1257 1413 1473 1453 intervalla.
1535 1413 1665 1467 Atque

136 1481 188 1522 ita
219 1481 312 1521 falsa
336 1481 461 1521 omnis
485 1481 645 1521 istorum
669 1482 870 1522 evanescit
889 1482 1004 1533 ratio,
1040 1496 1122 1521 cum
1150 1481 1206 1521 sie
1228 1482 1330 1521 inter
1352 1495 1439 1522 sese
1463 1482 1665 1535 evangelia

135 1549 401 1600 consentiant,
435 1549 577 1589 nullum
610 1557 651 1589 ut
681 1549 728 1589 ab
759 1550 883 1590 altero
915 1550 1136 1604 discrepare
1167 1550 1360 1590 videatur.

248 1615 325 1657 Sed
358 1624 398 1657 ut.
427 1630 473 1657 eo
509 1618 581 1657 iam
613 1618 766 1657 redeam
796 1618 894 1657 unde
922 1617 1120 1671 digressus
1150 1619 1321 1667 fueram,
1355 1618 1490 1658 scribit
1514 1617 1660 1669 Lucas,
1687 1615 1806 1692 XQQ

135 1686 170 1726 id
196 1687 294 1740 quod
320 1686 365 1725 ad
394 1699 438 1725 ea
468 1686 727 1725 confirmanda
752 1686 854 1726 valet
885 1700 982 1740 quae
1007 1693 1093 1726 suut
1121 1700 1141 1726 a
1169 1701 1227 1726 me
1251 1687 1360 1727 varie
1387 1687 1663 1741 multiplieiter·
1724 1686 1735 1692 ⁴
1765 1687 1770 1691 ’
1814 1686 1822 1693 ’

133 1767 205 1809 que
232 1752 450 1808 proposita,
485 1755 625 1793 factum
655 1767 740 1794 esse
769 1755 805 1794 in
834 1754 994 1794 sabbato
1018 1755 1187 1794 secundo
1219 1756 1356 1809 primo.
1420 1754 1552 1809 Quare
1584 1770 1662 1795 vox
1682 1761 1752 1788 Luc.
1772 1762 1798 1794 6,
1814 1762 1837 1788 1-

133 1822 278 1863 iudicat
304 1820 464 1876 primum
491 1836 578 1862 esse
608 1822 807 1862 sabbatum
834 1822 923 1862 illud
957 1824 1055 1877 quod
1084 1823 1191 1863 initio
1224 1824 1489 1878 praestitutum
1523 1825 1662 1874 suerat,

134 1891 178 1930 de
202 1905 275 1944 quo
300 1890 335 1929 iu
362 1890 489 1930 mundi
517 1890 668 1945 opificio
695 1891 843 1931 locutus
868 1898 926 1931 est
955 1891 1154 1942 dominns,
1188 1893 1364 1946 quodque
1390 1906 1442 1932 ex
1474 1892 1537 1932 illo
1570 1899 1664 1932 tem-

133 1973 226 2015 pore
259 1958 441 2013 deinceps
468 1959 513 1998 ad
544 1973 628 1999 eam
657 1959 754 1999 diem
789 1966 1037 2014 septenorum
1065 1960 1210 2000 dierum
1244 1960 1407 2001 circuitu
1436 1975 1480 2001 ac
1511 1960 1664 2001 revolu-

135 2027 238 2067 tione
277 2036 532 2082 pervenerat:
580 2028 788 2068 secundum
823 2042 917 2068 vero
954 2028 1116 2068 alterum
1152 2028 1242 2068 illud
1277 2029 1363 2082 lege
1395 2029 1661 2069 constitutum.

134 2094 193 2136 lta
215 2095 314 2136 enim
337 2097 525 2138 sancitum
552 2096 671 2137 fuisse
697 2096 881 2150 legimus:
916 2099 1046 2136 Sumes
1070 2098 1140 2135 tibi
1161 2112 1298 2148 agmon
1326 2100 1560 2144 1112722e11l1un,
1596 2101 1662 2136 ιἰη-
1682 2109 1771 2137 Exod.
1786 2110 1826 2143 12,
1837 2111 1862 2137 5.

132 2167 375 2213 maculatum,
411 2167 612 2204 masculum
645 2170 757 2219 (quae
782 2166 899 2218 ligura
924 2164 1131 2206 salvatoris
1157 2165 1256 2214 tuit),
1290 2180 1312 2204 a
1341 2168 1480 2205 (leelina
1503 2169 1659 2205 mensz‘s:

132 2242 171 2273 et
196 2235 407 2273 servabz’lztr
429 2236 478 2272 ad
497 2236 620 2281 A'llst,
655 2241 693 2272 et
710 2235 944 2272 immolabit&
973 2249 1052 2272 eum
1077 2237 1127 2272 ael
1150 2249 1334 2286 vesperam
1352 2237 1455 2273 A'JV.
1519 2237 1572 2272 Et
1590 2238 1663 2273 erit

134 2303 204 2341 tibi
221 2303 412 2341 sabbatum
440 2305 518 2341 dies
543 2310 687 2341 sancta.
752 2304 805 2340 Et
834 2305 1027 2341 comedetis
1059 2317 1191 2353 azyma
1219 2306 1292 2342 VII
1320 2304 1466 2341 diebus.-
1509 2310 1547 2341 et
1574 2305 1656 2341 VII.

132 2374 191 2410 die
208 2372 328 2424 facies
347 2379 514 2410 sanctum
536 2372 748 2418 sabbatum,
782 2373 874 2410 diem
896 2379 1078 2410 sanctam.
1142 2369 1215 2412 Ubi
1238 2371 1327 2410 illud
1352 2370 1659 2411 animadvertere

131 2439 244 2489 licet,
279 2440 596 2493 quemadmodum
625 2439 834 2479 secuudum
862 2454 882 2479 a
910 2439 1037 2494 priore
1061 2439 1260 2479 sabbatum
1291 2446 1423 2479 sancta
1456 2439 1517 2478 illa
1550 2453 1660 2494 para-

132 2522 249 2548 sceue
279 2508 521 2558 nominetur,
557 2521 653 2561 quae
684 2507 721 2547 in
754 2507 952 2548 sabbatum
979 2515 1253 2557 consecratur,
1288 2522 1330 2547 ac
1359 2508 1442 2547 sive
1469 2522 1514 2547 ea
1541 2508 1661 2547 domi-

132 2575 218 2617 nica
249 2577 320 2626 sit,
354 2576 438 2617 sive
467 2577 662 2627 secunda,
695 2576 778 2616 sive
804 2577 917 2617 tertia
946 2577 1054 2617 feria.
1117 2577 1172 2617 At
1200 2576 1269 2616 boe
1296 2576 1417 2630 ipsum
1450 2577 1657 2617 secundum

131 2652 278 2699 septem
312 2645 457 2685 dierum
491 2645 584 2685 orbe
618 2645 794 2685 revoluto
830 2645 990 2700 primum
1025 2645 1176 2685 dicitur.
1239 2642 1291 2685 Ut
1322 2644 1383 2683 vel
1414 2644 1513 2685 istud
1545 2660 1659 2699 argn-

133 2720 262 2753 mento
287 2713 338 2753 sit
362 2727 436 2753 non
464 2711 644 2753 loannem
670 2714 806 2763 modo,
841 2715 907 2754 sed
938 2721 977 2754 et
1000 2712 1146 2754 Lucam
1173 2720 1208 2752 et
1235 2719 1388 2752 ceteros
1418 2713 1562 2753 biennii
1595 2729 1658 2768 pa-

133 2781 227 2821 riter
247 2796 292 2822 ac
314 2781 425 2822 trium
450 2780 651 2822 Pascliatis
678 2783 942 2823 celebritatum
967 2785 1199 2823 mentionem
1226 2782 1370 2822 facere.
1432 2780 1490 2822 lta
1522 2782 1657 2838 quippe

180 2906 255 2938 Cn.
279 2907 414 2939 XXXI.
448 2926 490 2932 -
544 2910 569 2939 t.
601 2907 772 2950 πραφῆτευ
806 2911 872 2941 cod.
919 2918 999 2948 gero.
1048 2909 1191 2938 petat-ius
1219 2909 1312 2938 rerba
1343 2909 1402 2941 τοῦ
1425 2906 1656 2954 τῖ’-οσαββάτευ

136 2952 233 2983 Venet.
292 2951 456 2996 προβάτευ
480 2955 589 2994 scripsi
625 2952 873 2998 (προσαββάτου
919 2955 1047 2985 delenda
1073 2962 1133 2983 esse
1156 2955 1280 2984 censuit.

133 2997 201 3027 libri
224 2999 313 3037 vulgo
334 3001 478 3042 retinent)
510 3004 674 3039 praeeunte
694 3002 750 3033 los.
771 3002 872 3032 Scati-
