2066 3319
503 177 685 209 PANARH
711 177 856 209 1218,st
881 178 987 210 ΤΟΜ.
1009 180 1033 210 Ι.
1056 179 1189 211 ΗΑΕΒ.
1211 179 1302 210 th.
1600 171 1677 209 175

134 255 204 295 fuit
225 269 323 309 quae
347 268 431 295 eam
456 256 670 296 antecessit
698 270 808 309 quam
834 255 1074 298 Maximinus
1100 259 1308 309 excitavit,
1342 272 1440 312 quae
1465 257 1602 310 Decii,
1637 265 1678 297 ut

135 323 298 377 opinor,
333 330 399 363 aut
419 323 625 364 Aureliani
654 324 739 364 suit.
803 324 1066 378 Quamobrem
1089 335 1246 381 propter
1269 341 1337 367 eos
1361 328 1422 381 qui
1445 327 1482 367 in
1505 327 1566 367 illa
1590 340 1676 381 per-

132 391 334 432 secutione
360 392 455 446 lapsi
484 394 636 432 fuerant
658 407 742 432 cum
773 394 997 447 arrogantia
1023 409 1098 435 una
1125 410 1209 435 cnm
1242 395 1324 435 suis
1360 395 1512 435 inllatus
1541 410 1609 436 eos
1638 395 1675 434 in

132 459 445 500 communionem
475 460 596 500 nollet
616 461 821 501 admittere
851 461 913 514 qui
942 469 1027 516 post
1054 462 1365 517 persecutionem
1400 463 1674 518 poenitentiam

131 534 410 582 susceperant,
452 530 497 568 ad
533 543 616 569 eam
651 543 693 569 se
727 530 921 570 convertit
952 530 1156 581 haeresin,
1201 531 1341 570 nullam
1379 539 1419 571 ut
1449 546 1537 572 esse
1569 545 1674 586 spem

131 595 269 636 salutis
297 603 509 647 assereret,
543 604 658 651 atque
686 612 798 638 unam
823 598 1013 638 duntaxat
1034 612 1121 639 esse
1148 599 1440 653 poenitentiam.
1505 598 1582 652 Qui
1608 615 1674 641 au-

132 669 207 704 tem
243 671 328 719 post
359 665 590 720 baptismum
627 666 894 720 delinqueret,
938 666 1078 707 unllam
1121 681 1212 720 erga
1245 681 1331 707 eum
1371 668 1675 708 misericordiam

131 732 303 774 adhiberi
337 748 468 789 posse.

243 802 363 856 Atqui
394 817 464 843 nos
499 817 612 843 uuam
646 817 733 843 esse
767 803 1047 857 poenitentiam
1084 803 1184 843 ultro
1216 804 1489 853 concedimus,
1532 819 1575 844 ac
1609 820 1676 860 per

130 882 214 910 eam
249 870 413 911 iteratae
449 871 716 925 generationis
752 871 935 912 lotionem
969 872 1014 911 ad
1048 872 1213 912 salutem
1251 872 1472 926 perveniri,
1515 874 1582 913 sed
1615 875 1674 913 dei

131 937 408 979 humanitatem
431 954 475 980 ac
497 940 742 980 elementiam
767 939 923 979 minime
944 940 1129 990 tollimus,
1156 955 1240 980 cum
1262 948 1300 980 et
1320 941 1496 981 veritatis
1520 942 1673 995 dogma,

131 1013 168 1046 et
192 1007 498 1048 misericordiam
522 1008 688 1058 domini,
723 1015 760 1048 et
783 1015 944 1048 naturae
967 1017 1125 1049 nostrae
1152 1008 1413 1049 conditionem
1443 1010 1556 1050 venia
1582 1024 1675 1050 sane

130 1074 307 1129 dignam,
350 1083 389 1116 et
420 1077 635 1117 animorum
673 1077 995 1127 inconstantiam,
1037 1084 1076 1117 et
1107 1077 1409 1118 imbecillitatem
1444 1078 1595 1129 carnis,
1637 1087 1675 1117 et,

127 1156 314 1184 sensuum
350 1145 387 1185 in
420 1145 615 1200 plerisque
650 1145 868 1198 hominibus
900 1146 1107 1186 distractas
1143 1160 1186 1186 ac
1217 1146 1423 1200 dissipatas
1452 1146 1556 1187 vires
1589 1161 1674 1202 per—

127 1219 283 1267 spectas
305 1213 531 1254 habeamus.
594 1211 789 1267 Quoniam
822 1228 935 1254 nemo
966 1214 1110 1269 peccati
1137 1229 1282 1269 expers
1310 1222 1392 1266 cst,
1425 1231 1542 1268 neque
1569 1232 1673 1256 mun—

128 1283 197 1320 dus
217 1296 240 1321 a
264 1283 459 1329 sordebus,
493 1298 540 1321 ne
571 1286 603 1321 is
629 1286 773 1335 quidem
808 1286 915 1322 cuius
944 1291 1001 1322 est
1023 1286 1134 1323 unius
1160 1286 1238 1323 diez·
1266 1287 1339 1323 vita
1370 1299 1484 1337 supet·
1515 1293 1667 1325 (erram-

128 1347 343 1391 Enimvero
371 1352 543 1405 perfecta
566 1350 605 1390 in
634 1351 824 1406 baptismo
849 1351 1001 1405 quidem
1026 1352 1264 1406 poenitentia
1291 1360 1365 1393 est.
1429 1352 1506 1394 Sed
1530 1354 1562 1394 si
1588 1355 1673 1409 quis

129 1418 344 1469 exciderit,
379 1434 457 1459 non
482 1419 587 1460 illum
609 1427 767 1460 sanctae
793 1420 852 1460 dei
880 1420 1046 1460 ecclesia
1070 1421 1262 1475 perditum
1288 1422 1404 1472 velit,
1439 1422 1516 1463 imo
1543 1430 1580 1463 et
1612 1437 1674 1464 re-

128 1493 304 1541 ceptum,
347 1494 386 1528 et
419 1496 504 1542 post
531 1488 808 1543 poenitentiam
845 1489 1016 1528 mutandi
1045 1489 1196 1528 consilii
1228 1489 1448 1530 facultatem
1480 1491 1669 1545 indulget.

127 1553 230 1595 Nam
259 1562 298 1595 et
321 1553 445 1596 Caino
474 1557 568 1597 deus
592 1556 707 1607 dixit,
741 1560 921 1603 Peecasle',
957 1560 1116 1608 quiesce.
1183 1555 1278 1597 ltem
1304 1559 1538 1614 paralytico:
1573 1563 1672 1599 Ecce

127 1638 242 1663 sanus
272 1640 332 1672 es,
368 1627 450 1664 noli
478 1627 637 1677 amplius
669 1640 839 1677 peecare.
904 1625 966 1665 Ad
996 1625 1091 1665 haec
1113 1623 1273 1666 Petrum
1303 1634 1390 1681 post
1423 1628 1671 1682 negationem

127 1700 291 1733 revocat
318 1693 520 1743 dominus,
555 1701 594 1733 et
624 1694 670 1733 ad
705 1694 892 1748 triplicem
928 1693 1028 1733 illam
1063 1695 1310 1748 negationem
1344 1698 1669 1750 compensandam

1699 1228 1757 1255 lob.
1776 1231 1816 1257 Η.
1842 1232 1859 1255 t.

1699 1574 1775 1601 Gen.
1793 1576 1817 1608 -Ι,
1836 1576 1859 1603 1.

128 1767 188 1800 ter
210 1761 333 1816 ipsum
357 1762 404 1802 ad
427 1762 716 1803 consessionem
740 1761 916 1803 induxit:
951 1764 1072 1811 Petre,
1107 1762 1247 1817 inquit,
1279 1778 1382 1803 amas
1404 1770 1488 1804 me?
1547 1764 1669 1806 Dein-
1682 1780 1821 1816 toann.5,
1838 1782 1875 1809 1⁴.

126 1828 196 1881 de,
230 1833 345 1870 Pasce
375 1846 458 1870 oves
488 1845 600 1870 meas.

243 1897 322 1940 Sed
351 1899 438 1940 illos
472 1899 638 1954 apostoli
668 1900 810 1940 dictum
836 1899 925 1940 illud
951 1899 990 1940 in
1013 1914 1189 1942 errorem
1214 1901 1397 1956 impellit:
1440 1904 1672 1955 Impossibile

125 1974 183 2006 est
205 1982 288 2016 eos,
323 1971 391 2021 que'
415 1971 532 2007 semel
555 1970 762 2008 e'llumz’nalz'
780 1976 887 2016 sunt,
923 1977 960 2008 el
985 1978 1240 2021 gustaverunt
1270 1972 1402 2011 bonum
1432 1975 1495 2011 clec'
1521 1973 1669 2011 verbum

125 2050 170 2075 ac
193 2039 351 2076 virtutes
378 2038 509 2090 fitturz'
529 2040 669 2085 seculi,
703 2045 741 2076 et
759 2040 992 2086 ceciderunt,
1028 2054 1180 2078 rursum
1203 2055 1384 2080 renovare
1403 2042 1669 2093 crucffigentes

123 2105 362 2157 sibimetipsis
370 2107 502 2157 filium
526 2108 599 2154 dei,
635 2114 672 2145 et
693 2108 942 2146 traducentes.
1011 2109 1128 2147 Terra
1147 2112 1257 2157 enim,
1293 2124 1387 2162 quae
1408 2112 1669 2161 superuem'en-

127 2180 196 2212 tem
223 2176 261 2213 in
297 2189 337 2214 se
367 2178 517 2227 saepius
544 2176 695 2214 imbrem
728 2176 881 2222 biberit,
916 2182 954 2214 et
980 2179 1211 2228 produxerit
1239 2180 1389 2217 herbam
1425 2186 1668 2230 opportunam

127 2243 227 2290 z'llclc,
256 2258 329 2294 per
358 2258 450 2296 quos
483 2245 635 2292 colitur,
664 2247 856 2296 particeps
885 2252 944 2283 est
974 2246 1251 2286 benedz'ctebm's.
1316 2250 1517 2301 proferens
1547 2256 1668 2287 autem

124 2314 253 2362 spinas
282 2320 322 2351 et
344 2314 503 2352 tribulos
538 2313 697 2365 reproba
730 2320 805 2360 est,
839 2321 877 2352 et
901 2315 1096 2353 maledieto
1122 2319 1321 2367 prozimu,
1357 2319 1464 2355 cuius
1481 2318 1581 2367 finis
1611 2325 1666 2355 esl

125 2382 164 2419 in
189 2381 487 2421 combustionem.
551 2380 655 2421 Nam
683 2394 822 2421 revera
848 2381 910 2436 qui
935 2383 1056 2423 semel
1077 2385 1255 2424 renovati
1279 2384 1518 2433 ceciderunt,
1553 2399 1667 2425 reno-

126 2448 209 2488 vari
234 2449 398 2504 amplius
429 2464 505 2490 non
536 2456 713 2505 possunt.
775 2448 915 2504 Neque
947 2450 1049 2491 enim
1074 2459 1258 2492 nascetur
1280 2452 1442 2507 amplius
1467 2450 1665 2504 Christus,

126 2523 167 2556 ut
192 2530 259 2572 pro
284 2517 394 2558 nobis
420 2518 457 2558 in
482 2532 638 2559 crucem
663 2525 814 2572 agatur.
875 2517 1016 2573 Neque
1044 2520 1103 2560 dei
1137 2521 1251 2561 lilium
1283 2520 1321 2560 in
1356 2535 1470 2560 eruce
1502 2536 1666 2577 suspen-

126 2585 220 2625 dere
249 2586 436 2641 quispiam
468 2594 620 2642 potest,
655 2587 717 2641 qui
744 2587 778 2626 id
807 2586 907 2627 ultra
938 2589 1085 2643 perpeti
1121 2589 1268 2643 nequit.
1330 2587 1472 2642 Neque
1503 2590 1663 2631 alteram

126 2652 211 2707 quis
236 2668 424 2710 usurpare
450 2655 634 2696 lotionem
664 2662 806 2710 potest,
841 2657 939 2710 quod
965 2671 1065 2697 unus
1091 2657 1302 2710 baptismus
1328 2657 1393 2708 sit,
1427 2672 1579 2712 unaque
1603 2673 1665 2699 re.—

126 2723 299 2762 novatio.
352 2722 497 2764 Verum
525 2725 660 2764 horum
683 2724 851 2765 omnium
876 2724 1088 2766 remedium
1115 2726 1243 2765 statim
1269 2726 1466 2779 apostolus
1492 2727 1662 2776 subiicit,

127 2796 168 2829 ut
195 2797 234 2831 et
260 2791 450 2833 ecelesiae
482 2793 710 2833 medicinam
743 2793 881 2844 faciat,
925 2800 963 2833 et
989 2793 1090 2833 illius
1124 2793 1308 2834 membris
1341 2795 1532 2836 consulat.
1596 2796 1664 2836 Ait

173 2961 203 3000 3-
228 2967 401 3012 τέτρετπαν.
423 2969 527 3012 λέγειν
551 2969 616 3002 cod.
642 2971 712 3002 Ven.
963 2966 993 2999 Ξ).
1019 2963 1144 3008 ταύτην
1169 2977 1248 2999 corr.
1268 2968 1423 3000 Petamus.

174 3012 204 3045 4.
228 3013 390 3048 &timebat
411 3014 484 3049 τινὰ
504 3014 672 3049 ἐλεεῖσὲαι
694 3017 761 3048 cod.
788 3017 857 3046 Ven.
962 3011 992 3044 (j.
1020 3012 1081 3056 μίᾳ
1103 3010 1217 3057 ἧμέρᾳ
1241 3023 1318 3046 corr.
1341 3014 1399 3047 Ios.
1421 3014 1570 3055 Scaliger.

1699 1909 1775 1952 Cap.
1804 1910 1840 1940 Π.

1690 1964 1782 1991 Hebr.
1800 1966 1825 1997 6,

1715 1999 1804 2026 4—8.
