2066 3319
6 1887 9 1906 -.
5 1860 8 1876 ..
0 1527 8 1851 -ῌ-.,,-;-..-Ὴ
0 1665 1 1671 ⁴
0 1463 5 1527 »c-„0

517 214 697 247 PANAun
722 213 804 244 Lm.
825 213 865 244 u.
893 212 999 245 ToM.
1020 213 1042 243 1.
1068 212 1201 243 HAER.
1218 211 1338 244 inv.
1625 199 1705 240 353

169 296 295 336 anima
321 293 498 335 absurdis
526 300 640 348 atque
668 292 968 334 abhorrentibus
994 292 1031 332 in
1057 292 1172 332 rebus
1195 292 1423 332 servitutem
1448 288 1637 344 patimur,
1672 288 1709 327 id

168 364 266 418 quod
292 369 330 403 et
354 369 392 403 tu
418 362 544 416 aliqua
569 376 619 402 ex
642 368 753 416 parte
776 361 924 401 dixisti.
989 358 1087 401 Cum
1111 368 1239 401 autem
1263 361 1307 400 ad
1332 359 1448 400 vitam
1474 358 1706 407 excitamur,

169 431 297 472 anima
319 431 509 472 servitute
532 431 596 471 illa
620 430 831 481 liberatur,
866 444 909 469 ac
934 429 1092 484 spiritus
1125 429 1307 469 continua
1333 429 1515 482 deinceps
1548 426 1710 467 admini-

169 499 306 541 stratio
330 500 526 550 succedit,
561 513 658 554 quae
688 498 775 539 hinc
799 499 906 540 velut
934 498 1087 539 arrham
1115 512 1159 538 ac
1183 498 1318 551 pignus
1345 497 1515 548 obtinet,
1551 495 1710 551 perinde

168 583 212 610 ac
239 568 423 624 scriptum
457 575 538 608 est:
584 570 632 607 Se·
650 571 788 620 spiritu
814 571 989 616 vivimus,
1023 570 1160 619 spir-[lec
1186 574 1223 604 ct
1242 567 1493 613 ambulemns5
1527 568 1564 603 si
1590 572 1711 603 aulem
1732 571 1800 598 Gal.
1814 572 1840 605 5,
1857 571 1898 599 25.

166 640 305 690 spz'rzm
325 638 574 684 ambulemuS,
613 640 779 676 acle'ones
800 640 970 688 corporis
991 638 1093 675 velut
1111 642 1304 674 enecantes
1326 637 1504 672 w‘nanms.
1569 632 1713 673 Nullae

168 706 298 760 itaque
328 705 490 761 amplius
523 705 702 760 nuptiae,
738 705 967 761 cupiditates
996 705 1146 754 nullae,
1181 703 1282 743 nulla
1315 702 1593 742 continentiam
1626 716 1715 757 pro-

169 774 282 815 fessis
305 774 536 825 certamina,
563 774 656 814 nulli
676 774 846 815 castitati
868 774 1000 828 lapsus
1025 772 1227 822 contrarii,
1257 771 1384 811 nullae
1407 771 1572 825 denique
1595 770 1715 810 actio-

168 857 237 883 nes
261 842 451 884 eiusmodi
472 850 696 898 supersunt,
732 856 829 897 quae
853 843 891 882 in
916 842 987 882 hac
1009 841 1089 882 vita
1116 847 1320 895 geruntur.
1384 838 1479 891 Sed,
1515 839 1614 893 quod
1639 839 1715 879 sal-
1731 846 1918 879 Marc-1235-

168 918 280 953 vator
313 912 476 962 asserit,
511 912 574 966 qui
601 912 892 953 resurrectione
927 910 991 950 illa
1025 909 1171 964 dignati
1208 909 1373 960 fuerint,
1414 921 1540 962 neque
1573 908 1717 947 ducunt

168 994 338 1032 uxores,
374 995 499 1035 neque
530 980 702 1030 nubunt,
737 980 804 1021 sed
837 986 927 1020 sunt
958 979 1058 1019 sicut
1090 978 1235 1033 angeli.

282 1048 616 1104 Quemadmodum
646 1049 857 1090 translatus
888 1055 948 1089 est
973 1046 1134 1099 Enoch,
1168 1054 1209 1087 ut
1240 1061 1316 1087 non
1350 1046 1502 1086 videret
1533 1052 1714 1095 mortem,
1768 1044 1854 1105 Cap,

169 1125 208 1159 et
231 1133 307 1159 non
341 1118 524 1159 inventus
552 1125 626 1159 est.
690 1117 832 1172 Neque
857 1131 954 1158 vero
979 1117 1033 1157 ita
1055 1116 1267 1157 translatus
1300 1122 1360 1156 est
1386 1122 1426 1155 ut
1457 1129 1598 1170 corpus
1630 1128 1717 1154 cor-
1737 1090 1921 1168 gffiigjffl.

170 1187 326 1243 porisve
367 1194 513 1243 partem
548 1187 802 1242 relinqueret.
865 1185 969 1227 Nam
1005 1185 1038 1226 si
1072 1199 1213 1240 corpus
1244 1184 1508 1239 relinqueret,
1554 1191 1716 1224 mortem

170 1256 301 1311 utique
325 1255 491 1297 videret.
556 1255 688 1310 Quare
716 1270 789 1296 una
824 1270 909 1296 cum
938 1268 1102 1310 corpore
1127 1254 1339 1295 translatus
1367 1260 1532 1294 mortem
1560 1252 1718 1293 omnino

171 1339 248 1365 non
277 1325 387 1366 vidit.
453 1322 652 1379 Siquidem
679 1325 770 1366 vivo
801 1324 923 1365 adhuc
948 1338 993 1364 ac
1017 1324 1190 1379 spirante
1215 1337 1380 1378 corpore
1412 1321 1609 1378 praeditus
1642 1322 1720 1377 spi-

171 1393 275 1434 ritali
299 1408 432 1445 more,
467 1409 543 1434 non
570 1393 748 1444 animali,
783 1400 940 1448 propter
965 1393 1261 1433 translationem
1285 1392 1386 1432 illam
1411 1391 1536 1446 degit,
1572 1406 1657 1431 cum
1681 1390 1720 1430 in

173 1476 339 1517 corpore
366 1476 558 1517 peraeque
587 1462 751 1517 spiritali
777 1462 890 1502 modo
911 1469 1108 1502 versetur.
1172 1460 1277 1501 Idem
1300 1475 1396 1502 vero
1420 1468 1459 1501 et
1484 1461 1529 1500 de
1553 1458 1640 1500 Elia
1664 1460 1720 1499 fa·
1739 1466 1924 1501 meg-‘411-

173 1531 246 1571 teri
271 1545 434 1572 necesse
459 1538 534 1582 est,
569 1531 632 1585 qui
657 1531 772 1585 igneo
800 1545 917 1571 curru
940 1531 977 1571 in
1003 1531 1165 1571 sublime
1190 1537 1249 1570 est
1273 1536 1449 1580 evectus,
1485 1542 1573 1569 esse
1596 1528 1720 1568 adhuc

174 1600 212 1640 in
237 1613 354 1640 carne
380 1599 582 1649 nimirum,
618 1600 685 1641 sed
712 1598 874 1653 spiritali
902 1613 1042 1650 carne,
1078 1613 1176 1653 quae
1205 1614 1281 1639 non
1317 1598 1375 1639 his
1409 1597 1524 1638 rebus
1557 1597 1720 1653 amplius

175 1682 270 1723 opus
304 1668 467 1719 habeat,
503 1668 665 1723 quibus,
701 1682 785 1708 cum
812 1667 851 1708 in
885 1668 1027 1708 mundo
1054 1667 1177 1709 adhuc
1203 1675 1331 1718 esset,
1366 1666 1578 1721 indigebat.
1642 1664 1721 1707 Cu—

174 1737 338 1778 iusmodi
366 1744 446 1787 est,
488 1737 536 1777 ali
563 1751 769 1778 corvorum
807 1736 1049 1788 ministerio,
1091 1750 1143 1777 ex
1169 1734 1331 1777 Cliorati
1360 1743 1533 1776 torrente
1568 1735 1718 1787 bibere,

176 1813 291 1860 atque
325 1806 439 1846 ovilla
469 1806 567 1861 pelle
600 1806 770 1860 contegi.
834 1803 915 1846 Sed
945 1805 1021 1846 alio
1055 1805 1217 1860 quodam
1249 1805 1433 1860 spiritalis
1467 1804 1542 1845 cibi
1575 1818 1721 1859 genere

177 1874 331 1925 nutriri,
366 1888 476 1929 quem
501 1875 534 1915 ei
558 1875 797 1915 occultorum
820 1875 1000 1929 cognitor
1021 1888 1232 1929 eorumque
1256 1887 1355 1929 quae
1377 1873 1502 1915 videri
1525 1880 1724 1927 nequeunt

177 1943 356 1984 conditor
380 1943 474 1984 deus
498 1943 732 1999 suppeditat,
767 1957 886 1998 penes
913 1957 1024 1998 quem
1049 1942 1268 1983 ambrosiae
1297 1949 1334 1983 et
1353 1941 1570 1998 incorrupti
1593 1942 1724 1983 cuius-

178 2013 263 2053 dam
290 2011 417 2067 pabuli
449 2012 561 2068 copia
592 2019 667 2053 est.
731 2012 1025 2054 Animadvertis
1059 2011 1188 2066 itaque
1220 2011 1319 2052 idem
1355 2025 1444 2052 esse
1478 2011 1646 2052 animale
1678 2026 1722 2052 ac

180 2081 352 2136 spiritale
376 2095 540 2136 corpus,
575 2081 893 2136 quemadmodum
919 2088 957 2121 et
980 2081 1157 2121 dominus
1181 2088 1317 2121 noster
1338 2095 1360 2121 a
1383 2088 1507 2122 morte
1532 2080 1724 2131 surrexit,

180 2165 257 2191 non
283 2157 325 2191 ut
349 2150 450 2191 aliud
476 2157 682 2191 revocaret
717 2150 762 2190 ad
795 2150 914 2191 vitam
947 2163 1111 2204 corpus,
1145 2150 1212 2190 sed
1246 2149 1337 2190 illud
1366 2149 1513 2205 ipsum,
1557 2149 1656 2204 quod
1691 2149 1725 2188 ei

181 2219 328 2271 fuerat,
362 2233 488 2274 neque
514 2226 670 2274 praeter
692 2219 815 2273 ipsum
839 2218 964 2269 aliud,
998 2219 1065 2259 sed
1089 2219 1142 2258 ita
1166 2225 1294 2259 tamen
1321 2225 1361 2259 ut
1385 2219 1476 2259 illud
1500 2219 1624 2274 ipsum
1649 2217 1726 2271 spi-

180 2287 276 2328 ritus
300 2287 337 2328 in
360 2287 555 2343 propriam
580 2288 806 2328 tenuitatem
830 2301 873 2328 ac
897 2287 1148 2328 subtilitatem
1174 2294 1448 2338 converteret,
1484 2301 1528 2328 ac
1551 2285 1725 2341 spiritale

181 2356 338 2397 omnino
370 2357 571 2397 conflaret.
635 2356 768 2411 Quare
796 2363 834 2397 et
859 2358 1018 2395 occlusis
1051 2359 1185 2395 ῖαηῑιίε-
1206 2360 1401 2408 ingressus
1434 2364 1509 2404 est,
1553 2355 1654 2409 quod
1685 2354 1930 2395 immun-202⁶.

181 2425 252 2465 bac
276 2424 428 2480 quidem
454 2425 535 2466 vita
561 2425 790 2481 corporibus
814 2425 958 2466 nostris
985 2426 1213 2479 contingere
1249 2440 1325 2465 non
1355 2432 1504 2480 potest,
1547 2437 1593 2464 eo
1626 2423 1727 2478 quod

182 2501 367 2535 concreta
388 2502 479 2536 sunt
504 2509 548 2535 ac
569 2508 719 2546 crassa,
755 2508 826 2535 nec
849 2495 935 2535 dum
957 2494 996 2534 in
1021 2493 1233 2549 spiritalem
1256 2493 1357 2533 illam
1383 2492 1610 2533 tenuitatem
1636 2506 1726 2532 coa-

182 2563 339 2604 luerint.
403 2561 608 2617 Quodnam
636 2563 754 2618 igitur
779 2577 918 2618 corpus
943 2570 1003 2604 est
1028 2563 1128 2617 quod
1161 2561 1304 2603 clausis
1331 2561 1456 2602 ianuis
1485 2568 1544 2601 est
1574 2561 1727 2615 ingres-

183 2636 292 2673 sum?
351 2631 520 2673 Aliudne
549 2646 663 2687 quam
687 2632 787 2686 quod
811 2631 849 2672 in
879 2645 994 2673 cruce
1021 2632 1199 2672 suffixum
1226 2638 1307 2682 est,
1341 2644 1387 2669 an
1412 2629 1504 2669 illud
1530 2629 1655 2684 ipsum
1687 2629 1725 2669 in

183 2714 336 2741 crucem
364 2700 583 2742 sublatum?
642 2699 899 2755 Quocumque
924 2708 960 2741 te
980 2707 1129 2751 vertas,
1164 2697 1376 2754 Origenes,
1411 2711 1488 2738 non
1513 2704 1624 2753 potes
1648 2711 1725 2738 non

183 2769 272 2809 illud
297 2769 419 2825 ipsum
445 2783 534 2810 esse
561 2770 737 2810 confiteri
761 2770 860 2825 quod
888 2769 993 2810 eruci
1022 2776 1083 2810 est
1106 2769 1277 2809 affixum.
1339 2765 1443 2807 Nam
1473 2765 1557 2822 ipse
1588 2774 1624 2807 te
1657 2780 1727 2821 per

185 2846 405 2879 accuratam
430 2837 607 2879 Thomae
630 2838 921 2893 inquisitionem
944 2837 1167 2891 redarguit,
1201 2850 1286 2876 cum
1311 2835 1347 2876 ei
1373 2835 1494 2887 dixit,
1534 2838 1630 2875 Noli
1647 2841 1928 2876 esseloaun-2Q27·

186 2909 422 2956 incredulus,
456 2910 523 2947 sed
537 2909 684 2958 fideles.
749 2906 852 2948 Tum
876 2906 979 2948 enim
1005 2906 1202 2946 clavorum
1235 2903 1401 2958 vestigia
1427 2903 1662 2945 monstravit
1683 2917 1727 2943 ac

187 2974 371 3028 lauceae,
404 2976 578 3031 adeoque
611 2976 813 3017 cicatrices
843 2975 949 3031 ipsas
975 2973 1131 3028 reliquit
1151 2972 1187 3012 in
1214 2986 1400 3027 corpore,
1435 2973 1610 3027 quamvis
1636 2972 1727 3012 illud

188 3043 398 3097 spiritalem
432 3043 471 3084 in
505 3044 691 3086 unitatem
730 3045 954 3086 conflasset.
1016 3041 1178 3083 Poterat
1207 3041 1357 3096 quidem
1390 3041 1593 3082 cicatrices
1623 3040 1726 3095 ipsas

257 3109 373 3146 Corpus
393 3110 573 3139 Haereseol.
593 3110 629 3139 11.
648 3112 673 3140 2.
1401 3113 1452 3152 23
