2056 3298
330 209 411 239 XIV
976 193 1229 226 PRAEFA'rro.

333 291 417 335 cet,
461 286 514 325 ad
556 295 711 324 annum
750 283 919 324 DLXII.
951 284 1109 325 redeat.
1175 283 1351 325 Constat
1388 282 1499 324 foliis
1537 282 1868 324 membranaceis

336 359 412 399 137
423 392 431 409 ,
463 356 775 398 characteribus
801 355 1066 398 nitidissimis
1097 356 1306 408 tripertito
1339 355 1624 408 conscriptus;
1661 355 1740 397 fuit
1769 355 1868 397 olim

332 430 608 471 bibliothecae
639 428 888 470 Monasterii
919 429 958 470 S.
981 429 1141 470 Mariae
1170 429 1398 481 Deiparae,
1429 428 1540 469 unde
1562 429 1616 470 ad
1639 429 1868 470 Britannos

332 503 533 544 advectus
565 506 631 543 est
661 514 769 543 anno
795 500 1089 543 MDCCCXLI.
1145 501 1372 554 Epiphanii
1391 501 1557 543 libellus
1588 501 1743 554 legitur
1771 501 1869 543 inde

333 588 358 617 a
386 575 454 617 fol.
486 575 643 617 129.b·2
677 587 811 628 usque
842 576 896 616 ad
925 574 993 616 fol.
1017 575 1185 616 136.b¹.

445 648 832 701 Anacephalaeosis
874 649 1039 690 codices
1078 647 1224 699 scripti
1261 659 1336 699 per
1365 647 1504 688 varias
1534 646 1697 699 passim
1725 646 1872 688 biblio-

335 722 480 763 thecas
512 724 788 763 recensentur
818 721 1072 773 complures,
1116 733 1291 772 quorum
1320 723 1484 772 partem
1521 722 1711 761 notatam
1740 720 1872 761 habes

334 794 377 835 111
406 794 587 835 Fabricii
616 794 812 835 Biblioth.
837 794 906 835 Gr.
936 794 1014 835 vol.
1035 794 1162 843 VIII,
1193 805 1288 845 pag.
1308 793 1390 833 263
1408 805 1496 844 sqq.
1528 791 1644 833 Harl.
1674 792 1779 833 Mihi
1798 805 1871 834 au-

335 871 418 909 tem
450 870 620 920 praeter
649 868 871 908 Ienensem
904 870 946 907 01
974 866 1351 908 Vratislaviensem
1392 865 1497 906 alios
1533 865 1743 917 inspicere
1774 877 1872 918 ope-

333 952 405 981 rae
434 940 616 992 pretium
647 953 731 981 non
754 943 820 981 est
842 939 990 981 visum.
1040 938 1270 980 Plurimum
1293 938 1435 979 auxilii
1459 942 1546 980 tam
1578 939 1633 980 ad
1662 939 1741 980 hoc
1771 951 1873 991 opu-

338 1013 499 1055 sculum
530 1025 655 1065 quam
686 1013 740 1054 ad
771 1012 1009 1054 Summaria
1038 1012 1215 1064 singulis
1240 1012 1410 1054 Panarii
1441 1012 1565 1053 tomis
1596 1012 1784 1065 praefixa
1809 1025 1874 1054 re-

339 1086 562 1139 purganda
592 1089 718 1138 atque
749 1086 1014 1127 emendanda
1043 1085 1197 1127 adtulit
1221 1085 1391 1126 Ioannis
1414 1085 1669 1126 Damasceni
1691 1086 1743 1127 de
1763 1086 1875 1128 Hae-

337 1159 503 1201 resibus
542 1159 665 1209 liber,
708 1159 887 1211 primum
924 1159 976 1200 ab
1015 1160 1044 1200 1.
1069 1159 1115 1199 Β.
1139 1157 1347 1199 Cotelerio
1378 1158 1421 1198 in
1451 1158 1734 1200 Monumentis
1763 1158 1875 1200 Eccl.

338 1233 407 1274 Gr.
433 1233 511 1273 vol.
536 1233 584 1282 I.,
619 1244 713 1285 pag.
738 1232 818 1273 758
841 1244 950 1284 sqq.,
982 1231 1134 1273 deinde
1165 1244 1190 1272 a
1219 1232 1273 1272 M.
1297 1232 1357 1272 Le
1383 1231 1543 1281 Quieno
1572 1231 1682 1273 inter
1713 1231 1877 1284 reliqua

338 1305 509 1346 Ioannis
534 1305 787 1346 Damasceni
810 1317 940 1357 opera
963 1304 1226 1345 emendatius
1251 1305 1401 1346 editus.
1441 1304 1580 1346 Aliam
1600 1304 1770 1346 Panarii
1791 1304 1878 1357 epi-

337 1382 501 1429 tomen,
546 1378 589 1418 id
614 1381 679 1418 est
708 1377 884 1430 triginta
913 1381 1093 1429 quatuor
1131 1378 1359 1429 primarum
1397 1377 1487 1418 eius
1525 1377 1783 1429 haeresium,
1823 1377 1876 1418 ab

336 1451 504 1492 homine
534 1451 648 1491 haud
677 1451 886 1492 inerudito
921 1450 1170 1501 confectam,
1205 1451 1389 1492 servavit
1419 1451 1550 1491 codex
1580 1450 1763 1502 scriptus
1794 1449 1874 1491 Pa-

336 1525 492 1566 risinus
516 1523 794 1564 bibliothecae
814 1524 911 1564 olim
941 1523 1085 1575 regiae
1114 1536 1200 1564 nro.
1221 1522 1481 1573 DCCCLIV„
1513 1522 1781 1575 gossypinus,
1809 1534 1876 1564 se-

338 1597 419 1638 culi
441 1597 555 1637 XIII.
587 1597 640 1648 (v.
668 1596 800 1637 Catal.
826 1596 932 1637 Bibl.
958 1596 1117 1648 Regiae
1148 1595 1226 1637 vol.
1245 1596 1309 1647 II.,
1336 1608 1432 1648 pag.
1457 1596 1580 1649 1652),
1612 1595 1730 1637 cuius
1753 1595 1799 1637 in
1817 1595 1879 1637 fo-

338 1670 394 1712 lio
417 1670 483 1711 55.
507 1683 538 1711 r.
568 1669 724 1721 legitur
746 1669 852 1710 haee
873 1668 1112 1722 inscriptio:
1138 1666 1207 1706 Ἐκ
1228 1671 1298 1719 τῆς
1328 1669 1466 1718 βίβλου
1491 1671 1560 1708 τοῦ
1591 1668 1631 1708 ἐν
1661 1664 1786 1721 ἇγίοις
1806 1685 1879 1708 πα-

339 1739 430 1795 τρὸς
462 1739 575 1793 ἡμῶν
600 1740 840 1792 Ἐπιφανίου
882 1739 1100 1782 ἐπισκόπου
1132 1738 1301 1793 Κύπρου
1340 1744 1407 1791 τῆς
1443 1738 1542 1780 κατὰ
1572 1745 1648 1782 τῶν
1678 1741 1877 1795 αἱρέσεων,

341 1812 426 1866 ἥτις
466 1812 665 1865 ἐπεκλήθη
708 1811 933 1865 Παυάριον,
980 1810 1065 1864 ἤτοι
1107 1811 1329 1864 Κιβώτιον,
1373 1815 1587 1866 γραφείσης
1625 1811 1716 1867 παρ’
1756 1813 1881 1855 αὐτοῦ

342 1885 495 1935 οἷξιοόσει
528 1891 646 1927 τινῶν
677 1885 987 1939 ἆρχιμανόριτώυ
1026 1886 1093 1926 καὶ
1124 1886 1417 1939 πρεσβυτέρων,
1457 1883 1641 1927 Ἀκακίου
1671 1887 1738 1927 καὶ
1771 1885 1882 1927 Παύ-

341 1965 431 2009 λου,
464 1954 519 2000 ὧν
549 1957 595 2000 τοὶ
627 1956 867 2012 μοναστήρια
898 1960 939 1999 ἐν
970 1963 1017 2015 τῇ
1050 1960 1174 2015 Κοίλῃ
1207 1960 1345 2013 Συρίᾳ.
1404 1960 1533 2013 Incip.
1563 1957 1686 2011 Ἀδάμ
1715 1963 1763 2017 τῇ
1790 1960 1882 2017 ἕκτῇ

341 2031 469 2088 ἡμέρᾳ
500 2033 689 2079 πλασθεὶς
721 2029 797 2072 dno*
829 2036 897 2083 τῆς
927 2036 1016 2085 γῆς,
1056 2033 1124 2074 fin.
1156 2032 1224 2073 fol.
1248 2033 1313 2073 64.
1327 2046 1363 2073 V.
1403 2033 1468 2074 hiS
1498 2033 1659 2076 verbis:
1700 2030 1779 2074 ἀπὸ
1811 2036 1882 2074 τοῦ

344 2108 485 2153 αἰῶνος
514 2105 677 2146 τούτου·
719 2102 801 2144 εἶτα
835 2108 1037 2158 μυρίζουσι
1068 2103 1189 2145 αὐτόν
1220 2102 1487 2161 ὀποβαλσάμῳ
1519 2106 1585 2145 καὶ
1615 2105 1797 2159 γενέσθαι
1825 2105 1883 2145 λέ-

344 2193 453 2233 γουσι
485 2179 637 2219 τέλειον.
697 2179 746 2220 Id
772 2179 1020 2232 opusculum
1049 2178 1232 2220 fortasse
1257 2191 1411 2231 operae
1433 2179 1614 2231 pretium
1638 2179 1717 2221 erit
1735 2183 1783 2221 ut
1807 2191 1884 2232 pu-

343 2254 441 2295 blici
470 2253 572 2294 iuris
603 2252 688 2293 fiat.
749 2252 870 2301 Quod
903 2252 938 2293 si
969 2252 1152 2305 spatium
1184 2252 1306 2293 alteri
1336 2252 1459 2294 huius
1486 2252 1657 2294 Panarii
1686 2253 1883 2295 editionis

344 2330 458 2367 tomo
490 2327 541 2368 ab
571 2325 883 2367 honestissimis
916 2325 1005 2366 eius
1028 2325 1365 2377 redemptoribus
1391 2325 1658 2378 praefinitum
1682 2326 1885 2378 permise-

344 2399 419 2451 rit,
450 2412 534 2440 una
565 2411 657 2441 cum
687 2398 878 2451 pluribus
911 2411 932 2439 0
963 2398 1137 2440 Nicetae
1168 2398 1398 2440 Choniatae
1429 2399 1645 2440 Thesauro
1676 2399 1885 2441 Orthodo-

347 2484 424 2513 xae
453 2472 590 2523 Fidei,
621 2472 843 2513 maximam
874 2474 1037 2523 partem
1068 2470 1246 2523 inedito,
1277 2472 1319 2513 in
1351 2485 1473 2524 quem
1504 2475 1650 2514 auctor
1677 2472 1811 2514 multa
1831 2472 1885 2514 de

346 2544 571 2598 Epiphanii
595 2544 775 2586 Panario
806 2544 987 2596 recepit,
1021 2556 1047 2585 a
1075 2556 1141 2585 me
1172 2545 1399 2597 excerptis,
1430 2544 1606 2586 adiectis
1638 2544 1765 2587 etiam
1790 2544 1883 2586 aliis

347 2629 454 2670 quae
485 2617 539 2658 ad
571 2617 944 2658 commendandam
982 2617 1090 2659 hanc
1121 2618 1348 2660 editionem
1380 2618 1613 2669 conferent,
1654 2617 1769 2659 velut
1798 2617 1884 2670 epi-

347 2694 525 2732 metrum
556 2690 703 2731 harum
732 2702 872 2731 rerum
904 2690 1107 2732 studiosis
1138 2691 1181 2732 in
1209 2691 1428 2732 Addendis
1459 2701 1702 2743 proponam.

462 2763 604 2804 Pauca
634 2763 811 2804 adiciam
844 2775 951 2816 quae
981 2763 1134 2815 partim
1167 2764 1222 2805 ad
1253 2763 1543 2816 explicandam
1567 2763 1722 2816 partim
1742 2762 1798 2804 ad
1815 2775 1884 2805 ex-

350 2835 579 2878 cusandam
611 2839 807 2887 spectant
835 2836 1042 2877 rationem
1072 2848 1197 2888 quam
1226 2836 1269 2878 in
1300 2837 1544 2877 adornando
1574 2836 1654 2877 hoc
1681 2835 1788 2878 libro
1819 2848 1885 2878 se-

350 2911 471 2950 cutus
503 2920 607 2949 sum.
665 2907 828 2950 Petavii
848 2910 1085 2951 versionem
1106 2909 1303 2951 Latinam
1326 2908 1491 2950 servavi
1512 2908 1727 2961 intactam,
1757 2908 1884 2951 etiam

348 2981 420 3023 ubi
449 2981 614 3023 Graeca
643 2980 860 3034 scriptoris
891 2982 1020 3024 verba
1050 2994 1076 3024 a
1103 2993 1170 3024 me
1200 2986 1389 3024 correcta
1419 2984 1536 3033 sunt,
1567 2981 1679 3034 quod
1710 2992 1760 3022 ex
1791 2993 1886 3034 gra-
