2066 3319
553 211 731 242 PANARll
756 211 837 241 Ltss.
860 211 900 241 ΙΙ.
925 211 1032 242 Tou.
1053 212 1075 242 1.
1102 212 1230 242 HAER.
1252 212 1305 242 Lt.
1619 201 1697 242 109

161 304 288 330 rorem
316 289 510 339 incidere,
545 296 659 342 atque
682 290 719 328 in
742 288 938 343 Phrygum
969 290 1146 330 haeresin
1172 291 1277 331 velut
1300 290 1459 344 eliquari
1492 291 1592 330 illins
1624 291 1698 330 loci

162 358 321 397 deberet
345 357 527 397 ecclesia.
590 356 700 398 Unde
724 364 763 396 et
789 359 1022 411 coarguendi
1048 360 1170 411 gratia
1199 360 1329 398 statim
1357 359 1407 399 ita
1435 359 1610 399 dominus
1642 359 1696 399 lo-

161 426 312 479 quitur:
367 427 498 464 Scribe
530 428 664 476 ang-elo
699 428 876 465 ecclesiae
911 441 1004 478 quae
1038 435 1093 465 (κς-Ι
1126 430 1338 477 'thyasis-122.-
1382 430 1471 465 lmee
1508 431 1600 466 dicit
1634 431 1702 480 qm'
1718 425 1821 493 Amissq
1828 424 1854 456 ²
1871 423 1902 450 18

160 494 272 532 kabel
301 496 428 532 oculos
459 497 557 532 sicut
578 496 775 547 (flammam
807 498 928 545 tglez's,
972 503 1010 533 el
1034 498 1146 546 perles
1178 498 1257 533 eius
1291 498 1428 533 sirm‘les
1464 498 1693 534 (zwv'clzaleo.

159 562 262 599 Novi
278 563 397 613 fidem
430 570 529 600 tuam
553 570 591 600 et
617 566 809 601 caritatem
836 571 872 601 el
897 565 1139 601 nu'mslem'am
1154 594 1163 610 ,
1199 570 1235 601 el
1266 578 1376 613 opera
1410 572 1472 602 lua
1502 568 1699 603 novessz'nta

155 631 270 680 plura
290 631 496 681 prioribus·
560 633 636 669 Sed
657 632 771 669 liabeo
794 633 972 669 adversus
997 639 1030 669 te
1051 635 1136 683 qula
1159 634 1346 682 permittis
1373 634 1566 670 mullet-nm
1590 637 1697 672 leza-

161 698 222 736 bel
241 701 416 737 seducere
435 713 562 737 servos
584 714 696 746 meos,
731 713 824 750 (snae
843 714 883 736 se
906 701 997 737 diei!
1017 701 1303 750 propleelzs.s·am‚
1338 702 1523 738 docentem
1546 704 1698 739 mandu-

160 781 248 805 care
268 769 475 818 idolothyta.
496 769 753 820 etsbrlzz'cm’z'.
819 770 871 805 Et
889 769 976 805 dede·
994 769 1055 805 ille·
1073 775 1227 818 tempas,
1264 775 1306 805 nt
1323 770 1585 818 poem'lelzlt'am
1610 783 1698 819 age-

160 843 239 882 ret,
274 843 313 874 et
333 850 406 874 non
430 838 510 874 vult
525 839 717 886 poenitere
739 850 761 873 a.
790 837 1042 886 fornicatione
1063 849 1144 873 saa.
1210 833 1248 874 N
1254 850 1312 874 um
1337 835 1425 874 illud
1453 835 1584 875 videre
1616 845 1699 876 tan-

160 903 244 943 dem
270 903 455 958 potestis,
491 904 536 943 de
569 903 793 943 mulieribus
828 903 980 943 illorum
1007 903 1108 956 loqui
1135 917 1230 956 quae
1258 903 1350 943 falsa
1380 903 1589 957 prophetici
1623 906 1698 959 spi—

160 970 256 1012 ritus
291 972 543 1026 persuasione
578 973 784 1025 deceptae,
825 971 1123 1025 quamplurimos
1159 972 1416 1024 deceperunt,
1462 972 1532 1010 hoc
1565 980 1623 1012 est
1654 973 1699 1011 de.

158 1037 353 1089 Priscilla,
387 1038 608 1080 Maximilla
632 1054 676 1080 ac
699 1037 885 1092 Quintilla
902 1071 911 1089 ,
945 1053 1106 1093 quarum
1131 1041 1235 1079 frans
1261 1040 1382 1080 latere
1409 1041 1582 1094 spiritum
1611 1055 1700 1081 san-

159 1114 261 1148 ctum
298 1108 453 1148 minime
489 1109 632 1163 potnit,
677 1109 743 1148 sed
772 1122 840 1161 per
872 1107 972 1147 beati
1001 1106 1156 1147 loannis
1187 1122 1229 1148 os
1267 1109 1349 1148 fore
1386 1109 1457 1149 ista
1492 1108 1698 1163 praedixit,

159 1190 256 1230 quae
280 1183 366 1230 post
388 1176 470 1216 eius
496 1177 640 1216 obitum
667 1177 918 1216 acciderunt?
969 1175 1044 1229 Qui
1070 1191 1155 1216 cnm
1183 1177 1272 1216 olim
1296 1176 1509 1229 imperante
1535 1175 1700 1217 Claudio

162 1242 334 1286 Caesare
360 1245 583 1285 vaticinium
618 1245 708 1285 illud
736 1244 921 1293 ediderit,
967 1259 1050 1285 cum
1082 1245 1118 1284 in
1143 1242 1282 1285 Patmo
1316 1245 1440 1285 insola
1474 1253 1702 1286 versaretur

162 1314 279 1368 (istud
316 1328 411 1354 vero
445 1313 497 1353 illi
532 1327 683 1367 quoque
717 1312 921 1368 Thyatiris
958 1313 1169 1367 contigisse
1205 1328 1279 1353 non
1317 1315 1500 1367 negant),
1543 1314 1699 1354 omnino

161 1380 422 1431 Christianis,
457 1382 518 1436 qni
544 1388 621 1422 tum
647 1382 723 1421 illic
752 1388 884 1431 erant,
921 1396 997 1422 non
1026 1382 1110 1421 sine
1143 1382 1368 1436 prophetico
1395 1381 1581 1423 instinctu
1604 1383 1700 1423 scri-

160 1451 236 1506 psit
258 1457 458 1490 venturam
484 1450 689 1503 aliqnando
724 1450 922 1489 inulierem
960 1464 1056 1504 quae
1088 1464 1130 1490 se
1159 1450 1438 1506 prophetissam
1471 1451 1696 1505 appellaret.

160 1518 227 1559 Ex
258 1534 333 1573 quo
365 1518 489 1558 omnis
517 1518 578 1558 illa
611 1519 654 1557 ad
685 1519 978 1572 oppugnandam
1003 1518 1208 1558 veritatem
1241 1526 1458 1573 comparata
1485 1520 1581 1559 ratio
1614 1534 1699 1560 cor-

160 1587 260 1638 ruitg
295 1601 378 1626 cum
405 1587 664 1641 Apocalypsis
687 1587 748 1626 ille
773 1586 870 1626 liber
893 1586 1102 1640 prophetici
1125 1600 1212 1627 esse
1235 1587 1415 1640 generis,
1451 1595 1488 1627 ct
1517 1603 1536 1628 a
1564 1588 1699 1642 spiritu

161 1662 297 1696 sancto
329 1655 535 1694 verissime
568 1656 764 1709 profectus
796 1655 1028 1695 ostenditur.

275 1722 447 1777 Pergunt
472 1723 525 1762 illi
552 1737 646 1763 vero
669 1723 945 1777 imperitissimi
971 1737 1106 1763 vocum
1131 1730 1409 1778 aucupatores‚
1444 1738 1488 1763 ac
1514 1738 1602 1764 sese
1628 1725 1696 1764 im-

161 1793 351 1848 pudenter
380 1791 569 1842 efferunt,
605 1798 645 1830 ut
671 1791 770 1831 beati
805 1792 968 1847 apostoli
995 1792 1162 1846 scripta,
1207 1792 1277 1831 hoc-
1308 1800 1367 1831 est
1393 1791 1549 1832 loannis
1580 1807 1698 1832 evan-

161 1860 303 1916 gelium
337 1867 374 1899 et
401 1859 690 1914 Apocalypsin,
731 1875 806 1899 non
838 1860 1030 1900 immerito
1060 1860 1224 1900 reiicere
1260 1861 1485 1911 videantur,
1527 1862 1698 1915 adeoque

162 1936 200 1969 et
233 1927 418 1983 epistolas
449 1928 576 1982 ipsas,
620 1942 717 1982 qnae
750 1943 833 1968 cum
865 1929 1068 1982 evangelio
1100 1937 1138 1969 et
1165 1929 1400 1984 Apocalypsi
1433 1930 1696 1970 consentiunt.

1759 1720 1834 1763 Cap.

1725 1764 1887 1799 XXXIV.

161 1995 229 2039 Sic
250 1996 369 2051 igitur
394 1995 602 2036 obiiciunt:
640 1999 735 2044 Vidi,
771 1995 893 2050 inquit
919 1996 998 2046 ille,
1032 2005 1069 2036 et
1088 2000 1186 2037 (lelm'l
1209 2001 1367 2049 angelo:
1403 2000 1514 2037 Solve
1539 2007 1700 2051 quatuor
1718 2008 1846 2043 Atinae,
1864 2013 1901 2039 14.

161 2067 337 2117 angelos,
372 2068 439 2117 qui
460 2073 549 2104 szmt
573 2068 610 2104 ἰη
638 2067 846 2116 Euphrate.
909 2068 962 2104 Et
983 2069 1114 2105 audivi
1141 2081 1332 2105 munerum
1365 2070 1553 2106 emerem&
1581 2070 1701 2106 decies

161 2137 296 2175 millies
318 2137 412 2173 dena
435 2136 567 2181 millia,
603 2141 638 2172 el
662 2136 794 2172 millies
816 2136 937 2182 mz·lle‚·
970 2142 1008 2173 et
1024 2136 1208 2174 habebant
1230 2138 1367 2174 loricas
1388 2138 1532 2186 e'gvzeas,
1567 2144 1605 2174 et
1623 2139 1701 2175 sul-

155 2205 337 2256 phureas,
367 2210 404 2241 et
422 2204 697 2254 hyacintlmnm.
756 2202 810 2242 At
831 2202 883 2242 illi
907 2203 1062 2243 veritati
1088 2204 1158 2258 ipsi
1183 2204 1346 2244 subesse
1371 2204 1571 2244 ridiculum
1593 2204 1699 2258 quid-

163 2273 247 2312 dam
273 2271 456 2325 suspicati
481 2277 585 2311 sunt.
650 2270 767 2324 Atqui
799 2286 883 2310 cnm
911 2279 1075 2325 quatuor
1100 2272 1260 2325 angelos
1292 2273 1337 2312 ad
1366 2271 1589 2326 Euphraten
1622 2273 1700 2312 col-

161 2340 280 2391 locat,
313 2339 469 2379 totidem
495 2339 673 2379 nationes
697 2338 903 2392 significat,
938 2355 1035 2394 quae
1061 2341 1106 2381 ad
1130 2340 1357 2395 Euphraten
1384 2339 1569 2380 habitant.
1619 2338 1698 2381 Cu-

160 2407 327 2448 iusmodi
359 2414 449 2448 sunt
470 2407 657 2463 Assyrii,
694 2406 921 2463 Babylonii,
955 2407 1061 2449 Medi
1092 2416 1206 2463 atque
1232 2408 1392 2449 Persae.
1457 2407 1564 2448 Haec
1596 2408 1697 2448 enim

161 2476 322 2532 imperia
356 2483 521 2530 quatuor
553 2477 650 2529 apud
686 2474 886 2516 Danielem
921 2477 1055 2517 ordine
1092 2484 1458 2518 conunemorantur.
1522 2475 1697 2529 Quorum

162 2545 273 2601 primi
304 2552 520 2598 regnarunt
546 2543 727 2599 Assyrii:
762 2551 838 2584 tnm
869 2543 1095 2601 Babylonii,
1130 2545 1193 2600 qui
1222 2544 1398 2585 Danielis
1432 2551 1604 2600 tempore
1636 2560 1698 2586 rc-

161 2628 246 2654 rum
279 2613 547 2668 potiebantur:
591 2613 713 2653 secuti
747 2620 836 2653 sunt
858 2611 989 2665 Medi,
1033 2629 1078 2655 ac
1112 2622 1306 2669 postremo
1332 2612 1502 2664 Persae,
1536 2629 1698 2668 qnorum

161 2682 308 2737 primus
344 2695 418 2722 rex
447 2679 577 2736 Cyrus
609 2680 754 2721 extitit.
817 2680 967 2722 Gentes
993 2697 1108 2737 porro
1133 2682 1282 2736 angelis
1307 2696 1394 2722 esse
1419 2682 1614 2723 subiectas
1644 2690 1699 2724 te-

162 2751 232 2791 stis
256 2758 295 2790 et
318 2748 482 2805 Moyses
506 2750 564 2789 (lei
590 2763 744 2799 servus,
779 2749 841 2804 qui
869 2749 1044 2791 Danielis
1071 2750 1284 2791 orationem
1307 2751 1411 2790 velut
1435 2750 1697 2806 interpretans

163 2818 237 2859 ait:
271 2822 471 2870 Interroga
498 2828 644 2870 patrem
670 2826 792 2866 tunm,
826 2827 865 2858 et
883 2821 1120 2858 atemctelz'ubt'l
1143 2820 1228 2865 abl,
1263 2822 1427 2858 seniores
1450 2827 1545 2871 lgtos,
1579 2829 1618 2859 et
1640 2823 1695 2859 (Ιί-
1717 2829 1858 2868 Deut.32‚
1874 2834 1899 2862 ⁷.

207 2988 239 3020 2.
264 2981 331 3031 ἆρα
354 2991 430 3032 γοῦν
455 2991 565 3022 habent
588 2991 667 3022 libri.
1003 2991 1079 3024 (Ἀρ.
1098 2990 1263 3023 xxxiv.
1288 3009 1328 3014 -
1379 2991 1406 3024 1.
1433 2983 1478 3026 ὧν
1501 2993 1621 3025 volebat
1640 2994 1698 3024 Pe-

955 3040 1067 3069 [avius.
