2066 3319
150 617 236 660 Κεφ.
258 613 323 650 κα’.

161 1925 229 1956 pag.
255 1917 313 1946 639.

344 184 423 224 436
907 189 1069 222 SANCTt
1089 190 1314 222 ΕΡιΡΗΑΝῙῐ

345 270 408 320 ἔτη
432 266 504 320 ρβ’,
535 268 600 307 ἵνα
621 268 663 308 ἐν
686 265 852 323 τετάρτῳ
875 268 949 308 ἔτει
969 265 1219 320 Αύρηλιανοῦ
1240 269 1305 309 καὶ
1330 269 1370 309 ἐν
1394 264 1771 321 χρόνοις.”Τμεναίου
1794 270 1874 310 ἐπι-

344 335 494 377 σκόπου
516 333 790 389 Ἱεροσολύμων
819 337 1057 387 ἐπίπεμπτος
1080 338 1318 393 ἐξαποσταλῇ
1341 339 1393 391 τῷ
1417 334 1550 392 κόσμῳ
1574 341 1643 377 τοῦ
1675 338 1872 378 ἐνοικοῦν-

342 421 405 452 τος
436 404 476 445 ἐν
500 402 604 461 αὐτῷ
630 403 817 456 διαβόλου
848 405 1036 458 ἐνεργείας
1061 404 1209 457 πλάνη,
1251 405 1316 445 καὶ
1354 407 1640 455 17φαντασίαις
1670 403 1872 463 ἀποστήσῃ

342 470 420 513 ἄπό
451 477 520 526 τῆς
551 472 740 526 ἀληθείας
771 470 860 521 τούς
891 470 996 530 αὐτῷ
1027 474 1257 521 πεισθέντας
1288 471 1487 513 ἄπατῶσα.

451 607 724 664 Ἐξελέλεγκται
749 604 820 651 οὖν
841 607 868 663 ἦ
897 607 1018 651 αὐτοῦ
1043 608 1290 663 πανταχόθεν
1319 611 1475 662 κυβεία,
1508 608 1603 665 ὥςγε
1628 608 1650 651 ό
1673 614 1768 659 νοῦς
1798 614 1873 652 τῶν

341 683 509 720 συνετῶν
532 677 658 719 πάντα
682 676 855 732 ἀκριβῶς
877 676 994 733 γνούς
1016 677 1298 733 καταγνώσεται
1319 683 1385 731 τῆς
1408 676 1528 719 αὐτοῦ
1554 680 1871 733 παραπεποιημέ-

340 766 409 801 νης
434 749 615 796 ἐπινοίας.
684 746 738 788 Τά
760 747 801 788 δὲ
826 745 917 787 ἅλλα
939 745 1067 787 πάντα
1090 746 1137 788 τοὶ
1160 746 1392 799 νομιζόμενα
1421 744 1543 788 αὐτοῦ
1565 751 1786 799 σοφίσματα
1807 753 1873 801 λη-

339 819 482 870 ρωδίας
506 818 662 869 ἔμπλεα,
693 814 784 865 λοξά
805 832 844 857 τε
865 816 929 857 καὶ
954 813 1112 865 ἅστατα,
1145 814 1252 867 παρα
1277 819 1371 856 πᾶσι
1393 821 1565 864 συνετοῖς
1584 813 1870 870 γελοιαζόμενα·

338 883 364 925 ἅ
386 903 470 926 τινα
492 903 589 926 κατα
611 886 711 934 λέξιν
735 886 887 935 διελεῖν,
918 885 982 925 καὶ
1004 902 1050 924 τα
1074 901 1174 937 προς
1197 882 1393 924 α’ντίθεσιν
1415 900 1572 925 παντων
1592 881 1721 925 αυτῶν
1750 889 1762 912 ¹
1781 883 1870 939 γρά-

337 964 433 1005 ψαι,
467 955 520 1002 εἰς
542 951 664 995 πολύν
688 951 805 1008 ὄγκον
837 951 956 994 ἐλασω
984 957 1052 1005 τῆς
1074 949 1156 993 κατ’
1185 950 1306 993 αὐτοῦ
1329 955 1590 1006 πραγματείας
1614 950 1682 993 τὸν
1707 953 1870 1007 ε’.λεγχον

325 1019 429 1074 ”Han
467 1021 508 1063 δὲ
547 1019 711 1074 ἀνδράσι
749 1018 929 1076 μεγάλοις
966 1025 1205 1074 θαυμαστῶς
1243 1018 1324 1062 κατ’
1361 1019 1483 1062 αὐτοῦ
1521 1018 1764 1075 οἷντιρρήσεις
1800 1025 1871 1062 τοῦ

337 1091 490 1144 ἐλέγχου
515 1093 765 1143 πεποίηνται,
796 1088 983 1145 Ἀρχελάῳ
1009 1089 1077 1142 μὲν
1098 1092 1152 1146 τῷ
1175 1088 1388 1145 ἒπισκόπῳ,
1422 1087 1475 1137 οἷς
1499 1093 1740 1143 προείρηται,
1767 1086 1870 1144 Ὠρι-

335 1159 433 1213 γένει
467 1158 507 1199 δὲ
543 1156 595 1207 ὥς
628 1157 803 1211 ἀκήκοα,
841 1157 1023 1213 Εὐσεβίῳ
1059 1157 1100 1198 δὲ
1130 1161 1183 1214 τῷ
1214 1159 1467 1211 Καισαρείας,
1508 1158 1571 1198 καὶ
1606 1155 1787 1215 Εὕσεβίῳ
1816 1161 1872 1214 τῷ

333 1225 516 1280 Ἐμέσης,
551 1229 816 1281 ἳΣαραπίωνι
843 1224 1050 1278 Θμούεως,
1079 1223 1300 1282 Ἀθανασίῳ
1328 1229 1382 1282 τῷ
1406 1223 1711 1278 Ἀλεξανδρείας,
1742 1230 1868 1281 Γεωρ-

335 1298 405 1352 γίῳ
431 1300 483 1352 τῷ
507 1298 766 1345 Λαοδικείας,
803 1292 1089 1349 3Ἀπολιναρίῳ
1109 1297 1162 1350 τῷ
1184 1295 1441 1344 Λαοδικείας,
1481 1297 1593 1350 Τίτῳ,
1624 1295 1690 1335 καὶ
1715 1299 1871 1343 πολλοῖς

335 1368 412 1404 τῶν
447 1361 529 1404 κατ’
562 1361 683 1405 αὐτοῦ
720 1361 942 1417 εἰρηκότων.
1008 1358 1134 1402 Οὐδὲν
1169 1362 1210 1402 δὲ
1241 1360 1403 1414 λυπήσει
1438 1362 1504 1402 καὶ
1538 1359 1615 1403 ἆπὸ
1653 1367 1721 1416 τῆς
1759 1360 1870 1416 ἡμῶν

336 1435 356 1460 4
370 1433 558 1484 πτωχείας
579 1430 688 1486 όλίγα
708 1433 762 1480 εἰς
779 1429 965 1484 αἰσχύνην
986 1434 1057 1471 τοῦ
1081 1431 1246 1471 ἐλεεινοῦ
1270 1428 1492 1484 ανθρώπου
1515 1431 1637 1471 εἰπεῖν
1656 1430 1755 1486 πρὸς
1778 1429 1866 1472 oiva-

332 1498 483 1555 τροπήν
504 1505 573 1552 τῆς
595 1498 717 1541 αὐτοῦ
741 1497 839 1541 κατα
862 1497 988 1540 πάντα
1010 1497 1158 1552 τρόπον
1181 1499 1478 1551 πεπλανημένης
1503 1500 1699 1549 διανοίας,
1731 1496 1784 1547 ὥς
1803 1500 1870 1540 καὶ

332 1567 410 1622 ’ἤδη
431 1571 681 1623 προείπομεν.
739 1565 986 1621 Ἠβουλόμην
1010 1567 1051 1608 δὲ
1076 1565 1129 1620 μὴ
1152 1566 1360 1621 αὐστηροῖς
1389 1566 1534 1621 ῥήμασι
1553 1565 1621 1609 τόν
1642 1565 1724 1608 κατ’
1746 1565 1870 1609 αὐτοῦ

332 1636 577 1691 ποιήσασθαι
604 1639 776 1691 ἔλεγχον,
807 1636 874 1677 καὶ
902 1634 1108 1689 ἠδυνάμην
1139 1637 1340 1686 ἐπιεικῶς,
1372 1637 1407 1676 εἰ
1427 1634 1479 1689 μὴ
1502 1634 1560 1677 ὅτι
1582 1634 1650 1677 τόν
1669 1639 1749 1677 τῶν
1771 1634 1867 1678 πάν-

331 1724 406 1747 των
430 1705 621 1759 δεσπότην
643 1704 954 1760 ἆθυρογλώττως
976 1707 1220 1758 βλασφημεῖν
1241 1702 1314 1746 οὐκ
1337 1703 1574 1757 αἰσχύνεται,
1607 1701 1731 1753 εὐθύς
1751 1702 1869 1747 αὐτὸν

332 1773 400 1816 τόν
423 1772 591 1828 ποιητὴν
617 1771 875 1829 ἀρνούμενος,
906 1771 972 1814 τὸν
994 1772 1083 1815 τόδε
1103 1771 1146 1814 τό
1172 1777 1251 1814 πᾶν
1275 1777 1392 1822 κῦτος
1423 1770 1598 1827 ούρανοῦ
1620 1788 1659 1813 τε
1687 1773 1754 1814 καὶ
1782 1778 1866 1828 γῆς,

331 1844 399 1884 καὶ
431 1860 591 1884 παντων
625 1846 700 1883 τῶν
732 1843 772 1883 ἐν
807 1840 961 1893 αὐτοῖς,
997 1842 1063 1883 καὶ
1091 1859 1138 1882 τα
1167 1842 1207 1882 ἐν
1229 1845 1284 1897 τῷ
1307 1839 1441 1898 κόσμῳ
1475 1858 1600 1882 παντα
1631 1840 1867 1897 δημιουργή-

1737 1908 1796 1925 111

335 1925 476 1961 σαντα,
509 1912 638 1966 ε’τερον
663 1911 705 1951 δέ
728 1927 813 1951 τινα
837 1908 1123 1963 φανταζόμενος
1153 1907 1274 1960 θεόν,
1305 1908 1372 1951 τὸν
1396 1927 1448 1963 μη
1473 1908 1587 1961 ὄντα,
1617 1907 1685 1951 τόν
1708 1912 1750 1951 δε
1773 1927 1867 1951 οντα

334 1978 571 2022 καταλιπων.
628 1977 801 2028 Ἑξέπεσε
822 1977 894 2033 γάρ
917 1983 987 2031 τῆς
1011 1976 1218 2031 αληθείας,
1248 1978 1316 2018 καὶ
1339 1979 1481 2031 συνέβη
1508 1976 1614 2035 αὐτῷ
1637 1976 1680 2019 τὸ
1710 1982 1779 2031 τῆς
1807 1995 1866 2034 γε-

330 2051 441 2091 λοίου
476 2050 690 2103 παροιμίας
720 2048 930 2102 ἐνέργημα,
971 2045 1024 2095 ὥς
1049 2044 1073 2088 ὅ
1103 2045 1223 2101 κόραξ
1252 2048 1392 2101 βρῶμα
1417 2047 1513 2099 ἔχων
1538 2047 1628 2100 περὶ
1653 2044 1696 2088 τὸ
1728 2045 1864 2099 στόμα,

331 2118 399 2160 καὶ
420 2115 536 2159 σκιοὶν
560 2118 601 2158 ἐν
620 2115 736 2157 ὕδατι
758 2120 826 2157 τοῦ
849 2114 1054 2170 βρώματος
1074 2114 1339 2168 θεασάμενος,
1370 2113 1607 2168 βουλόμενος
1630 2115 1760 2169 ἑτέρας
1779 2132 1864 2170 τρο·

331 2190 412 2239 φῆς
438 2185 732 2240 περιγενέσθαι,
763 2182 835 2236 τὴν
865 2179 986 2225 οὖσαν
1019 2182 1213 2234 ἆπιόλεσε,
1243 2184 1308 2225 καὶ
1334 2181 1405 2236 τήν
1428 2181 1480 2236 μή
1503 2177 1624 2224 οὖσαν
1651 2182 1725 2225 οὐκ
1755 2181 1864 2237 ἐκτή-

331 2269 436 2296 σατο.
504 2257 569 2302 Τίς
591 2252 632 2294 δὲ
656 2250 826 2302 ἀνέξεται
851 2256 919 2293 τοῦ
941 2251 1175 2305 βλασφήμου
1184 2270 1195 2302 ;
1239 2253 1295 2292 Εἰ
1315 2249 1388 2306 γοὶρ
1413 2252 1581 2306 πατέρας
1608 2252 1742 2305 ἔχομεν
1766 2251 1864 2293 κατὰ

331 2322 478 2378 σάρκα,
509 2323 577 2364 καὶ
602 2319 650 2363 οὔ
682 2322 851 2376 φέρομεν
877 2314 1039 2362 εἷκούειν
1062 2319 1130 2362 τόν
1151 2320 1300 2362 τούτων
1326 2317 1404 2362 ὑπό
1427 2337 1542 2362 τινων
1572 2318 1722 2375 ψόγον,
1753 2318 1863 2378 πόσῳ

331 2472 432 2505 nioris
455 2483 573 2504 annum
597 2470 753 2515 primum,
788 2469 863 2502 anni
896 2469 1074 2512 nonaginta

331 2525 416 2554 tres,
451 2522 484 2550 ut
514 2520 619 2549 deletis
650 2519 748 2549 verbis
779 2516 1012 2568 Διοκλητιαθοῦ
1037 2514 1075 2549 δὲ

331 2566 436 2603 legisse
467 2565 611 2595 videatur
635 2561 726 2600 ἔτους
749 2559 790 2599 α’,
827 2559 884 2603 ἔτη
907 2556 970 2603 qy‘.
1017 2563 1075 2592 Pe·

330 2611 433 2640 tavius
454 2611 545 2640 verba
567 2607 798 2649 Διοκλητιανοῦ
823 2605 879 2645 δὲ,
904 2615 982 2646 quae
1001 2615 1075 2645 spu-

330 2656 379 2685 ria
409 2664 469 2685 esse
493 2657 571 2686 recte
592 2657 702 2692 sensit,
734 2654 856 2684 uncinis
877 2653 1013 2690 notavit,
1049 2654 1075 2682 et

328 2709 386 2738 pro
408 2697 464 2739 ἔτη
488 2696 533 2738 οζ
561 2699 769 2738 reponendum
799 2700 913 2729 censuit
932 2695 989 2738 ἔτη
1017 2695 1074 2737 ρξ’.

334 2745 428 2781 Quem
471 2754 631 2775 numerum
666 2753 772 2775 verum
808 2753 868 2774 non
903 2751 964 2773 esse
998 2743 1075 2772 vidit

333 2790 507 2828 Zaca9nius
536 2791 670 2820 Menum.
698 2790 758 2820 Vet.
784 2790 862 2819 Eccl.
887 2790 938 2819 Gr.
968 2788 1073 2826 Praef.

330 2843 362 2872 p.
380 2835 453 2872 VII.‚
478 2845 545 2865 cum
564 2837 603 2865 ab
621 2843 702 2865 αηηο
722 2837 831 2873 quarto
844 2834 1002 2865 Aureliam·
1023 2841 1072 2863 us-

333 2887 388 2917 que
423 2880 464 2909 ad
492 2890 520 2910 a.
546 2881 627 2911 XIII.
656 2881 788 2910 Valentis
811 2882 837 2909 et
858 2880 909 2910 IX.
931 2878 1073 2909 Gratiam·

332 2926 358 2953 et
380 2924 402 2953 Ι.
428 2925 581 2955 Valeriani
600 2926 688 2963 Iun,
711 2934 772 2955 τιοη
796 2925 871 2954 unm·
895 2924 995 2961 CVII,
1018 2923 1072 2953 sed

334 2968 359 2998 C
378 2971 515 3008 tontum,
546 2971 591 3000 vel
617 2971 686 3001 CIII
703 2973 755 2999 aut
779 2970 844 3000 CIV
865 2970 938 2999 armi
966 2977 1073 2999 nume-

330 3016 483 3045 rarentur.
518 3015 668 3054 Equidem
690 3014 898 3054 reponendum
919 3014 996 3044 duxi
1014 3022 1072 3052 po-

1121 2473 1180 2502 tius
1204 2469 1262 2513 ἔτη
1286 2467 1346 2515 ρβ’,
1380 2481 1449 2502 cum
1471 2480 1490 2501 α
1509 2473 1614 2510 quinto
1632 2471 1792 2502 Aureliani
1811 2480 1862 2503 us-

1120 2526 1176 2555 que
1200 2518 1242 2547 ad
1267 2518 1420 2548 decimum
1441 2519 1563 2548 tertium
1589 2517 1722 2547 Valentis
1744 2519 1863 2547 centum

1120 2565 1145 2592 et
1176 2563 1309 2593 duorum
1341 2572 1493 2593 annorum
1521 2563 1657 2600 spatium
1682 2562 1863 2593 intercedere

1119 2607 1264 2638 viderem.
1301 2608 1398 2638 Verba
1417 2605 1648 2648 Διοκλητιανοῦ
1668 2603 1706 2639 δὲ
1724 2615 1784 2637 non
1803 2607 1861 2637 du-

1121 2653 1180 2682 bito
1203 2655 1276 2691 quin
1295 2662 1350 2691 per
1367 2661 1497 2683 errorem
1520 2652 1670 2682 librarioli
1696 2652 1756 2682 sint
1776 2660 1861 2690 repe-

1120 2698 1175 2726 tita
1203 2707 1240 2728 ex
1270 2700 1368 2729 verbis
1392 2693 1650 2734 Οὖαλεντιανοῦ,
1683 2697 1731 2726 vel
1759 2698 1862 2735 potius

1120 2737 1388 2776 Οὗαλεντινιανοῡ
1413 2741 1460 2779 δὲ,
1487 2751 1565 2781 quae
1588 2742 1678 2772 modo
1697 2742 1861 2780 praecede-

1119 2787 1209 2825 bant,
1236 2791 1289 2818 aut
1311 2790 1400 2819 etiam
1420 2789 1457 2818 de
1476 2788 1613 2826 margine
1633 2787 1769 2817 inducta.
1805 2788 1859 2818 Ge-

1117 2834 1213 2862 terum
1234 2834 1382 2871 siylorum
1400 2829 1446 2871 οζ
1468 2835 1495 2862 et
1515 2828 1563 2873 ρβ’
1584 2832 1694 2862 ductus
1713 2834 1776 2862 tam
1798 2841 1859 2863 esse

1118 2879 1306 2916 consimiles,
1330 2882 1361 2908 ut
1382 2878 1472 2917 facile
1491 2878 1623 2915 potuerit
1643 2877 1774 2907 alterum
1795 2878 1858 2908 Ioco

1117 2923 1242 2953 alterius
1261 2924 1402 2962 obtinere,
1425 2931 1511 2952 nemo
1529 2924 1570 2952 est
1591 2923 1643 2960 qui
1664 2932 1723 2953 non
1745 2922 1858 2953 videat.

1176 2966 1223 2998 17.
1259 2966 1455 3008 φαντασίαις
1489 2961 1668 3009 ἅποστησῃ
1712 2976 1781 2998 mea
1815 2970 1858 2998 est

1116 3013 1297 3044 emendatio.
1336 3014 1431 3052 Vulyo
1453 3014 1535 3043 extat
1557 3011 1752 3054 φαντασίας,
1778 3007 1858 3045 oino-
