2066 3319
463 188 641 221 PANARn
666 187 746 219 [ΑΒ.
766 188 808 219 11.
834 188 941 220 ToM.
964 188 1001 219 n.
1027 187 1155 219 uma.
1174 187 1297 219 var.
1569 177 1645 216 511

121 278 198 317 cet,
233 277 271 308 et
290 270 460 308 tenebrae
486 282 563 308 eam
591 283 662 307 non
687 269 1053 319 comprehemlerunt.
1120 266 1329 306 Tenebrae
1354 265 1480 316 enim,
1514 264 1650 318 inquit,
1665 272 1765 301 1oann.
1783 272 1838 306 ¹‚³.

119 338 242 378 lucem
266 343 494 391 persecutae
517 343 631 386 sunt,
665 336 763 389 quod
792 336 879 375 mali
904 334 1104 390 Principes
1129 335 1367 374 divinitatem
1393 341 1480 374 sunt
1506 332 1654 373 bostili-

121 412 180 445 ter
207 404 389 445 insecuti.
436 404 555 458 Atqui
577 405 609 444 si
633 404 699 444 tux
727 418 747 443 a
777 403 947 444 tenebris
970 404 1070 443 bello
1094 402 1261 457 appetita
1287 403 1514 442 invadentes
1543 401 1651 455 sugit,

121 473 300 513 fortiores
325 479 437 513 erunt
474 473 558 513 luce
582 472 788 522 tenebrae,
823 487 907 512 cum
931 473 976 512 ab
1002 472 1058 511 his
1083 471 1144 511 illa
1169 478 1348 524 tanquam
1375 468 1654 510 valentioribus

120 542 249 596 fugata
271 547 375 581 stare
407 548 542 581 contra
575 548 613 581 et
643 554 827 595 apparere
861 555 935 580 non
968 540 1123 580 audeat.
1189 537 1334 578 Verum
1368 539 1479 591 longe
1511 552 1553 577 se
1585 537 1654 576 ali-

120 616 179 649 ter
209 623 273 650 res
306 609 432 649 habet.
494 607 635 663 Neque
668 608 769 649 enim
803 609 869 648 lux
902 608 1082 648 tenebras
1115 607 1233 660 sugit,
1266 610 1331 645 sed
1361 609 1457 645 luce!
1487 610 1523 644 ιή
1556 614 1653 644 lene-

119 679 210 725 brz‘s,
244 685 280 716 et
311 678 481 717 tenebrae
501 692 579 717 eam
606 693 678 717 mm
711 679 1077 728 comprehenderunt.
1143 672 1256 727 Quod
1281 675 1311 714 si
1342 674 1394 714 ita
1422 681 1504 724 est,
1541 674 1653 727 longe

121 746 192 787 hoc
217 759 237 786 a
263 744 485 786 Manichaei
514 746 707 786 sententia
740 746 921 795 dissidet,
967 744 1028 797 qui
1062 757 1136 783 non
1169 743 1282 783 modo
1315 743 1655 797 comprehendisse

121 813 302 855 tenebras
329 821 483 865 narrat,
517 815 585 855 sed
615 821 653 854 et
672 813 767 854 lucis
792 820 1027 854 armaturam
1050 812 1240 866 rapuisse.
1304 809 1508 864 Quomodo
1541 811 1657 865 igitur

121 895 216 937 quae
247 890 480 923 armaturam
510 882 683 937 rapuisse
710 882 1001 936 praedicantur,
1036 880 1158 921 lucem
1192 879 1520 934 comprehendere
1553 879 1656 919 nullo

120 950 233 991 modo
263 953 497 1004 potuerunt?
558 948 737 1003 Quonam
773 950 908 990 deinde
939 956 1049 1004 pacto
1081 950 1209 1003 fugata
1233 949 1302 988 lux
1330 962 1400 988 sua
1425 947 1656 988 intenebris

124 1026 261 1074 sponte
284 1019 531 1074 resplendet?
580 1017 685 1072 Ergo
713 1019 763 1059 ita
787 1031 836 1058 ex
862 1018 916 1058 rei
942 1017 1105 1058 veritate
1132 1024 1253 1057 totum
1278 1016 1366 1056 illud
1393 1016 1655 1071 accipiendum

120 1094 202 1128 est:
238 1084 335 1129 Cum
361 1087 508 1141 peccati
532 1086 697 1141 caligine
721 1093 952 1127 occaecatae
977 1094 1126 1126 mentes
1152 1085 1345 1126 hominum
1374 1085 1523 1135 forent,
1557 1085 1659 1138 prin-

121 1155 220 1211 cipio
243 1156 309 1196 lex
336 1163 398 1196 est
421 1170 441 1195 a
465 1156 536 1196 deo
562 1155 701 1206 missa,
736 1170 832 1210 qua,
869 1154 972 1195 velut
999 1154 1148 1195 sublata
1172 1154 1354 1205 lucerua,
1388 1153 1657 1203 collustraret3

123 1224 222 1279 quod
245 1223 283 1264 iu
307 1224 469 1279 epistola
489 1238 557 1265 sua
579 1222 720 1264 Petrus
746 1223 886 1264 indicat
909 1223 966 1264 his
992 1223 1145 1264 verbis:
1178 1226 1424 1263 Attendentes
1442 1224 1659 1275 prophetico
1673 1227 1809 1261 Μαι-Λ,
1825 1229 1861 1255 ¹⁹.

121 1296 303 1340 sermoni,
351 1300 523 1345 tanquam
552 1295 725 1332 lucernae
759 1295 900 1332 lucenti
930 1296 966 1331 e'l!
1000 1295 1206 1344 caliginoso
1234 1294 1334 1339 loco,
1370 1295 1483 1331 donec
1507 1291 1660 1343 Lucifer

123 1365 290 1409 oriatur,
325 1369 361 1400 et
380 1364 458 1400 dies
485 1363 679 1401 illucescat
706 1365 742 1401 in
769 1362 942 1400 cordibus
965 1365 1112 1401 vestris.
1179 1359 1289 1402 lttinc
1313 1375 1405 1416 ergo
1434 1361 1500 1401 lux
1533 1361 1569 1401 iu
1603 1368 1656 1400 te—

126 1429 257 1471 nebris
290 1429 414 1479 lucet,
459 1430 636 1470 nimirum
671 1430 758 1479 lex,
807 1444 904 1484 quae
936 1443 1003 1484 per
1032 1430 1283 1484 interpretem
1324 1444 1368 1470 ac
1398 1436 1657 1484 sequestrem,

122 1498 195 1539 hoc
219 1506 279 1538 est
309 1498 458 1538 fidelem
491 1498 550 1538 dei
576 1512 733 1538 servum
758 1496 962 1553 Moysen»,
997 1506 1058 1539 est
1079 1499 1331 1554 praescripta.
1394 1499 1455 1539 Ac
1485 1497 1657 1551 superio-

123 1567 230 1608 ribus
256 1567 406 1621 quidem
430 1566 667 1622 temporibus
694 1567 761 1607 lux
785 1567 907 1622 primo
929 1568 1115 1621 quaedam
1147 1567 1184 1608 in
1217 1575 1380 1608 naturae
1404 1568 1488 1622 lege
1513 1566 1660 1607 scintil-

122 1635 182 1676 lae
219 1635 342 1676 instar
376 1635 598 1686 affulserat,
644 1649 753 1690 quam
787 1636 1068 1691 contemplatus
1102 1634 1238 1676 Enoch
1276 1636 1418 1691 placuit
1452 1637 1547 1686 deo,
1593 1648 1661 1690 per

123 1717 235 1759 quam
259 1704 444 1744 deductus
469 1703 569 1744 Abel
594 1703 751 1757 perinde
783 1718 825 1744 se
852 1704 1007 1745 domino
1036 1704 1237 1759 probavit,
1271 1718 1339 1760 per
1360 1718 1472 1759 quam
1504 1704 1565 1744 via
1597 1717 1660 1743 co-

123 1773 229 1828 gnita
251 1770 342 1813 No'e‘
366 1772 462 1826 apud
489 1773 600 1813 deum
625 1773 820 1827 gratiosus
847 1772 998 1824 extitit,
1045 1787 1114 1828 per
1143 1788 1254 1827 quam
1282 1776 1443 1812 crede'dzt
1465 1773 1660 1812 Abraham
1681 1781 1804 1817 nonni,
1823 1783 1847 1809 a.

122 1843 217 1889 deo,
253 1849 289 1880 et
311 1848 519 1893 reputatum
545 1849 601 1881 est
623 1844 661 1880 εἰ
688 1844 738 1880 ad
758 1845 948 1881 iustitiam.
1009 1839 1163 1882 Deinde
1185 1841 1231 1882 ab
1265 1842 1334 1882 hac
1359 1841 1463 1882 tenui
1495 1840 1662 1882 scintilla

125 1910 305 1965 paulatim
332 1909 501 1950 excitata
536 1910 604 1950 lux
630 1910 676 1950 ad
710 1912 884 1950 lucernae
908 1913 945 1949 t'n
970 1912 1177 1962 caliginoso
1205 1913 1284 1950 loco
1308 1913 1466 1950 luceatis
1490 1912 1661 1963 splendo-
1674 1919 1864 1955 2.Petr.1‚19.

122 1993 199 2018 rem
230 1982 408 2018 excrevit.
476 1977 611 2033 anue
644 1979 727 2033 ipsa
764 1981 831 2018 lua·
861 1988 917 2018 est
945 1993 1038 2032 quae
1068 1982 1105 2018 [η
1142 1980 1302 2019 tenebris
1336 1982 1453 2028 lucet,
1499 1979 1570 2019 hoc
1603 1985 1662 2019 est
1682 1988 1819 2019 toaun.1.
1839 1988 1863 2015 5.

123 2048 343 2088 mandatum
368 2048 444 2099 dei,
478 2055 516 2088 et
539 2048 656 2088 animi
681 2055 986 2088 consentaneum
1010 2062 1094 2088 cum
1119 2047 1290 2089 bonitate
1314 2049 1536 2099 eonsilium,
1561 2048 1660 2102 quod

122 2116 161 2156 iu
197 2115 364 2157 fidelium
399 2115 620 2172 pectoribus
656 2116 692 2156 in
730 2116 854 2157 medio
887 2116 1123 2171 caliginosae
1155 2117 1343 2158 malorum
1374 2117 1658 2170 scelerumque,

125 2197 221 2239 quae
256 2184 293 2225 in
328 2185 492 2226 humano
522 2199 668 2239 genere
701 2192 930 2236 versantur,
972 2185 1220 2240 cogitationis
1253 2186 1404 2236 illuxit3
1447 2185 1660 2226 cuiusmodi

125 2260 216 2294 suut
238 2252 478 2304 idololatria,
513 2254 572 2294 dei
597 2254 825 2307 abnegatio,
860 2255 1022 2306 caedes,
1056 2255 1266 2307 adulteria,
1301 2262 1339 2295 et
1362 2255 1396 2295 id
1420 2268 1543 2309 genus
1567 2253 1658 2294 alia.

124 2319 222 2362 Post
246 2321 340 2363 haec
363 2322 491 2363 omnia
512 2337 688 2377 magnum
713 2322 802 2363 illud
825 2323 1014 2364 luminare
1041 2324 1204 2379 prodiit,
1248 2327 1342 2363 Vera
1369 2326 1457 2371 lux,
1491 2323 1863 2374 scilicet,1oanu.1‚1o-

125 2406 219 2444 quae
247 2394 434 2431 illuminat
473 2394 652 2431 hominem
691 2395 887 2431 venientem
926 2396 963 2432 ιή
1002 2396 1197 2432 mundum:
1241 2396 1278 2432 in
1316 2396 1450 2432 mundo
1480 2401 1581 2442 erat,
1626 2402 1662 2433 et

127 2462 284 2500 mundus
314 2475 393 2500 eum
429 2476 500 2500 nou
533 2463 726 2512 coguovit:
771 2463 807 2500 in
831 2465 987 2514 propria
1014 2465 1132 2509 venit,
1167 2471 1203 2501 et
1225 2465 1288 2501 sue'
1308 2477 1387 2500 eum
1411 2477 1483 2501 non
1514 2477 1658 2515 recepe-

126 2536 238 2569 runt:
281 2537 461 2582 quotquot
491 2537 611 2568 autem
634 2537 853 2581 receperunt
877 2532 1002 2578 illum,
1036 2533 1137 2570 dedit
1159 2534 1211 2571 eis
1229 2539 1447 2583 potestatem
1465 2533 1576 2584 filios
1601 2535 1664 2571 dee'

115 2599 225 2649 fieri.
291 2596 462 2638 Videsne
484 2597 620 2652 quibus
643 2597 680 2638 in
707 2597 876 2639 tenebris
897 2598 964 2639 lux
989 2599 1061 2640 ista
1083 2600 1352 2653 resplendeat?
1383 2608 1449 2640 aut
1470 2614 1658 2654 quaenam

127 2666 229 2708 illam
262 2667 432 2706 tenebrae
459 2682 530 2706 nott
563 2669 944 2719 comprehenderunt?
1002 2667 1196 2708 Nimirum
1225 2668 1324 2722 quod
1357 2682 1378 2708 a
1412 2669 1484 2709 deo
1518 2669 1659 2710 bonum

127 2735 319 2776 mentibus
359 2735 534 2776 humanis
574 2735 809 2787 immittitur,
854 2744 894 2777 et
931 2737 968 2777 in
1007 2737 1147 2777 mundo
1178 2737 1302 2787 lucet,
1348 2750 1368 2777 a
1402 2745 1558 2792 peccato
1591 2738 1659 2779 mi-

128 2803 229 2845 nime
260 2811 480 2860 superatur.

174 2926 203 2962 4.
229 2927 313 2964 αὐτὰ
336 2932 402 2963 cod.
424 2932 552 2972 Rhediy.
918 2930 1057 2970 Quando
1084 2937 1193 2963 autem
1218 2932 1306 2964 venit
1328 2943 1480 2976 magnum
1502 2933 1659 2966 luminare

175 2975 205 3006 5-
233 2977 358 3017 Cor-rigo
381 2973 433 3010 ὅτι
453 2975 496 3019 δή
511 3003 518 3015 ,
544 2981 598 3009 aut
614 2979 716 3018 potius
736 2973 793 3012 ὅτε
814 2976 869 3019 δή.
915 2980 979 3010 cett.

131 3022 234 3053 Etiam
247 3023 413 3055 Carnarius
434 3025 521 3055 vertit
546 3041 558 3047 -
577 3041 588 3047 -
607 3029 705 3067 atque
724 3023 872 3056 aliorum.
