2066 3319
559 170 737 203 PANARn
761 171 842 203 Lm.
863 172 904 203 n.
930 171 1034 203 Toxi.
1059 172 1082 203 1.
1108 172 1377 204 HAER.LX1V.
1658 163 1738 202 247

207 254 460 307 depromens,
505 256 544 289 et
579 249 788 304 sophistica
825 250 986 303 quadam
1025 251 1270 291 cavillatione
1313 252 1569 304 aggrediens,
1614 263 1737 304 neque

206 321 406 374 quicquam
431 331 484 358 ex
507 315 730 358 Christiana
755 317 825 356 lide
851 318 1025 371 petitum,
1059 320 1125 358 sed
1154 319 1513 358 ratiocinationibus
1537 318 1736 358 collectum

207 387 298 427 nihil
325 400 400 426 non
424 386 469 425 ad
494 399 561 426 eos
584 385 722 438 quibus
746 386 981 439 persuadere
1011 387 1177 440 potnerit
1203 386 1436 426 evertendos
1462 387 1653 435 afferens,
1686 399 1738 425 ex

205 456 251 495 iis
275 454 368 509 ipsis
401 467 495 507 quae
529 452 758 493 naturaliter
792 453 901 493 nobis
927 453 1111 494 eveniunt
1142 454 1175 493 id
1202 454 1354 507 assequi
1389 461 1550 493 conatus
1582 461 1663 502 est,
1700 461 1739 492 ut

203 521 503 564 resurrectionis
535 528 692 561 nostrae
721 535 803 561 cum
836 535 902 575 spe
931 529 1036 561 certa
1059 522 1304 562 coniunctam
1340 522 1620 575 professionem
1655 524 1738 561 l'un-

203 591 303 631 ditus
327 590 494 630 tolleret.
556 587 642 640 Ego
667 603 761 628 vero
786 590 831 628 iis
857 590 950 643 ipsis
973 590 1034 643 qui
1061 596 1149 629 ante
1176 603 1234 628 me
1261 589 1297 627 in
1327 603 1411 629 eum
1435 589 1604 629 taborvm
1632 590 1737 630 incu-

201 659 389 707 buerunt,
424 664 463 697 et
489 657 672 697 oratoriis
704 657 906 696 lenociniis
940 659 1101 722 t'ucagmn
1140 656 1303 696 hominis
1336 656 1543 710 nequitiam
1571 657 1736 697 iustissi-

203 727 273 767 mis
308 725 521 766 rationibus
553 725 769 774 diluerunt,
812 724 1073 779 praestantior
1104 724 1225 764 videri
1262 738 1500 778 nequaqnam
1532 724 1733 775 affectans,

201 801 332 849 utpote
359 793 419 847 qui
456 792 639 832 mediocri
671 792 742 832 sim
774 793 929 845 ingenio
964 792 1181 846 praeditus,
1223 798 1443 831 contentum
1477 806 1536 831 me
1569 793 1615 832 iis
1647 806 1735 833 csse

201 871 381 915 oportere
407 860 559 916 putavi,
594 874 691 914 quae
717 861 853 901 beatus
873 859 1097 901 Metliodius
1123 860 1159 900 in
1185 860 1361 900 oratione
1385 874 1497 914 qnam
1519 860 1564 899 de
1585 858 1735 900 Resur-

199 929 374 970 rectione
402 928 579 983 scripsit,
613 929 802 969 adversus
826 929 988 968 eundem
1015 926 1227 983 Origenem
1256 928 1453 968 disseruit.
1517 926 1629 981 Quae
1655 928 1737 982 qui-

199 999 283 1038 dem
320 996 379 1037 hic
406 997 450 1036 ad
483 996 642 1050 verbum
679 997 806 1036 omnia
843 997 1112 1037 transcribam.
1176 995 1243 1037 Sic
1277 997 1393 1050 igitur
1414 994 1662 1046 Metliodius,
1698 1002 1738 1036 ut

199 1067 298 1107 inl'ra
329 1065 512 1120 scriptum
546 1072 627 1115 est,
662 1064 845 1118 loquitur.

430 1190 624 1222 EPITOME
651 1189 911 1222 DOGMATUM
938 1190 1146 1221 ORIGENIS
1172 1190 1234 1221 EX
1260 1189 1506 1222 METHtho.

310 1270 396 1312 Hoc
420 1270 536 1324 igitur
558 1269 642 1309 loco
668 1269 728 1323 qui
758 1282 809 1309 ex
831 1269 1006 1309 fidelibus
1032 1268 1289 1324 simpliciores
1312 1276 1401 1309 sunt
1427 1268 1597 1309 maxime
1627 1267 1730 1318 freti,

195 1340 332 1395 impios
363 1345 505 1392 negant
528 1337 829 1378 resurrectionis
859 1345 1058 1392 compotes
1091 1339 1264 1388 futuros,
1300 1351 1426 1392 neque
1452 1336 1540 1392 quid
1572 1350 1642 1392 per
1672 1350 1733 1376 re-

196 1407 476 1449 surrectionem
502 1405 719 1458 intelligant
739 1406 832 1446 satis
859 1406 1072 1461 explicant.
1132 1405 1235 1447 Nam
1263 1406 1334 1447 etsi
1363 1419 1470 1446 suam
1494 1407 1539 1445 de
1563 1404 1620 1445 his
1644 1418 1735 1444 sen-

197 1475 354 1516 tentiam
387 1474 637 1529 pronuntiare
661 1473 890 1525 videantur,
924 1488 976 1514 cx
1003 1475 1085 1530 ipsa
1110 1482 1236 1515 tamen
1264 1474 1514 1528 inquisitione
1541 1472 1733 1513 constabit

197 1544 351 1585 minime
378 1543 464 1583 illos
497 1556 592 1596 quac
621 1543 897 1596 consequentia
930 1550 1020 1583 sunt
1050 1557 1163 1597 posse
1195 1555 1370 1582 servare.
1434 1539 1567 1595 Quare
1599 1541 1630 1581 si
1663 1554 1730 1580 eos

194 1612 504 1665 interrogemus,
538 1610 737 1651 cuiusnam
763 1611 1000 1651 resurreetio
1025 1612 1150 1651 l'utnra
1173 1611 1244 1662 sit,
1280 1624 1484 1666 corporum
1510 1610 1641 1664 utique
1670 1623 1730 1650 re-

194 1680 406 1736 spondent,
451 1679 587 1733 quibus
621 1679 733 1719 modo
770 1680 994 1718 circumdati
1032 1693 1178 1720 sumus.
1243 1677 1321 1720 Sed
1354 1679 1587 1718 instantibus
1620 1676 1729 1718 nobis

194 1744 387 1802 totiusque
413 1746 651 1788 substantiae
677 1760 799 1787 necne
821 1761 907 1787 esse
932 1748 1084 1797 debeat,
1119 1755 1324 1801 antequam
1355 1747 1560 1801 diligenter
1584 1759 1730 1801 expen-

195 1817 307 1865 dant,
342 1816 459 1856 totius
491 1829 580 1856 esse
615 1815 814 1855 deliniunt.
879 1813 991 1869 Quod
1024 1816 1055 1855 si
1087 1830 1157 1856 nos
1183 1817 1227 1855 ad
1261 1816 1410 1856 illorum
1444 1814 1727 1869 simplicitatem

193 1884 531 1925 accommodantes
555 1883 693 1923 iterum
719 1883 926 1924 dubitando
953 1891 1238 1938 percontemur,
1274 1899 1360 1924 num
1387 1897 1460 1923 una
1481 1883 1640 1936 sanguis
1666 1881 1728 1922 ille

195 1953 444 2002 restituatur,
479 1951 541 2005 qui
566 1959 671 1992 secta
696 1951 903 1992 identidem
933 1966 1031 1992 vena
1057 1953 1212 1993 defusus
1241 1959 1321 2001 est,
1357 1966 1427 1992 nee
1458 1966 1535 1992 non
1567 1959 1606 1991 et
1637 1965 1728 1990 earo

193 2020 343 2070 omnis,
378 2034 423 2059 ae
449 2020 537 2074 pili,
571 2020 634 2074 qui
660 2035 824 2074 unquam
851 2020 954 2060 enati
978 2027 1090 2071 sunt,
1125 2036 1172 2060 an
1195 2020 1220 2060 ii
1242 2021 1432 2061 duntaxat
1454 2021 1516 2075 qui
1547 2019 1618 2061 snb
1644 2019 1728 2059 exi—

193 2097 270 2130 tum
299 2095 471 2129 nostrum
500 2089 757 2138 effloruerunt,
801 2103 846 2129 eo
880 2089 1104 2143 confugiunt
1136 2096 1175 2129 ut
1208 2090 1280 2129 deo
1312 2089 1607 2144 permittendum
1640 2101 1727 2129 esse

193 2157 324 2198 dicant
356 2164 395 2196 ut
429 2170 528 2210 quae
560 2157 651 2196 velit
684 2158 834 2197 efficiat.
896 2158 948 2197 At
974 2158 1035 2211 qui
1062 2158 1182 2212 magis
1210 2158 1311 2198 inter
1331 2158 1416 2197 illos
1439 2157 1587 2198 strenui
1620 2163 1725 2206 sunt,

192 2239 240 2266 ue
271 2225 472 2279 sanguinis
504 2225 653 2279 copiam
686 2239 862 2275 omnem,
898 2226 959 2280 qui
983 2240 1034 2266 ex
1065 2225 1292 2279 corporibus
1328 2225 1470 2266 nostris
1503 2226 1726 2279 plerumque

191 2300 366 2334 secretus
392 2301 474 2343 est,
509 2293 546 2333 in
573 2307 686 2332 unum
712 2295 892 2334 conferre
918 2294 1094 2334 oratione
1121 2309 1190 2334 sua
1215 2302 1416 2348 cogantur,
1451 2294 1637 2334 eiusmodi
1665 2307 1726 2333 re-

191 2375 355 2417 surgere
396 2375 558 2416 corpora
598 2363 844 2416 praedicant,
893 2363 1019 2417 qualia
1057 2363 1311 2403 morientibus
1353 2362 1464 2402 nobis
1503 2362 1722 2404 extiterint.

194 2427 339 2472 Contra
372 2444 467 2484 quos
502 2430 591 2470 illud
619 2431 777 2485 insuper
801 2431 1025 2480 obiicimus,
1061 2445 1145 2471 cum
1177 2432 1226 2471 sit
1251 2446 1455 2486 corporum
1483 2437 1618 2471 natura
1645 2445 1725 2471 mu-

191 2499 343 2548 tabilis,
377 2499 696 2553 quemadmodum
723 2499 760 2539 in
788 2514 928 2554 corpus
952 2506 1125 2540 nostrum
1158 2499 1338 2540 alimenta
1371 2499 1598 2553 digeruntur
1618 2499 1723 2540 simi-

190 2567 447 2621 litudinesque
471 2574 750 2618 transmutant,
785 2567 836 2607 ita
863 2575 900 2607 et
928 2582 1092 2623 corpora
1129 2575 1262 2608 nostra
1294 2567 1492 2618 converti,
1527 2575 1564 2607 et
1591 2583 1611 2608 a
1639 2583 1723 2609 car-

191 2635 339 2676 nivoris
360 2635 496 2676 avibus
524 2636 692 2690 serisque
716 2637 874 2691 depasta
897 2651 1101 2691 corporum
1127 2637 1277 2676 illorum
1304 2642 1433 2690 partes
1457 2635 1568 2677 effici.
1610 2634 1722 2689 Quae

191 2704 342 2758 quidem
369 2717 522 2743 rursum
549 2703 595 2744 ab
629 2703 845 2746 bominibus
872 2713 937 2746 aut
962 2705 1046 2746 aliis
1078 2704 1305 2745 animalibus
1337 2705 1522 2744 devorata
1550 2705 1721 2746 vicissim

190 2778 410 2822 mutantur,
443 2779 482 2812 et
506 2772 698 2813 hominum
725 2773 788 2813 vel
809 2773 970 2814 aliorum
1003 2773 1221 2814 animalium
1245 2786 1407 2827 corpora
1433 2773 1548 2825 liunt,
1582 2788 1655 2828 qua
1681 2788 1721 2815 re

189 2873 252 2895 ται.
297 2864 374 2894 Mihi
393 2865 465 2894 olim
493 2865 630 2903 placuit,
663 2865 744 2904 quod
765 2867 860 2897 multo
881 2866 931 2904 [α-
1024 2863 1054 2896 4.
1088 2863 1318 2906 πρετρέχευσιν
1365 2865 1430 2896 cod.
1468 2866 1566 2898 Venet.
1625 2866 1722 2907 Vulgo

189 2909 278 2938 citius
311 2911 372 2946 est,
405 2908 452 2952 τῷ
477 2909 546 2952 ἱῖεῷ
575 2913 678 2942 ποιεῖν
709 2907 790 2942 εἶναι
809 2905 831 2943 ἃ
855 2907 931 2954 βού-
978 2909 1236 2952 muninus-ca.

191 2953 289 2984 λεῖαι.
337 2954 383 2992 Cf.
408 2963 476 2993 cop.
504 2956 561 2987 15.-
587 2953 667 2995 ,ἐπὶ
686 2953 722 2988 τὸ
745 2953 852 2988 πάντα
874 2958 930 2990 δυ-
1024 2956 1055 2987 ὃ.
1079 2957 1163 2986 Edita·
1184 2956 1255 2986 libri
1278 2957 1381 2987 vitiose
1407 2953 1655 2999 ἀναγκάζονται.

190 2994 270 3030 νατὰ
295 2994 377 3031 εἶναι
399 2999 448 3042 τῷ
474 2999 543 3043 ‘zeto
567 2998 871 3043 καταφεύγουσι-νβ·

1759 1271 1837 1315 Cap.
1863 1271 1939 1303 Xll.
