2066 3319
551 221 729 253 PANARH
755 222 897 254 LIB.11.
922 224 1029 256 Tou.
1051 225 1074 256 i.
1099 224 1231 259 HAER.
1253 225 1321 257 LV.
1633 216 1711 256 137

171 301 414 345 sacerdotale
451 300 550 356 patri
585 314 657 341 suo
693 315 831 342 munus
872 303 1009 354 offert,
1054 312 1212 360 accepta
1251 319 1302 345 ex
1340 313 1478 347 natura
1516 304 1712 346 hominum

171 385 322 422 massa,
367 376 406 410 ut
435 384 502 423 pro
530 368 640 409 nobis
672 371 856 411 sacerdos
892 373 1103 412 secundum
1132 373 1305 413 ordinem
1330 373 1596 415 Melchisedec
1627 387 1714 414 suc-

172 439 352 481 cessione
376 437 479 479 omni
505 445 699 478 carentem
725 439 1000 480 constituatur.
1061 439 1201 481 Manet
1221 442 1338 491 enim,
1374 450 1412 482 et
1434 443 1588 483 assidue
1615 443 1713 482 dona

171 523 240 564 pro
265 507 375 548 nobis
401 506 530 547 offert.
586 504 765 560 Inprimis
789 507 928 563 quippe
953 510 1202 564 semetipsum
1229 510 1380 559 obtulit,
1417 519 1455 550 ut
1479 511 1714 565 perfectiore

171 577 336 631 vivaque
364 589 432 630 pro
459 574 576 614 totius
600 575 728 615 mundi
755 577 879 617 salute
902 584 1067 617 mactata
1092 578 1216 617 liostia
1239 579 1386 618 veteris
1409 580 1629 619 testamenti
1653 594 1714 620 sa-

171 644 356 685 crificium
379 643 567 684 aboleret.
632 641 674 683 In
701 659 776 698 quo
807 645 907 685 idem
934 646 1016 700 ipse
1043 646 1197 685 victima
1232 646 1322 695 suit,
1357 646 1440 700 ipse
1464 648 1711 696 saci-ilicium,

170 715 254 769 ipse
288 713 498 761 sacerdos,
539 713 620 766 ipse
652 713 796 762 altare,
837 713 920 767 ipse
946 714 1064 763 deus,
1105 713 1188 768 ipse
1215 713 1352 764 bomo,
1394 715 1477 769 ipse
1503 730 1598 764 rex,
1634 717 1715 770 ipsc

170 782 371 838 pontifex,
405 782 487 836 ipse
508 781 616 832 ovis,
650 781 732 836 ipse
756 796 902 836 agnus,
937 782 1112 836 adeoque
1135 782 1264 822 omnia
1291 783 1327 822 in
1354 783 1531 824 omnihus
1558 792 1715 838 propter

171 865 244 892 nos
268 857 328 891 est
352 852 497 900 faetus,
532 857 573 890 ut
597 849 719 890 modis
745 850 922 890 omnibus
946 850 1057 891 nohis
1082 850 1161 890 vita
1185 858 1412 906 suppeteret
1435 866 1480 891 ac
1507 852 1714 892 sacerdotii

171 920 231 961 sui
257 927 497 960 constantem
524 926 562 959 et
590 918 867 958 immutabilem
892 919 1110 959 firmitatem
1139 919 1176 959 in
1204 920 1482 974 sempiternum
1507 927 1712 970 statueret,

171 995 212 1029 ut
239 1003 314 1029 non
348 988 422 1028 iam
451 987 582 1043 stirpis
611 987 737 1028 habita
771 987 923 1027 ratione
954 987 1228 1028 successiones
1256 989 1529 1039 distribueret,
1564 989 1630 1028 sed
1664 1003 1713 1028 ex

170 1057 445 1098 iustificatione
469 1057 695 1097 conservari
722 1057 1002 1112 propagarique
1031 1057 1070 1097 in
1099 1056 1236 1112 spiritu
1267 1064 1402 1098 sancto
1430 1057 1618 1111 singulari
1650 1057 1715 1097 be-

172 1126 309 1167 neficio
339 1125 470 1166 vellet.

283 1194 400 1235 Aliud
444 1200 648 1249 praeterea
691 1195 864 1235 nonnulli
905 1195 951 1235 de
994 1195 1131 1235 eodem
1165 1193 1458 1235 Meleliisedeco
1502 1193 1712 1234 somniant.
1746 1203 1884 1245 Cap.v.

170 1263 372 1305 Eiusmodi
397 1264 498 1304 enim
531 1263 706 1304 homines
738 1264 947 1304 carnaliter
980 1263 1195 1304 examinati
1222 1271 1332 1313 suut,
1368 1278 1453 1303 cum
1489 1263 1718 1318 spiritaliter
1739 1275 1920 1309 1.c0r.²,14.

172 1348 216 1375 ea
240 1347 337 1388 quae
364 1332 410 1373 ab
444 1333 621 1387 apostolo
644 1332 682 1372 in
710 1333 872 1388 epistola
905 1333 950 1372 ad
982 1332 1187 1373 Hebraeos
1216 1333 1315 1372 dicta
1349 1339 1440 1373 sunt
1472 1346 1716 1386 nequaquam

171 1402 453 1443 intellexerint.
501 1400 764 1456 Quamobrem
790 1400 943 1442 Hierax
963 1400 1293 1442 Melcliisedecum
1316 1401 1492 1456 spiritum
1516 1415 1603 1441 esse
1627 1415 1718 1441 san-

172 1479 275 1512 ctum
311 1471 532 1520 existimat3
567 1471 665 1525 quod
692 1472 743 1510 ita
771 1471 816 1510 de
849 1485 896 1510 eo
919 1471 1105 1525 scriptum
1139 1471 1211 1520 sit,
1245 1472 1492 1509 Assimilatus
1511 1472 1602 1522 silio
1633 1472 1714 1509 dei:
1736 1482 1904 1516 Hebr.7‚3.

171 1548 297 1580 munet
319 1543 413 1579 enim
435 1542 609 1579 sacerdos
634 1543 672 1579 in
693 1548 928 1592 perpetuam.
994 1538 1108 1593 Quod
1138 1546 1176 1578 et
1205 1539 1289 1578 aliis
1322 1539 1487 1593 apostoli
1511 1538 1642 1578 verbis
1672 1539 1717 1578 il-

171 1609 382 1658 lustratur,
416 1623 499 1648 cum
529 1608 640 1648 dicit:
682 1612 850 1660 Spiritus
882 1623 967 1647 vero
995 1623 1069 1660 pro
1097 1609 1204 1647 nobis
1234 1610 1408 1660 postulat
1428 1608 1630 1659 gemitibus
1660 1610 1718 1646 ite-
1733 1620 1822 1648 Rom.
1839 1620 1864 1650 e,
1880 1620 1920 1647 26.

171 1679 459 1718 enarrabilibzts.
523 1677 578 1717 At
608 1677 670 1731 qui
703 1676 862 1732 spiritus
895 1677 1018 1716 sancti
1049 1676 1259 1717 interiores
1294 1690 1434 1716 seusus
1468 1677 1598 1726 novit,
1641 1691 1716 1716 non

172 1747 327 1802 ignorat
350 1746 454 1787 illum
482 1746 553 1786 deo
578 1760 647 1801 pro
671 1745 806 1786 electis
835 1745 1069 1800 supplicare.
1132 1744 1211 1787 Sed
1243 1753 1281 1785 et
1311 1746 1383 1786 iste
1416 1746 1665 1785 nibilominus
1697 1759 1719 1784 a

173 1815 370 1872 proposito
408 1815 560 1870 penitus
599 1814 811 1854 aberravit.
886 1813 978 1855 Non
1017 1813 1119 1854 enim
1162 1829 1325 1868 unquam
1363 1814 1521 1869 spiritus
1558 1821 1718 1855 sanctus

173 1899 329 1926 caruem
364 1884 498 1924 induit.
563 1881 650 1937 Qua
680 1884 831 1938 quidem
867 1883 898 1923 si
931 1883 1077 1933 caruit,
1113 1897 1186 1923 rex
1214 1897 1302 1923 esse
1328 1881 1485 1932 Salem,
1519 1889 1585 1922 aut
1614 1882 1718 1922 illius

172 1955 246 1996 loci
280 1953 465 1994 sacerdos
500 1967 575 1992 uon
603 1952 741 2007 potuit.
808 1950 953 1992 Verum
983 1952 1249 2007 opportuniori
1280 1959 1478 2006 tempore,
1513 1966 1596 1992 cum
1624 1951 1719 1991 Hie-

172 2023 274 2065 racis
300 2022 401 2063 illius
429 2021 608 2062 haeresin
638 2021 834 2071 refellam,
870 2021 915 2061 de
940 2020 988 2061 iis
1012 2021 1105 2076 ipsis
1135 2020 1291 2061 uberius
1318 2021 1536 2076 disputabo.
1599 2019 1719 2061 Nunc

172 2099 214 2133 ut
234 2091 370 2132 ordine
393 2098 521 2131 cetera
546 2097 764 2146 pertexam,
798 2104 893 2144 quas
917 2090 962 2130 de
982 2088 1277 2130 Melchisedec«)
1305 2090 1368 2129 alii
1394 2089 1543 2130 fabulas
1565 2096 1714 2139 serant,

172 2161 244 2202 hoc
273 2161 360 2202 loco
391 2173 618 2215 proponam.

284 2228 407 2284 Igitur
434 2227 669 2270 Samaritani
696 2226 788 2268 Sem
822 2241 910 2267 esse
941 2227 1045 2267 illum
1075 2227 1328 2268 arbitrantur.
1394 2225 1436 2266 ln
1461 2241 1535 2280 quo
1563 2226 1714 2266 ridiculi
1743 2231 1821 2274 Cap.
1844 2232 1898 2262 Vl.

172 2299 285 2356 plane
313 2305 416 2339 sunt.
481 2295 681 2352 Siquidem
709 2296 838 2336 divina
864 2296 1054 2351 scriptura
1082 2304 1347 2338 consentanee
1380 2303 1517 2335 cuncta
1548 2308 1592 2334 ac
1625 2309 1718 2335 con-

172 2382 266 2423 grue
290 2366 489 2408 stabiliens
511 2365 826 2407 corroborandae
851 2365 887 2405 in
911 2365 1088 2405 omnibus
1112 2365 1267 2406 veritati
1291 2364 1451 2414 studuit,
1486 2377 1611 2416 neque
1638 2365 1716 2403 fru-

172 2445 254 2478 stra
277 2444 491 2492 temporum
519 2448 786 2488 annorumque
813 2435 954 2475 seriem
978 2435 1191 2489 expressit.
1257 2432 1354 2475 Cum
1384 2434 1514 2486 itaque
1536 2431 1713 2472 Abi-aha-

173 2520 257 2547 mus
290 2505 594 2560 octuagesimum
623 2511 825 2553 octavum,
859 2503 920 2544 vel
953 2504 1247 2557 nonagesimum
1282 2503 1364 2558 plus
1394 2502 1542 2551 minus,
1576 2500 1716 2540 aetatis

173 2589 314 2616 annum
345 2581 503 2629 ageret,
539 2573 573 2613 ei
601 2572 915 2613 Melcliisedecus
948 2572 1140 2622 occurrit,
1175 2587 1218 2612 ac
1246 2586 1382 2627 panem
1410 2571 1480 2625 ipsi
1509 2570 1716 2624 vinumque
1735 2579 1812 2607 Gen.
1826 2580 1866 2614 14,
1882 2579 1920 2606 18.

173 2643 346 2699 protulit.
411 2641 499 2697 Quo
537 2644 638 2682 facto
669 2641 943 2697 mysteriorum
971 2640 1277 2695 significationes
1312 2639 1578 2689 adumbravit,
1618 2652 1716 2693 quae

172 2712 316 2753 domini
339 2712 498 2766 liguram
524 2710 817 2766 exprimebant,
852 2711 914 2764 qui
944 2710 1064 2759 dixit,
1096 2713 1181 2761 Ego
1205 2725 1284 2749 sum
1314 2712 1425 2760 parnis·
1457 2711 1570 2747 vz'vzts.
1634 2706 1920 2753 Sedloann.6,51.

173 2789 212 2822 et
241 2780 443 2834 sanguinis
474 2780 576 2820 illius
609 2780 794 2834 ligureiiii,
829 2779 891 2834 qui
919 2792 939 2819 e
968 2780 1163 2833 perforato
1198 2778 1319 2832 ipsius
1350 2777 1471 2817 latere
1501 2777 1547 2817 ad
1582 2789 1715 2816 eorum

174 2850 236 2905 qui
259 2849 450 2904 inquinati
473 2856 586 2889 erant
609 2849 873 2904 expiationem
897 2847 1241 2902 aspersionemque
1270 2845 1456 2886 manavit.
1515 2843 1593 2885 lam
1620 2859 1714 2885 vero

174 2943 254 2973 enim
285 2943 318 2972 in
346 2942 432 2972 libris
463 2943 589 2973 vetustis
619 2943 806 2972 vocabulum
827 2939 921 2973 Νῶε.
969 2941 1031 2971 Sed
1062 2940 1154 2970 etiam
1188 2938 1273 2978 infra
1306 2936 1427 2977 ca1).9.
1460 2939 1611 2977 reperitur
1647 2935 1716 2976 ἐξέ-

174 2988 268 3018 Ali'ter
298 2988 415 3026 placuit
448 2989 598 3025 Ρείαυὶο,
638 2989 691 3026 qui
723 2989 817 3018 verba
852 2983 921 3018 υἱὸν
970 2986 1079 3028 saza-2.

175 3031 232 3064 τοῦ
258 3034 464 3072 expungenda
488 3035 637 3064 censebat.
1013 3031 1043 3060 ξ’).
1072 3026 1358 3071 καταρρεύσαντος
1382 3039 1436 3070 eyo
1461 3031 1590 3061 correxi.
1631 3030 1715 3060 Libri

219 3079 249 3109 2.
274 3078 473 3116 Reposuerim
492 3076 646 3121 ἐξέφερεν
665 3079 712 3110 vel
734 3075 919 3121 ἐξήνεγκεν.
968 3077 1077 3107 habent
1101 3074 1159 3108 καὶ
1184 3072 1371 3117 petimine<-
