2066 3319
193 881 258 909 pag.
274 875 331 902 621.

168 1823 254 1866 Κεφ.
276 1823 316 1857 δ’.

355 169 430 206 404
908 171 1068 204 SANCTI
1089 172 1311 204 EPIPHANII

354 249 396 290 τὸ
429 248 504 302 ἤδη
530 247 606 289 άπὸ
631 250 831 302 πορνείας,
862 246 946 300 ἤτοι
976 250 1249 302 αἰχμαλωσίας,
1290 252 1340 305 τῷ
1365 252 1581 304 Σκυθιανῷ
1611 249 1869 302 συνημμένον,

355 315 446 357 Amo>
470 314 748 370 άποδιδράσκει
779 313 907 367 λαβών
932 314 1055 356 πάντα
1081 316 1225 371 ὅσαπερ
1257 313 1350 369 εἶχε,
1381 314 1521 369 χρυσόν
1545 331 1583 356 τε
1605 317 1669 356 καὶ
1699 315 1870 371 ἄργυρον

353 385 419 425 καὶ
441 383 487 424 τά
510 381 625 434 ἄλλα,
656 385 710 431 εἰς
733 381 803 435 τὴν
827 387 901 423 τῶν
925 387 1086 437 Περσῶν
1107 385 1255 437 χώραν,
1289 388 1306 411 ⁵
1323 381 1483 431 άλλάξας
1505 383 1642 424 ἑαυτοῦ
1666 383 1707 425 to*
1731 382 1868 436 ὄνομα,

353 453 417 493 ἵνα
440 450 492 504 μὴ
514 451 747 505 κατάφωρος
770 451 944 505 γένηται,
975 448 1058 492 άντὶ
1086 454 1324 506 Τερβίνθου,
1357 449 1410 498 ὥς
1434 449 1514 491 ἅνω
1540 468 1605 502 μοι
1626 450 1868 505 προδεδήλω-

353 536 434 569 ται,
466 521 649 560 Βουδδᾶν
673 519 798 575 ἑαυτῷ
830 519 1058 570 ἐπιθέμενος
1081 517 1214 572 ὄνομα.
1278 513 1403 567 Οὗτος
1428 518 1469 558 δὲ
1494 517 1609 559 πάλιν
1640 520 1721 572 ε’σχε
1745 536 1870 571 κακην

356 585 540 639 διαδοχην
563 589 838 641 κληρονομίας,
870 605 915 627 τα
938 587 1100 641 τέσσαρα
1127 589 1254 639 βιβλία
1281 591 1349 628 τοῦ
1372 591 1604 627 Σκυθιανοῦ
1634 588 1699 627 καὶ
1727 604 1774 626 τα
1802 590 1871 639 τῆς

353 657 510 709 μαγείας
539 655 634 695 6καὶ
657 657 888 709 μαγγανείας
913 653 1203 707 ἐπιτηδεύματα.
1257 657 1327 695 ’Hv
1358 672 1428 708 γαρ
1452 655 1517 694 καὶ
1541 656 1655 702 οὗτος
1681 655 1722 694 ἐν
1750 651 1869 708 γράμ-

353 736 468 775 μασιν
485 723 751 775 ἐπιμελέστατα
768 723 1081 776 πεπαιδευμένος.
1120 721 1187 771 Ὡς
1202 722 1242 763 δὲ
1263 723 1327 763 καὶ
1346 720 1463 769 αὐτος
1481 719 1784 775 διαλεγόμενος’
1767 739 1807 762 εν
1823 726 1869 779 τῇ

355 793 519 845 Περσῶν
539 788 658 847 χώρα,
689 792 895 843 καταχθεὶς
917 789 1015 845 πρὸς
1038 796 1159 845 γραῦν
1179 807 1264 831 τινα
1284 788 1418 844 χήραν,
1448 790 1512 829 καὶ
1538 794 1616 837 τοῖς
1638 793 1706 830 τοῦ
1724 792 1870 843 Μίθρα

353 857 560 913 νεωκόροις
581 875 618 899 τε
640 860 704 900 καὶ
733 861 871 913 ἱερεῦσι
891 863 962 900 τοῦ
987 857 1160 908 εἰδώλου,
1191 856 1376 915 προφήτῃ
1401 858 1474 897 τινὶ
1502 855 1649 913 Πάρκῳ
1673 858 1738 897 καὶ
1760 859 1868 909 Λαβ-

351 925 473 983 δάκῳ,
504 925 717 980 συζητήσας
738 927 825 981 περὶ
846 931 920 967 τῶν
940 925 1011 967 δύο
1034 924 1173 979 ἀρχῶν,
1205 926 1271 966 καὶ
1291 924 1344 978 μή
1365 925 1552 977 δυνηθεὶς
1571 923 1663 977 μήτε
1681 922 1756 966 κᾶν
1772 922 1870 980 πρός

351 994 441 1043 τούς
470 999 537 1047 τῆς
570 996 891 1049 7εἰδωλολατρίας
922 992 1129 1050 πρυτάνεις
1157 996 1426 1046 διαλεχθῆναι,
1465 990 1539 1032 ἀλλ’
1565 992 1731 1050 ὃέλέγχῳ
1756 1009 1869 1033 κατα-

351 1061 443 1111 στάς
460 1060 549 1118 παρ’
568 1060 708 1113 αὐτῶν,
739 1063 805 1103 καὶ
825 1060 954 1115 αἶσχος
974 1059 1292 1116 άπενεγκάμενος,
1325 1059 1506 1109 ὦςαύτως
1529 1065 1580 1116 τῷ
1603 1061 1868 1117 προειρημένῳ

351 1134 564 1187 Σκυθιανῷ
586 1128 632 1171 τά
653 1130 771 1183 ὅμοια
796 1129 1019 1185 φρονήσας,
1051 1130 1114 1170 ἐπὶ
1143 1127 1214 1170 9τὸ
1243 1127 1435 1181 δωμάτιον
1466 1126 1658 1178 άνελθιόν,
1691 1126 1870 1183 μαγεύειν

350 1217 385 1240 τι
404 1201 527 1252 δῆθεν
552 1196 651 1253 πρὸς
671 1196 712 1239 τό
741 1196 794 1250 μή
819 1215 902 1238 τινα
925 1195 1030 1254 αὐτῷ
1059 1195 1264 1250 ἀντιλέγειν
1287 1195 1559 1248 ἐπιτηδεύσας,
1591 1194 1669 1236 ύπὸ
1703 1193 1869 1251 Ῑθάγγέ-

348 1271 418 1308 λου
442 1266 648 1319 καταχθεὶς
676 1266 877 1315 κατέπεσε,
910 1266 974 1305 καὶ
1005 1262 1127 1312 οὕτως
1158 1264 1343 1316 τέθνηκε,
1376 1262 1424 1304 δι’
1447 1263 1497 1316 ἣν
1521 1262 1705 1316 ἠβούλετο
1733 1265 1868 1317 ἐπιχει-

351 1339 464 1389 ρῆσαι
488 1331 676 1387 μαντικὴν
702 1333 902 1388 ἐνέργειαν.
961 1330 1010 1372 Ἡ
1027 1332 1066 1372 δὲ
1092 1335 1213 1386 γραῦς
1234 1333 1496 1386 περιστείλασα
1519 1330 1658 1373 τούτου
1678 1330 1719 1373 τό
1742 1336 1866 1385 σῶμα,

347 1406 423 1442 τῶν
444 1398 652 1457 χρημάτων
676 1398 797 1442 αὐτοῦ
820 1401 860 1442 ἐν
878 1400 1035 1449 καθέξει
1056 1400 1267 1454 γεγένηται,
1291 1400 1358 1440 καὶ
1381 1398 1434 1451 μή
1453 1400 1593 1451 ἔχουσα
1614 1401 1749 1450 παῖδα,
1773 1400 1868 1452 μηδέ

347 1486 433 1510 τινα
457 1473 534 1510 τῶν
567 1467 852 1523 διαφερόντων,
884 1469 1005 1520 ἔμεινε
1035 1471 1163 1523 πολλῷ
1192 1470 1243 1524 τῷ
1278 1465 1403 1523 χρόνῳ
1432 1466 1564 1515 οὕτως.
1611 1465 1798 1522 ’Ύστερον
1827 1466 1868 1507 δὲ

348 1535 603 1593 προςελάβετο
636 1537 827 1591 πριαμένη
860 1534 926 1578 τὸν
955 1533 1200 1589 Κούβρικον,
1233 1534 1301 1576 τόν
1329 1536 1395 1576 καὶ
1421 1533 1585 1587 Μάνην,
1627 1535 1744 1592 ἑαυτῇ
1771 1532 1868 1590 πρὸς

348 1602 574 1660 ὑπηρεσίαν.
637 1606 715 1646 Καὶ
746 1608 954 1645 τελευτῶσα
984 1604 1182 1644 κατέλιπεν
1215 1601 1319 1659 αὐτῷ
1351 1601 1398 1643 τά
1430 1607 1499 1655 τῆς
1532 1606 1656 1655 κακῆς
1685 1608 1866 1657 κληρονο-

346 1676 455 1726 μίας,
494 1670 547 1721 ὥς
579 1672 637 1715 ι’ὀν
671 1671 747 1714 άπὸ
782 1669 966 1722 άσπίδος,
1005 1671 1312 1723 καταλειφθέντα
1345 1671 1399 1719 εἰς
1429 1675 1582 1713 πολλῶν
1611 1668 1773 1726 φθοράν
1801 1671 1868 1712 καὶ

347 1739 550 1783 άπώλειαν.

462 1808 588 1850 Πάλιν
613 1803 684 1850 οὖν
708 1807 950 1863 Κούβρικος,
981 1805 1005 1849 ὁ
1030 1805 1167 1848 ἑαυτὸν
1199 1804 1446 1860 ἐπονομάσας
1470 1804 1640 1859 Μάνην,
1672 1808 1713 1848 ἐν
1737 1804 1867 1855 αὐτοῖς

347 1879 454 1932 διῆγε
476 1878 542 1918 καὶ
575 1878 615 1918 έν
648 1876 781 1924 αὐτοῖς
808 1877 1000 1931 διελέγετο.
1063 1876 1141 1916 Καὶ
1175 1873 1228 1923 ὥς
1259 1874 1390 1922 οὐδεὶς
1414 1873 1521 1931 αὐτῷ
1545 1875 1742 1924 ἐπείθετο,
1772 1873 1865 1915 ἀλλά

347 1942 553 1993 άκούοντες
575 1947 800 1997 Μανιχαίου
823 1946 1070 1985 διδασκαλίαν
1092 1941 1339 1997 ἐδυσφόρουν
1359 1942 1440 1995 μὲν,
1470 1943 1536 1983 καὶ
1559 1944 1864 1991 έξενολεκτοῢντο

346 2010 489 2062 πάντες
513 2013 576 2053 ἐπὶ
598 2017 644 2069 τῇ
670 2015 897 2069 καινοτομία
920 2014 985 2053 καὶ
1010 2014 1117 2069 δεινῇ
1146 2013 1368 2067 μυθοποιίᾳ
1392 2011 1457 2052 καὶ
1481 2015 1574 2068 κενῇ
1599 2008 1750 2067 ἀπάτῃ,
1781 2008 1803 2051 ἆ
1826 2010 1866 2051 δὲ

346 2079 450 2137 ὁρῶν
470 2079 516 2122 τά
539 2084 619 2122 ἰ’δια
641 2085 709 2134 τῆς
733 2082 1020 2133 κακομηχανίας
1043 2078 1334 2134 ἀνατρεπόμενοι
1361 2082 1436 2119 τῶν
1463 2076 1588 2132 λόγων
1619 2077 1864 2131 συνθήματα,

345 2148 416 2203 τὴν
439 2147 613 2191 διάνοιαν
636 2149 865 2201 κεπφωθεὶς
890 2146 1037 2189 ἐπενόει
1067 2149 1191 2205 ἑαυτῷ
1214 2145 1414 2201 πρόφασίν
1438 2163 1524 2187 τινα
1554 2144 1601 2187 δι’
1621 2141 1669 2199 ἧς
1691 2144 1733 2188 τό
1765 2148 1865 2188 ἴδιον

352 2223 364 2246 ¹
382 2216 535 2270 πλάσμα
558 2222 625 2270 τῆς
649 2215 948 2269 δεινοποιήσεως
969 2217 1113 2269 ταύτης
1136 2214 1343 2268 συστήσειε.
1404 2216 1484 2255 Καὶ
1506 2214 1641 2268 φήμης
1668 2216 1865 2256 διαδοθεί-

347 2299 430 2339 σης,
461 2283 513 2334 ὥς
537 2283 559 2327 ὁ
580 2283 665 2333 υἵὸς
688 2288 757 2326 τοῦ
779 2288 856 2325 τῶν
879 2288 1042 2338 Περσῶν
1064 2284 1248 2337 βασιλέως
1274 2280 1462 2337 άλγήματί
1486 2300 1558 2324 τινι
1583 2282 1863 2338 περιπέπτωκε,

347 2354 412 2394 καὶ
435 2354 628 2395 κατέκειτο
651 2354 691 2394 έν
714 2357 760 2409 τῇ
783 2350 1038 2409 βασιλευούσῃ
1063 2354 1254 2406 Περσίδος
1280 2349 1388 2392 πόλει
1410 2348 1472 2402 (οὗ
1492 2349 1564 2405 γάρ
1588 2352 1706 2392 ἐκεῖσε
1729 2348 1752 2392 ὅ
1769 2349 1861 2391 Μά-

346 2439 416 2474 νης
438 2422 642 2477 διέτριβεν,
673 2418 765 2461 ἄλλά
792 2418 883 2472 ἄλλη
913 2436 991 2460 που
1019 2418 1096 2460 α’πὸ
1121 2418 1332 2474 πόρρωθεν
1355 2422 1423 2471 τῆς
1442 2423 1512 2459 τοῦ
1537 2418 1753 2471 βασιλέως),
1783 2416 1861 2460 find

346 2493 413 2541 τῆς
435 2490 534 2538 ἰδίας
549 2491 688 2537 κακίας
707 2486 952 2540 τυφλώττων,
980 2488 1046 2528 καὶ
1066 2489 1229 2540 νομίσας
1252 2491 1271 2515 2
1286 2485 1338 2540 μή
1359 2503 1419 2527 πω
1438 2484 1508 2538 ἀφ’
1527 2480 1581 2528 0'5'v
1601 2480 1688 2540 εὗρε
1705 2488 1863 2538 βιβλίων

346 2561 416 2598 τοῦ
440 2558 579 2599 ἑαυτοῦ
605 2555 795 2598 δεσπότου
822 2558 1060 2611 Τερβίνθου,
1091 2559 1159 2596 τοῦ
1184 2555 1249 2596 καὶ
1281 2559 1296 2583 ³
1312 2557 1492 2605 Βουδδᾶ,
1523 2552 1706 2606 διαδόχου
1730 2552 1770 2593 δὲ
1792 2557 1862 2594 τοῦ

561 2630 578 2637 ’.ι

347 2628 599 2676 Σκυθιανου,
632 2625 859 2666 4δύνασθαί
882 2640 966 2665 τινα
997 2621 1137 2676 ἰάματα
1169 2624 1371 2678 ἐνεργῆσαι
1399 2624 1452 2671 εἰς
1481 2620 1548 2664 τὸν
1578 2624 1648 2662 τοῦ
1677 2621 1862 2674 βασιλέως

392 2798 420 2828 ὑ.
444 2793 585 2836 ἀλλάξας
608 2807 666 2828 om.
688 2799 720 2828 in
739 2799 787 2828 ed.
808 2798 914 2828 Petav.
941 2797 1042 2828 Colon.
1167 2794 1198 2826 9.
1224 2795 1442 2834 scribendum,
1474 2796 1506 2825 ni
1525 2794 1628 2833 fallor,
1661 2791 1717 2825 τοῦ
1744 2794 1823 2845 δωμ
1825 2803 1860 2825 α-

391 2840 421 2872 6.
446 2840 502 2873 καὶ
523 2841 583 2882 τῆς
606 2841 805 2883 μαγγαιείας
829 2843 911 2872 editi.
1124 2838 1202 2872 τίου.
1264 2841 1308 2879 Cf
1337 2848 1433 2879 snpra
1464 2848 1533 2878 cap.
1553 2838 1586 2871 3.
1618 2835 1673 2870 ἐπὶ
1705 2832 1860 2879 δωματος

390 2885 421 2917 7.
447 2885 696 2927 εἰδωλολατοίας
718 2891 839 2926 uterque
853 2888 919 2917 cod.
939 2888 1078 2925 scriptus,
1127 2881 1282 2917 ἅνελὲπών.

347 2932 391 2962 ed.
414 2941 461 2970 pr.
509 2930 723 2972 εἰδωλολιτρε
727 2931 778 2968 ίας
802 2933 847 2962 ed
871 2933 976 2963 Ρείαυ.
1172 2930 1218 2960 10.
1244 2940 1307 2971 κειγ
1311 2928 1424 2961 κέλλου
1457 2930 1513 2960 los.
1536 2929 1684 2967 Scaligeri
1717 2932 1757 2959 est
1789 2938 1858 2960 con-

391 2981 420 3007 cj.
447 2977 583 3008 Fortasse
608 2975 639 3009 ἐν
665 2974 801 3020 ἐλέγχῳ.
1125 2977 1236 3006 iectura
1258 2975 1433 3013 probabilis.
