2066 3319
245 2015 310 2043 pag.
328 2004 387 2034 ΕΠ.

391 143 471 183 496
962 149 1123 183 SANCTI
1147 151 1369 184 EPIPHANII

392 226 462 279 τήν
486 225 614 267 εἰκόνα
636 225 691 267 ἐπ’
718 225 886 279 ἐσχάτων
914 231 992 268 τῶν
1011 225 1187 283 ἡμερῶν,
1219 230 1283 271 καὶ
1308 228 1391 270 τότε
1419 227 1442 270 ὁ
1461 227 1688 283 Ώμόφορος
1709 228 1825 278 εἰδώς
1853 229 1924 272 αῦ-

391 299 461 335 τοῦ
486 293 527 335 τό
555 295 766 348 πρόςωπον
794 293 933 347 ἀφίησι
963 293 1033 348 τήν
1055 300 1145 350 γῆν,
1184 299 1249 338 καὶ
1275 296 1399 345 οὕτως
1423 296 1465 338 τὸ
1491 301 1570 350 πῦρ
1600 295 1642 338 τὸ
1668 297 1828 339 αἰώνιον
1856 316 1923 340 κα-

392 364 598 419 ταδαπανᾷ
625 360 696 414 τήν
719 366 802 416 γῆν.
865 363 943 402 Καὶ
968 362 1180 406 ἐπελάθετο
1213 363 1237 406 ὅ
1265 364 1468 417 κτηνώδης
1499 363 1616 405 πάλιν
1645 363 1777 419 ῦλοᾶδη
1802 364 1925 419 αὐτὴν

392 423 632 482 ὑποφαίνων
657 427 726 482 τήν
758 428 834 483 πρὸ
870 429 973 485 ὥρας
1003 428 1107 488 αὐτῷ
1136 434 1342 487 λεγομένην
1377 431 1455 473 ἀπὸ
1489 437 1559 473 τοῦ
1589 432 1821 485 Πνεῦματος
1853 438 1923 476 τοῦ

393 502 536 548 ζῶντος
567 501 780 539 κεκτίσθαι.
838 495 960 550 Ὁμοῦ
990 498 1031 540 δὲ
1060 498 1127 541 τὸν
1157 499 1284 541 πάντα
1321 501 1469 553 κόσμον
1498 499 1615 541 πάλιν
1644 498 1724 542 ind
1756 506 1825 543 τοῦ
1854 519 1926 543 πυ-

394 583 463 621 ρος
497 565 770 607 ἀναλίσκεσθαι
803 562 1042 607 ὑποτίθεται.
1106 569 1182 609 Καὶ
1207 567 1311 620 τότε,
1343 569 1463 621 φησὶ,
1496 566 1590 621 μετοὶ
1621 573 1742 610 ταῦτα
1773 567 1798 622 ἡ
1829 569 1924 612 ἀπο-

392 632 623 682 κατάστασις
645 638 723 674 τῶν
748 631 820 675 δύο
845 632 1003 685 φύσεων
1028 634 1234 677 ἐπιτοαυτὸ
1260 637 1314 684 εἰς
1334 635 1374 677 τό
1404 635 1620 690 ἀρχέτυπον
1644 636 1924 691 παρελεύσεται.

386 697 438 742 Ὦ,
467 706 612 743 πολλοῦ
635 700 834 754 καμάτου,
871 703 936 743 καὶ
960 701 1053 755 μετά
1082 701 1149 744 τὸν
1180 702 1353 756 κάματον
1386 702 1547 751 οὐδενὸς
1585 709 1597 732 ¹
1617 705 1681 745 ἐπὶ
1715 704 1926 759 διορθώσει

395 770 623 824 φερομένου.
684 771 739 810 Εἰ
761 768 833 825 γάρ
867 768 960 823 μετὰ
991 769 1032 812 τό
1065 776 1274 825 κτισθῆναι
1305 772 1372 812 καὶ
1392 772 1572 826 γενέσθαι
1603 771 1926 826 δαπανηθήσεται

394 839 462 880 καὶ
489 836 823 890 ἀφανισθήσεται,
860 840 925 878 ἵνα
950 836 996 879 τοὶ
1032 838 1228 894 ἀρχέτυπα
1262 842 1372 896 μείνῃ
1405 838 1520 881 πάλιν
1546 841 1585 881 ἐν
1618 839 1822 893 ταυτότητι
1850 845 1928 881 τῶν

396 907 468 948 δύο
496 904 652 958 φύσεων
675 906 834 961 ἀγαθοῦ
854 922 893 947 τε
915 907 980 947 καὶ
1002 912 1149 958 κακοῦ,
1181 909 1285 948 ἔσται
1313 906 1428 948 πάλιν
1453 907 1632 963 ἐπιτριβή
1659 913 1728 950 τοῦ
1750 912 1928 963 πονηροῦ

396 973 504 1028 πρός,
528 973 570 1015 τὸ
605 975 835 1029 ἐπιστρέψαι
869 973 1003 1025 πάλιν,
1045 976 1112 1016 καὶ
1148 973 1316 1028 πόλεμον
1343 974 1626 1028 ἐνστήσασθαι,
1669 977 1734 1018 καὶ
1760 974 1931 1030 ἆρπάξαι

397 1042 511 1085 πάλιν
543 1041 693 1095 2ἀλλην
720 1041 908 1094 δύναμιν,
939 1044 1002 1083 ἵνα
1025 1042 1140 1084 πάλιν
1171 1041 1283 1091 ἄλλος
1307 1042 1455 1096 κόσμος
1477 1045 1641 1098 γένηται.
1703 1046 1758 1084 Εἰ
1790 1044 1831 1085 δὲ
1862 1042 1929 1085 οὗ·

397 1113 477 1153 κέτι
499 1115 612 1152 τοῦτο
638 1113 798 1165 γίνεται,
829 1109 905 1164 ἄρα
928 1109 1174 1165 σωφρονήσει
1195 1108 1221 1163 ἦ
1242 1113 1380 1161 κακία,
1411 1116 1480 1152 τοῦ
1501 1113 1635 1164 μηκέτι
1662 1113 1930 1167 ἐπιτρίβεσθαι

398 1178 498 1235 πρὸς
520 1177 590 1232 τὴν
613 1177 862 1232 ἀγαθότητα,
892 1178 958 1219 καὶ
987 1175 1009 1218 ὁ
1037 1176 1210 1231 πονηρός
1230 1177 1346 1227 θεός,
1387 1177 1488 1232 πρὸς
1510 1177 1576 1220 τόν
1610 1178 1767 1234 ἀγαθόν
1797 1179 1932 1232 μηκέτι

400 1247 568 1300 πόλεμον
589 1247 756 1300 ἐγείρων.
803 1246 858 1285 Εἰ
882 1245 923 1286 δὲ
946 1245 1012 1286 καὶ
1036 1243 1401 1299 σωφρονισθήσεταί
1425 1262 1537 1296 ποτε,
1569 1244 1641 1288 οὐκ
1666 1248 1771 1288 ἔσται
1794 1245 1930 1297 κακόν,

399 1315 515 1357 ὁπότε
540 1312 617 1355 ἀπὸ
641 1317 709 1366 τῆς
736 1313 899 1366 ἀρχαίας
924 1312 1048 1354 αὐτοῦ
1080 1311 1236 1364 φύσεως
1268 1317 1337 1366 τῆς
1367 1316 1508 1362 κακίας
1539 1313 1790 1367 μετήλλακται
1819 1332 1930 1368 μετα-

398 1385 563 1438 τραπείς.
623 1382 679 1421 Εἰ
701 1381 742 1421 δὲ
774 1381 841 1421 καὶ
873 1379 1014 1434 τρεπτὴ
1047 1379 1225 1435 τυγχάνει
1260 1378 1428 1434 ἡφύσις
1459 1387 1530 1423 τοῦ
1553 1387 1700 1433 κακοῦ,
1745 1382 1933 1432 3πάντως

400 1451 458 1494 ὅτι
490 1448 567 1491 ἀπὸ
601 1453 725 1490 κακοῦ
747 1450 801 1497 εἰς
831 1447 987 1503 ἀγαθὸν
1019 1448 1310 1502 μεταβάλλεται,
1353 1451 1418 1490 καὶ
1451 1448 1580 1492 οὐκέτι
1618 1452 1722 1493 ἔσται
1754 1450 1877 1493 κακὸν
1906 1449 1934 1504 ἦ

399 1521 540 1573 ἔχουσα
563 1515 711 1573 τροπὴν
735 1515 981 1571 ἀγαθότητος
1004 1516 1131 1569 φύσις.
1192 1516 1365 1559 Δύναται
1388 1516 1460 1573 γὰρ
1494 1520 1560 1560 καὶ
1589 1518 1756 1574 σήμερον
1785 1523 1930 1574 τραπῆ-

401 1606 486 1638 ναι,
516 1587 584 1628 καὶ
609 1587 663 1627 ἔτι
695 1583 898 1639 περιόντος
933 1589 1004 1626 τοῦ
1038 1583 1222 1637 4κόσμου
1257 1587 1310 1634 εἰς
1341 1583 1497 1641 ἀγαθόν
1528 1586 1860 1641 μεταβληθήσεται
1888 1585 1931 1629 τὸ

401 1654 587 1710 πονηρόν.
649 1654 728 1694 Καὶ
759 1656 831 1695 τίνι
866 1657 920 1710 τῷ
952 1651 1053 1710 λόγῳ
1087 1650 1108 1694 ὅ
1133 1653 1277 1706 μέλλων
1307 1654 1519 1708 τρέπεσθαι
1552 1653 1628 1709 ἤδη
1654 1653 1702 1697 οῦ
1732 1656 1931 1710 τρέπεται,-

403 1724 485 1765 Καὶ
514 1724 548 1764 εἰ
573 1722 640 1775 μὲν
671 1720 735 1763 διά
765 1726 834 1774 τῆς
864 1725 934 1763 τοῦ
965 1725 1065 1763 θεοῦ
1095 1720 1346 1774 μηχανήσεως
1375 1719 1398 1764 δ
1428 1721 1603 1778 πονηρός
1632 1723 1832 1778 τρέπεται,
1863 1727 1935 1764 τοῦ

402 1792 536 1846 μηκέτι
555 1789 752 1831 δύνασθαι
782 1788 824 1831 τὸ
852 1788 1026 1845 πονηρόν
1049 1790 1296 1844 ἐργάζεσθαι,
1339 1788 1469 1831 οὐκέτι
1490 1793 1687 1845 περαίτιος
1718 1789 1741 1833 ὁ
1761 1789 1935 1846 πονηρός

404 1861 545 1901 ἑαυτοῦ
565 1856 760 1913 τυγχάνει,
799 1857 876 1898 ἀλλ’
901 1855 923 1898 ὁ
955 1855 1142 1913 5ἀγαθὸς
1169 1855 1192 1899 ὅ
1223 1856 1438 1910 δυνάμενος
1462 1858 1684 1901 ἀναστεῖλαι
1713 1859 1836 1901 αὐτοῦ
1864 1858 1935 1912 τὴν

404 1930 566 1977 κακίαν,
595 1928 662 1968 καὶ
684 1925 736 1979 μὴ
762 1927 975 1982 βουληθεὶς
996 1924 1073 1981 πρὸ
1094 1924 1238 1981 χρόνου
1259 1924 1307 1966 τά
1323 1930 1392 1967 τοῦ
1413 1925 1559 1981 χρόνου
1582 1932 1751 1981 ποιῆσαι.
1814 1928 1870 1968 Εἰ
1891 1927 1933 1968 δὲ

407 1995 597 2051 ἄτρεπτον
619 1993 841 2036 παντάπασι
861 1994 903 2036 τὸ
929 1993 1072 2045 κακὸν,
1104 1992 1292 2036 οὐδέποτε
1315 1996 1525 2047 διαλείψειε
1556 1999 1750 2048 πολεμοῦν
1773 1996 1840 2037 καὶ
1863 2011 1934 2037 πο-

403 2062 658 2118 λεμούμενον,
697 2063 764 2104 καὶ
795 2062 878 2104 οὐδ’
909 2062 1007 2111 ὅλως
1042 2062 1136 2104 ποτὲ
1161 2063 1267 2104 ἔσται
1291 2061 1522 2112 κατάστασις
1551 2068 1628 2105 τῶν
1660 2062 1731 2105 δύο
1764 2061 1935 2116 φύσεων,

405 2130 596 2188 ἀτρέπτου
619 2132 800 2185 μένοντος
822 2135 891 2173 τοῦ
913 2135 1058 2182 κακοῦ,
1099 2131 1166 2171 καὶ
1198 2134 1214 2158 ⁶
1232 2131 1532 2185 ἐπιτριβομένου
1561 2136 1632 2173 τοῦ
1661 2136 1787 2173 κακοῦ
1819 2132 1937 2173 ἐνδεί-

404 2206 579 2242 κνυσθαι
596 2204 649 2257 τῷ
668 2197 808 2255 ἀγαθῷ
831 2201 984 2250 κακίαν,
1003 2199 1070 2240 καὶ
1093 2197 1263 2252 πόλεμον
1288 2199 1447 2254 ἐγείρειν
1466 2197 1563 2240 κατά
1587 2204 1654 2252 τῆς
1676 2198 1934 2254 ἀγαθότητος.

409 2270 489 2310 Καὶ
513 2270 547 2310 εἰ
567 2267 664 2316 ὅλως
687 2269 879 2323 ἐπιθυμίᾳ
902 2271 971 2308 τοῦ
996 2267 1152 2322 ἀγαθοῦ
1176 2265 1219 2309 τὸ
1253 2265 1376 2309 κακόν
1406 2266 1468 2308 ἀεὶ
1498 2266 1829 2323 ἐπεντριβήσεται,
1860 2265 1936 2323 ἄρα

409 2335 540 2379 ούκέτι
561 2334 685 2378 κακόν
707 2337 829 2377 ἔσται·
862 2333 995 2387 ἐπειδὴ
1018 2339 1087 2377 τοῦ
1107 2335 1266 2390 ἀγαθοῦ
1298 2334 1519 2390 γλιχόμενος
1544 2334 1722 2388 βούλεται
1746 2336 1871 2392 ἑαυτῷ
1892 2331 1936 2376 τὸ

408 2403 562 2461 ἀγαθὸν
593 2405 856 2454 ἐπισπᾶσθαι,
896 2404 960 2444 ἵνα
990 2401 1054 2444 διά
1074 2407 1141 2456 τῆς
1166 2403 1322 2455 φύσεως
1353 2407 1422 2445 τοῦ
1446 2403 1606 2458 ἀγαθοῦ
1627 2404 1694 2445 καὶ
1720 2408 1789 2458 τῆς
1814 2402 1937 2444 αὐτοῦ

409 2475 626 2522 πανοπλίας
662 2470 878 2520 ἐπισπάσας
907 2471 1030 2527 ἑαυτῷ
1063 2469 1229 2524 δύναμιν
1262 2472 1302 2513 ἐν
1336 2470 1458 2529 ταύτῃ
1492 2473 1624 2529 7δοκῇ
1654 2469 1793 2513 ἑαυτὸν
1822 2474 1938 2523 τιμᾶν

414 2541 515 2594 8μὲν
542 2542 609 2582 καὶ
641 2538 899 2594 λαμπρύνειν,
936 2537 1256 2593 παραθαρσύνειν
1290 2544 1363 2580 9τε
1396 2540 1463 2580 καὶ
1495 2541 1749 2592 ἐνδυναμοῦν.
1811 2538 1938 2579 Παντὶ

411 2607 482 2664 γάρ
506 2612 561 2666 τῷ
583 2608 805 2666 βουλομένῳ
832 2606 874 2649 τὸ
898 2605 1051 2663 ἀγαθὸν
1084 2605 1239 2656 πάντως
1269 2605 1329 2649 ὅτι
1351 2608 1389 2657 ἐξ
1419 2607 1578 2662 ἀγαθοῦ
1602 2604 1791 2655 ὑπονοίας
1820 2607 1937 2661 ἔγκει-

458 2746 534 2777 CAP.
561 2747 675 2779 LVIII.
706 2763 750 2771 ——
801 2747 826 2778 1.
851 2747 937 2778 Libri
962 2747 1054 2786 vulyo
1086 2742 1152 2777 ἐπι·
1197 2746 1281 2784 infra
1301 2746 1355 2776 hoc
1377 2747 1443 2784 ipso
1463 2746 1580 2784 capite,
1607 2742 1752 2783 cap.82.‚
1780 2744 1861 2775 haer.
1882 2740 1937 2783 42,

411 2788 600 2833 ὃιορξῐώσει.
1195 2799 1226 2828 p.
1244 2787 1340 2829 343„
1369 2791 1453 2821 haer.
1474 2788 1528 2828 61,
1554 2788 1584 2821 4.
1597 2812 1606 2828 ,
1628 2790 1712 2819 alibi.

1243 2831 1273 2866 4.
1299 2833 1465 2876 περιόντος
1485 2834 1540 2867 τοῦ
1559 2831 1687 2876 κόσμου
1701 2843 1770 2865 mea
1783 2836 1825 2866 est
1838 2843 1936 2865 emen-

1199 2880 1293 2910 datio.
1347 2877 1519 2921 παριόντος
1547 2879 1604 2911 τοῦ
1634 2879 1739 2911 κακοῦ
1772 2880 1937 2911 coniciebat

457 2926 487 2959 3.
512 2928 676 2958 Locutione
692 2925 824 2965 πάντως
844 2922 908 2968 ἔτι,
924 2936 1002 2967 quae
1020 2928 1153 2966 elliptIca
1198 2926 1353 2956 Petavius.
1392 2926 1474 2956 Libri
1497 2925 1605 2956 habent
1626 2922 1793 2966 περιόντος
1807 2923 1863 2957 τοῦ
1879 2934 1937 2957 κα-

414 2975 475 3013 esI‚
506 2981 722 3011 saepenumero
753 2975 849 3004 untur
873 2973 1087 3012 Epiphanius,
1121 2975 1152 3002 ut
1199 2970 1269 3003 κοῦ.

457 2859 486 2891 2.
513 2859 569 2892 καὶ
593 2854 693 2902 ἄλλην
718 2860 783 2892 cod.
806 2860 933 2900 Rhediy.
