2066 3319
239 717 305 743 pag.
330 709 389 736 wo.

228 1787 311 1830 Κεφ.
338 1786 405 1820 παῖ.

408 201 488 242 538
965 208 1127 241 SANCTI
1151 210 1375 242 EPIPHANH

407 287 577 341 ἐγένετο,
607 285 671 326 καὶ
694 286 734 326 ἐν
756 290 836 334 τοῖς
863 286 977 334 ἰδίοις
999 284 1137 335 τόποις
1161 286 1235 328 οὐκ
1256 289 1331 341 ἔχει
1357 289 1544 337 ἐξουσίαν.
1607 292 1705 337 Πῶς
1734 283 1806 330 οὖν
1834 289 1937 344 ἐνερ-

406 359 528 408 γεῖται
559 353 600 394 ἔν
630 358 710 401 τοῖς
734 354 837 401 υἱοῖς
857 357 925 406 τῆς
947 351 1173 405 α’πειθείας,
1202 354 1301 396 κατά
1322 353 1365 397 τό
1389 356 1652 410 γεγραμμένον
1661 373 1672 406 3
1724 354 1818 397 Ἀλλ’
1849 354 1938 398 οὕτε

409 425 494 469 πῶς
515 419 724 475 ἠγόρασεν,
756 418 842 461 οὔτε
864 423 947 470 πῶς
975 419 1274 476 ἦγοράσθημεν,
1306 421 1394 463 οὔτε
1417 428 1504 472 πῶς
1525 420 1678 477 κατάρα
1703 420 1802 477 ύπὲρ
1824 421 1939 476 ’ἡμῶν

407 489 560 543 γέγονε,
591 493 676 529 νοεῖ
701 485 722 529 ὁ
745 487 843 529 κατά
867 487 993 529 πάντα
1015 491 1171 542 μανεὶς,
1203 487 1360 538 ἀνοίξας
1380 488 1502 531 αὐτοῦ
1525 489 1568 532 τό
1600 489 1745 543 στόμα,
1785 491 1852 531 καὶ
1885 488 1940 544 μὴ

408 555 626 608 δυνάμενος
656 557 740 610 περὶ
768 550 823 597 οἷν
855 557 947 610 λέγει
981 558 1321 610 διαβεβαιοῦσθαι.
1379 556 1481 599 Ἰδού
1510 556 1584 612 γάρ
1610 555 1754 606 αὐτούς
1788 555 1940 613 ὁρῶμεν

413 624 626 678 7λέγοντας
659 624 699 665 έν
728 629 774 681 τῇ
798 627 1066 681 παλιγγενεσία
1099 629 1168 678 τῆς
1191 623 1313 666 αὐτοῦ
1339 628 1577 679 παρουσίας,
1618 626 1686 666 καὶ
1714 624 1939 681 κράζοντας,

409 688 474 732 Ἐν
497 695 551 748 τῷ
585 696 669 748 ⁸693
692 691 852 744 ὀνόματι
882 690 1099 746 ἐφάγομεν,
1139 694 1206 734 καὶ
1238 694 1277 734 ἕν
1307 698 1359 749 τῷ
1382 697 1438 749 σῷ
1469 692 1631 745 ὀνόματι
1657 693 1841 745 δαιμόνια
1863 694 1940 742 ἒξε-

410 757 593 811 βάλομεν.
655 760 734 800 Καὶ
765 760 843 814 ἐρεῖ
874 758 973 814 πρὸς
1009 758 1174 811 αύτούς,
1216 758 1420 801 Ἀπέλθετε
1450 759 1516 801 ἀπ’
1542 762 1638 813 ἐμοῦ
1663 760 1940 815 κατηραμένοι,

409 824 520 868 οὔπω
546 828 669 882 ἔγνων
693 824 803 880 ύμᾶς.
866 831 961 876 Πῶς
991 822 1062 869 οὖν
1097 826 1216 869 αὐτόν
1249 825 1502 882 ὁμολογοῦσι,
1541 829 1608 868 καὶ
1643 825 1761 876 αὐτὸς
1796 825 1942 876 αύτούς

410 899 644 949 καταρᾶταις
695 898 738 936 Τί
764 895 804 936 δὲ
835 889 884 948 ἦν
905 893 931 948 ἦ
953 894 1102 950 κατάρα
1124 900 1195 937 τοῦ
1217 894 1359 948 νόμους
1404 893 1498 936 ἀλλά
1531 894 1681 948 κατάρα
1715 897 1787 936 τοῦ
1815 894 1942 948 νόμου

408 962 578 1017 σταυρός
599 961 663 1004 διὰ
684 980 752 1012 τας
773 961 969 1018 αμαρτίας.
1027 960 1117 1004 Ἐαν
1143 962 1216 1044 γάρ
1242 980 1298 1012 τις
1319 967 1557 1020 καταληφθῇ
1581 964 1622 1004 ἐν
1641 978 1941 1015 παραπτωματι,

409 1032 538 1114 e'ksysv’
558 1048 579 1072 o
603 1029 747 1084 νόμος,
781 1032 857 1071 Καὶ
880 1030 1091 1086 κρεμάσητε
1115 1029 1236 1072 αὐτον
1258 1032 1322 1072 ἐπὶ
1347 1029 1479 1081 ξύλου,
1511 1028 1558 1072 ού
1583 1028 1636 1083 μή
1664 1028 1763 1087 δύνῃ
1788 1027 1812 1071 ὅ
1832 1028 1943 1083 ’ἥλιος

410 1096 467 1140 ἐπ’
491 1098 599 1155 αὐτῷ
621 1099 685 1140 ἐπὶ
707 1103 761 1155 τῷ
784 1101 1005 1156 θνησιμαίῳ
1029 1099 1175 1149 αὐτοῦ,
1208 1097 1300 1139 ἄλλα
1320 1097 1553 1146 καθελόντες
1577 1098 1777 1138 καθελεῖτέ
1807 1114 1848 1139 τε
1871 1095 1939 1138 αύ-

408 1164 498 1216 τόν,
530 1168 596 1208 καὶ
619 1165 823 1219 θάψαντες
844 1166 1003 1218 θάψατε
1034 1164 1151 1208 αὐτόν
1181 1183 1256 1220 προ
1284 1164 1433 1213 δύσεως
1460 1169 1528 1206 τοῦ
1551 1163 1683 1218 ἡλίου,
1725 1164 1785 1206 ὅτι
1807 1166 1941 1206 ἐπικα-

407 1233 583 1306 τάρατος.
597 1239 674 1282 πᾶς
698 1252 717 1275 ο
744 1233 983 1288 κρεμάμενος
1009 1235 1068 1274 ἐπὶ
1107 1237 1207 1274 9τοῦ
1233 1231 1359 1281 ξύλου.
1416 1233 1527 1273 Ἐπεὶ
1553 1226 1625 1273 οὖν
1649 1230 1713 1273 δια
1735 1231 1805 1285 τήν
1827 1231 1942 1274 σταύ-

409 1316 527 1354 ρωσιν
558 1299 584 1354 ἦ
622 1300 771 1355 κατάρα
802 1302 1098 1356 προςετέτακτο,
1140 1299 1268 1341 ἐλθων
1292 1299 1333 1340 δὲ
1367 1298 1485 1347 αὐτὸς
1517 1316 1585 1347 τας
1616 1297 1806 1354 ἁμαρτίας
1830 1297 1944 1353 ’ἡμῶν

407 1366 619 1423 άνήνεγκεν
640 1369 703 1410 ἐπὶ
727 1368 856 1419 ξύλου,
887 1366 985 1424 ὑπὲρ
1010 1385 1121 1420 ημων
1143 1366 1282 1408 ἑαυτὸν
1302 1366 1485 1415 δεδωκως
1509 1365 1552 1408 vd
1577 1364 1674 1420 αἷμα
1694 1365 1817 1409 αὐτοῦ
1838 1365 1945 1421 ἡμᾶς

408 1435 596 1491 ἠγόρασε,
639 1435 681 1476 τό
709 1440 820 1488 σῶμα
846 1436 968 1477 αὐτοῦ
996 1434 1107 1488 ἡμῶν
1143 1433 1211 1484 τάς
1233 1434 1405 1489 κατάρας
1427 1437 1557 1486 ἔλυσε,
1594 1435 1791 1477 τουτέστιν
1822 1434 1944 1484 λύσας

407 1503 476 1551 τάς
497 1501 684 1557 άμαρτίας
708 1502 772 1544 διά
806 1508 875 1556 τῆς
903 1509 973 1545 τοῦ
1005 1508 1174 1559 σταυροῦ
1197 1506 1421 1556 μετανοίας,
1462 1505 1528 1544 καὶ
1552 1508 1622 1556 τῆς
1646 1503 1771 1545 αὐτοῦ
1794 1520 1943 1557 παρου-

407 1574 502 1620 σίας.
565 1570 664 1612 Οὕτε
698 1566 769 1613 οὖν
800 1569 823 1612 ὅ
856 1570 977 1652 νόμος
1010 1569 1180 1625 κατάρα,
1223 1570 1277 1624 μὴ
1308 1571 1481 1625 γένοιτο,
1524 1570 1613 1613 οὔτε
1643 1570 1686 1613 τὸ
1725 1569 1945 1626 εὐαγγέλιον

408 1641 519 1692 ἔλαβε
544 1638 614 1692 τήν
641 1638 832 1693 κατάραν,
865 1638 952 1681 οὕτε
979 1638 999 1680 ὁ
1019 1637 1177 1693 κύριος,
1217 1636 1309 1679 ἄλλα
1338 1637 1403 1680 δια
1426 1643 1495 1692 τῆς
1518 1637 1756 1693 προφάσεως
1778 1643 1847 1680 τοῦ
1877 1636 1945 1679 αύ-

408 1711 479 1749 τοῦ
509 1706 688 1748 θανάτου
717 1708 867 1749 λέλυται
900 1705 921 1749 ὁ
950 1706 1126 1754 θάνατος
1155 1723 1174 1747 0
1209 1723 1307 1747 κατα
1336 1711 1405 1759 τῆς
1436 1704 1637 1761 άμαρτίας.

524 1773 625 1816 Εἶτά
651 1790 769 1828 φησιν
795 1774 874 1826 ὅτι,
916 1773 959 1816 O
982 1773 1101 1828 νόμος
1125 1777 1304 1816 διακονία
1326 1776 1377 1827 ἠν
1401 1778 1472 1815 τοῦ
1491 1773 1682 1816 θανάτου.
1730 1772 1834 1827 ’Ήδη
1855 1774 1944 1829 περὶ

408 1841 552 1884 τούτου
585 1841 705 1884 πολλα
731 1845 911 1896 εἴπομεν,
955 1842 1014 1884 ὅτι
1046 1842 1119 1884 οὐκ
1150 1840 1268 1890 αὐτὸς
1300 1844 1350 1894 ἠν
1377 1840 1562 1890 διάκονος
1589 1840 1780 1883 θανάτου.
1845 1840 1946 1883 Οὔτε

409 1908 481 1965 γάρ
505 1911 605 1965 ἔλεγε
633 1909 833 1962 φονεύειν,
866 1908 942 1951 ἀλλ’
969 1911 1140 1952 ε’κέλευσε
1162 1910 1300 1964 λέγων,
1345 1908 1420 1962 Μὴ
1452 1908 1658 1967 φονεύσῃς.
1715 1907 1875 1963 Ἐπειδὴ
1904 1909 1946 1951 δὲ

410 1977 596 2029 ἐφόνευσε
620 1977 686 2019 τόν
713 1977 949 2029 φονεύοντα,
991 1980 1056 2019 ἰ’να
1077 1976 1271 2035 ἀναιρεθῇ
1295 1976 1360 2018 διά
1380 1981 1450 2018 τοῦ
1474 1975 1560 2025 ἑνός
1588 1981 1658 2018 τοῦ
1680 1977 1947 2029 φονευθέντος

408 2043 434 2098 ἦ
460 2050 531 2087 τοῦ
555 2044 683 2097 φόνου
707 2046 885 2100 ἐνέργεια,
917 2047 984 2086 καὶ
1014 2044 1085 2087 ¹61³
1109 2047 1176 2087 ἕνα
1202 2045 1449 2098 φοβηθέντες
1470 2045 1606 2086 πολλοὶ
1630 2043 1850 2099 κατάσχωσι
1875 2043 1946 2098 τήν

408 2112 567 2154 ἀδικίαν
588 2118 658 2154 τοῦ
682 2114 813 2166 μηκέτι
835 2113 1036 2164 φονεύειν,
1068 2111 1094 2166 ἦ
1119 2115 1298 2154 διακονία
1326 2108 1376 2166 ἦν
1399 2111 1604 2164 θανάτου,
1643 2112 1713 2166 ούχ
1734 2115 1801 2154 ἵνα
1820 2111 1943 2154 θάνα-

407 2197 475 2222 τον
495 2179 728 2238 διακονήσῃ,
768 2179 842 2221 ἀλλ’
868 2182 932 2221 ἵνα
960 2179 1136 2222 θάνατον
1163 2185 1217 2238 τῷ
1251 2185 1424 2238 φονευτῇ
1450 2179 1678 2236 ἐργάσηται,
1718 2182 1784 2222 ἵνα
1811 2181 1947 2233 μηκέτι

410 2249 599 2300 φονευταὶ
624 2249 756 2290 πολλοὶ
779 2251 969 2303 γίνωνται.
1022 2247 1181 2289 Ἐλθών
1214 2249 1255 2289 δὲ
1288 2246 1310 2290 ό
1335 2247 1486 2304 σωτήρ,
1519 2247 1653 2301 ἐπειδὴ
1685 2246 1823 2290 λοιπόν
1853 2248 1946 2289 ε’σω-

409 2315 594 2371 φρόνισεν
615 2314 637 2358 ό
660 2315 927 2371 παιδαγωγός,
959 2314 1001 2356 τὸ
1026 2321 1204 2357 πλεῖστον
1225 2321 1295 2357 τοῦ
1317 2315 1460 2370 χρόνου
1483 2315 1530 2357 τά
1555 2317 1793 2371 ε’ντελέστερα
1814 2313 1946 2368 μαθή-

410 2402 510 2437 ματα
539 2383 693 2432 δεικνύς
723 2382 814 2437 μετά
845 2389 914 2436 τῆς
945 2384 1177 2436 συμφωνίας
1209 2388 1280 2424 τοῦ
1311 2383 1460 2436 νόμου,
1491 2389 1580 2432 τοῦ,
1623 2382 1699 2436 Μὴ
1732 2381 1945 2440 φονεύσῃς,

411 2451 487 2505 Μὴ
514 2453 684 2509 κλέψῃς,
728 2450 802 2505 Μὴ
832 2450 1234 2508 ψευδομαρτυρήσῃς,
1266 2452 1343 2503 ἔφη
1370 2450 1450 2502 ὅτι,
1499 2456 1562 2508 Τῷ
1591 2453 1791 2506 ραπίζοντί
1821 2464 1862 2492 σε
1892 2451 1947 2498 εἰς

410 2518 481 2571 τὴν
503 2518 632 2569 δεξιάν
658 2517 836 2574 σιαγόνα,
868 2520 1037 2574 στρέψον
1069 2517 1207 2574 2αὐτῷ
1233 2519 1300 2559 καὶ
1322 2518 1393 2571 τὴν
1416 2517 1553 2572 ἄλλην,
1583 2521 1648 2560 ἵνα
1672 2522 1772 2572 ζωῆς
1794 2518 1947 2573 γένηται

409 2585 435 2639 ἦ
465 2590 664 2637 διακονία,
702 2587 992 2642 ἀναιρουμένου
1017 2586 1243 2627 παντάπασι
1276 2590 1345 2628 τοῦ
1371 2585 1512 2638 φόνου.
1571 2584 1620 2629 ‘O
1654 2584 1728 2641 γάρ
1756 2583 1946 2638 τυπτόμε-

409 2671 476 2702 νος
498 2653 570 2707 τήν
590 2654 751 2710 σιαγόνα
774 2652 1028 2710 παροξυσμὸν
1049 2653 1124 2694 οὐκ
1145 2652 1340 2708 ἐργάζεται
1358 2653 1502 2705 φόνου,
1533 2652 1626 2695 ἄλλα
1647 2652 1730 2694 λύει
1748 2651 1819 2706 τὴν
1840 2658 1947 2706 χεῖρα

408 2726 478 2763 τοῦ
513 2727 725 2773 φονευτοῦ,
769 2727 816 2780 τῇ
852 2719 1194 2777 ταπεινοφροσύνῃ
1232 2720 1432 2763 θωπεύων
1468 2721 1539 2774 τὴν
1573 2724 1614 2763 έν
1650 2718 1757 2777 αὐτῷ
1793 2722 1946 2761 κακίαν.

413 2790 492 2830 Καὶ
523 2789 649 2838 οὕτως
677 2789 806 2832 πάντα
838 2796 1046 2844 συμφωνεῖ
1071 2786 1216 2830 παλαιοὶ
1247 2790 1313 2829 καὶ
1343 2787 1459 2842 καινὴ
1490 2787 1676 2841 διαθήκη.

454 2914 483 2947 7.
509 2914 662 2957 λέγοντας
683 2927 743 2948 non
764 2918 852 2948 habet
875 2918 943 2948 cod.
966 2917 1095 2957 Rhediy.
1246 2914 1322 2946 CAP.
1336 2915 1502 2946 LXXXI.
1528 2932 1570 2938 —
1608 2914 1636 2946 ’1.
1662 2909 1706 2948 δι’
1724 2911 1760 2947 ἓν
1780 2914 1890 2946 habent
1909 2915 1946 2945 li-

453 2962 482 2991 δ.
511 2959 642 3001 σώματι
667 2959 834 3003 ἐφάγομεν
858 2963 925 2993 cod.
947 2962 1074 3001 Rhediy.
1200 2961 1246 2991 bri
1269 2969 1366 2991 manu
1390 2962 1514 2992 exarati
1537 2962 1564 2991 et
1588 2960 1634 2991 ed.
1656 2961 1755 2999 princ.

455 3004 485 3037 9.
511 3005 568 3038 τοῦ
594 3015 654 3036 non
677 3007 765 3038 habet
789 3008 855 3038 cod.
880 3007 1008 3045 Rhediy.
