2030 3324
502 201 685 234 PANAan
711 202 793 234 [ΑΒ.
814 203 852 235 n.
877 204 986 236 ΤοΜ.
1002 205 1042 236 11.
1068 203 1200 236 HAER.
1222 205 1350 237 inx.
1623 199 1701 239 691

151 280 351 322 sustinuit.
408 276 470 320 Ob
499 279 598 321 hanc
621 281 918 323 administrandi
943 284 1134 325 rationem
1161 285 1281 340 patris
1304 285 1543 326 voluntatem
1572 300 1617 326 ac
1640 287 1706 327 de-

151 354 298 389 cretum
337 346 561 401 significare
596 349 734 390 volens
770 352 972 406 apostolus
1010 352 1131 404 dixit,
1182 357 1282 393 Deus
1320 357 1518 393 suscitavit
1547 357 1652 394 illam
1683 370 1706 394 a

149 419 321 456 mortuis.

264 483 382 524 Aliud
405 484 566 540 insuper
590 499 642 526 ex
668 487 875 541 evangelio
896 486 1032 528 Lucae
1057 488 1321 529 testimoninm
1348 490 1560 541 adducunt,
1596 492 1707 545 plane
1735 496 1814 540 Cap.
1837 497 1913 529 LX.

150 552 346 602 divinum,
382 559 421 592 et
443 553 656 604 eximium,
693 562 728 594 et
759 556 803 595 ad
829 556 957 596 omnia
986 556 1101 610 longe
1125 557 1513 611 opportunissimum.
1573 557 1708 612 Quod-

149 635 236 662 nam
261 634 356 661 vero
380 621 470 661 illud
497 624 582 662 est?
642 621 838 664 Nimirum
869 638 953 663 cum
981 625 1026 664 ad
1054 625 1296 665 subeundam
1322 627 1543 681 passionem
1570 635 1707 683 suapte

149 696 287 743 sponte
311 688 490 730 dominus
514 705 748 732 accessurus
773 699 893 741 esset,
915 692 1112 747 discipulis
1136 694 1180 733 ad
1209 701 1380 734 montem
1406 697 1620 750 perductis,
1643 710 1708 736 ea-

149 759 235 799 dem
266 758 329 799 illa
363 758 456 798 liora
488 762 645 798 avulsus
674 768 731 798 es!
760 761 807 798 ab
839 762 916 799 illis
948 763 1084 812 lapidis
1103 763 1195 815 sere
1226 766 1348 811 iactu,
1395 771 1434 802 et
1462 766 1590 804 absens
1621 779 1707 803 oru-
1728 779 1919 814 Luc.22,42.

150 828 215 866 bat
244 829 303 866 ln's
334 829 480 866 verbe‘s:
526 831 640 867 Pater
669 831 707 867 si
728 830 831 880 fieri
851 837 998 880 polest,
1047 837 1216 869 lranseat
1254 846 1277 870 a
1309 846 1365 871 me
1395 835 1499 872 calix
1530 837 1622 881 isle,
1668 842 1710 873 ut

147 911 221 936 uon
254 897 374 935 bibam
407 898 526 935 illum.
594 899 853 936 Verumtamen
884 912 958 937 non
981 901 1080 950 qnod
1100 913 1170 950 ego
1194 901 1294 947 volo,
1329 903 1396 939 sed
1416 904 1517 953 quod
1538 910 1590 941 m.
1642 900 1708 942 Ex

150 979 225 1019 quo
250 964 300 1004 ita
327 964 546 1019 disputandi
574 965 821 1005 occasionem
847 973 1026 1020 captant:
1071 965 1216 1017 Vides,
1252 968 1456 1022 inquiunt,
1492 977 1533 1010 ut
1561 970 1606 1010 ad
1632 971 1710 1011 dis-

149 1034 389 1074 cernendum
430 1039 518 1087 apte
554 1032 707 1072 locutus
745 1032 820 1083 sit,
863 1041 902 1073 et
935 1035 1131 1075 diversam
1168 1036 1214 1075 ab
1247 1036 1311 1075 illo
1344 1037 1582 1078 voluntatem
1611 1038 1710 1078 indi-

150 1102 240 1143 cet?
298 1104 385 1141 Non
416 1103 517 1154 quod
545 1115 614 1152 ego
647 1103 750 1148 volo,
795 1104 862 1140 secl
890 1105 992 1154 qaod
1021 1111 1074 1141 tu.
1140 1100 1302 1143 Fierine
1340 1119 1435 1144 vero
1476 1113 1624 1160 potest,
1670 1114 1712 1147 ut

150 1170 286 1211 eadem
318 1170 518 1210 amborum
547 1169 599 1209 sit
631 1169 826 1220 essentia,
872 1185 957 1210 eum
995 1169 1034 1210 in
1070 1178 1236 1225 utroque
1270 1173 1344 1212 alia
1377 1172 1561 1214 voluntas
1594 1174 1712 1214 insit?

151 1237 230 1280 Sed
257 1238 333 1279 vim
357 1252 510 1278 omnem
537 1238 748 1278 verborum
772 1238 927 1293 penitus
953 1239 1152 1293 ignorant.
1216 1238 1319 1281 Nam
1346 1248 1383 1281 et
1404 1250 1611 1296 propterea
1641 1256 1711 1283 ex-

150 1308 293 1348 clamat
317 1306 542 1362 apostolns‚
578 1309 608 1345 O
627 1309 789 1346 altitudo
813 1310 1031 1347 divitiarum
1062 1316 1101 1347 et
1127 1311 1335 1361 sapientiae
1355 1325 1400 1349 ac
1426 1314 1605 1350 scientiae
1626 1314 1709 1350 del!
1730 1314 1918 1351 Rom-11‚33.

151 1375 360 1429 Quomodo
392 1375 493 1415 enim
520 1375 763 1416 voluntatem
789 1376 984 1430 propriam
1009 1391 1030 1416 a
1060 1383 1220 1431 paterna
1247 1378 1442 1418 diversam
1477 1392 1567 1420 esse
1594 1379 1709 1431 dixit,

152 1458 237 1484 cnm
277 1445 349 1484 l10c
384 1443 570 1499 apostolis
606 1443 688 1498 ipse
725 1444 1002 1485 declaraverit.
1080 1447 1245 1485 Turbata
1278 1455 1354 1494 est,
1399 1447 1546 1501 inquit,
1587 1451 1712 1488 anima
1732 1452 1845 1515 11:3⁰3&

149 1527 253 1552 mea:
297 1520 358 1563 et,
405 1515 668 1563 Qaz'dde'can1‚
707 1518 848 1564 pater?
894 1516 1009 1553 Salva
1035 1529 1091 1553 me
1121 1530 1170 1553 ex
1194 1517 1265 1553 hac
1287 1518 1395 1555 hora.
1461 1514 1575 1569 Quod
1605 1517 1713 1557 velut
1785 1508 1792 1522 ³
1849 1508 1854 1514 ¹

153 1582 410 1636 praeparandi
434 1579 561 1635 gratia
585 1581 766 1635 ambigue
790 1590 1020 1636 conceptum
1047 1589 1121 1623 est.
1187 1586 1286 1633 (had
1304 1587 1439 1632 (licam,
1477 1585 1615 1639 inquit,
1640 1600 1712 1637 pa—

152 1654 239 1689 ler?
284 1653 401 1690 Salva
432 1665 488 1689 me
518 1652 588 1688 leae
611 1652 736 1689 hora?
795 1649 907 1702 Hoc,
942 1651 1089 1705 inquit,
1125 1652 1273 1702 dicam,
1309 1656 1388 1692 Sed
1402 1662 1604 1705 propterea
1631 1657 1719 1693 vem'

153 1722 191 1758 z'n
224 1721 320 1759 leuno
351 1721 496 1758 horam.
563 1716 713 1773 Sponte
740 1733 882 1774 porro,
917 1733 994 1759 non
1022 1720 1190 1770 invitus,
1226 1721 1419 1772 arcessit3
1463 1736 1579 1777 supra
1609 1722 1711 1762 enim

153 1788 333 1838 dixerat,
379 1790 539 1827 Calicem
574 1788 689 1826 habeo
724 1789 933 1827 bibendum.
996 1791 1051 1828 Et
1080 1791 1172 1841 quid
1188 1791 1336 1842 festino
1367 1793 1483 1830 donec
1515 1792 1634 1830 bibam
1667 1793 1713 1830 il-

157 1858 254 1905 lum,
291 1863 352 1907 et,
387 1859 576 1908 Baptismo
609 1857 860 1908 baptizandas
884 1871 987 1905 sum,
1022 1865 1059 1896 et
1083 1861 1175 1910 quid
1198 1860 1280 1897 volo
1310 1861 1390 1898 nisi
1416 1867 1459 1898 nt
1487 1862 1559 1898 z'am
1591 1861 1712 1912 bapti·
1731 1864 1804 1893 Luc.
1819 1864 1860 1901 12,
1877 1864 1919 1894 50-

154 1930 252 1965 zer?
313 1924 449 1979 Quare
480 1925 511 1964 si
548 1931 587 1964 et
617 1925 723 1975 vult,
760 1932 798 1965 et
831 1926 1013 1975 festinat,
1048 1934 1086 1966 et
1109 1925 1222 1967 huius
1247 1927 1303 1967 rei
1331 1928 1457 1981 gratia
1481 1927 1639 1968 venisse
1672 1941 1715 1968 se

155 1994 264 2045 dicit,
298 1994 454 2048 quinam
479 1993 592 2034 aliam
618 2007 744 2044 suam,
774 1993 889 2034 aliam
915 1994 1036 2049 patris
1062 1995 1303 2036 voluntatem
1328 2010 1418 2037 csse
1443 1996 1715 2036 demonstrat?

158 2060 237 2103 Sed
263 2064 446 2118 quoniam
471 2076 539 2117 per
564 2060 820 2102 israeliticam
848 2070 1004 2117 gentem
1031 2064 1242 2104 tradendus
1265 2071 1374 2116 erat,
1409 2079 1494 2104 cum
1522 2065 1718 2106 humanis-

155 2132 277 2172 simus
304 2138 426 2182 esset,
460 2137 499 2171 et
521 2130 710 2171 Abraami
734 2131 843 2187 stirpi
872 2132 1080 2173 consulere
1107 2132 1242 2184 vellet,
1277 2132 1361 2173 eius
1386 2133 1510 2187 gratia
1535 2135 1587 2173 ita
1613 2134 1718 2174 locu·

157 2207 219 2241 tus
242 2207 318 2241 est.
383 2198 509 2240 Porro
539 2200 635 2240 llaec
667 2207 750 2241 erat
777 2200 897 2256 patris
923 2201 1128 2252 voluntas,
1163 2208 1204 2242 ut
1230 2201 1302 2241 hoc
1328 2202 1441 2241 modo
1469 2201 1717 2242 administra·

158 2277 295 2310 rentur
317 2268 469 2320 omnia,
504 2282 590 2308 cnm
620 2269 851 2324 proditionis
885 2268 950 2309 filii
976 2284 1116 2310 caussa
1142 2270 1395 2325 sibimetipsis
1424 2267 1626 2310 israelitae
1661 2271 1717 2310 l'o-

158 2345 268 2390 rent,
305 2351 430 2392 neque
453 2351 472 2377 a
500 2337 571 2377 deo
599 2345 859 2391 cogerentur3
902 2353 975 2379 nec
999 2338 1063 2379 lilii
1088 2339 1271 2379 voluntas
1303 2345 1389 2379 erat
1419 2352 1439 2377 a
1466 2346 1628 2392 paterna
1662 2338 1718 2378 di-

158 2421 290 2448 versa.
355 2405 435 2447 Sed
461 2406 500 2446 in
526 2406 598 2446 hoc
625 2406 930 2448 demonstranda
959 2407 1006 2447 ab
1035 2407 1119 2463 ipso
1144 2409 1208 2448 illa
1235 2409 1412 2456 fuerunt,
1447 2414 1489 2446 ut
1509 2407 1720 2461 singulari-

160 2483 278 2516 tatem
302 2489 455 2515 omnem
484 2474 529 2514 ad
561 2482 708 2530 patrem
735 2475 842 2516 velut
863 2476 908 2516 ad
934 2476 1163 2531 principium
1191 2478 1382 2525 referret,
1418 2488 1467 2515 ne
1492 2474 1621 2516 imitas
1653 2475 1718 2516 illa

159 2551 197 2585 et
229 2543 515 2585 administratio
548 2542 676 2598 aliqua
709 2558 761 2584 ex
794 2551 903 2599 parte-
936 2544 1193 2585 divideretur.

273 2611 441 2654 Praeter
469 2611 564 2652 haee
589 2612 678 2652 illud
707 2613 822 2653 etiam
850 2613 984 2653 obiicit
1015 2613 1260 2663 hacreticus,
1306 2613 1406 2667 quod
1437 2613 1474 2652 in
1512 2610 1718 2664 evangelio
1736 2609 1815 2652 0³¹1)-
1837 2608 1927 2640 LXI·

159 2680 297 2723 Lucae
322 2681 508 2736 scriptum
536 2687 612 2731 est,
648 2681 827 2721 nimirum
855 2683 942 2721 dum
965 2679 1314 2730 oraretChristuS,
1341 2688 1380 2721 et
1404 2681 1439 2720 in
1466 2679 1608 2735 agonia
1628 2694 1721 2720 con·

161 2751 321 2792 stitutus
348 2758 476 2800 esset,
511 2751 690 2790 sudasse.
753 2753 808 2790 Et
823 2752 959 2804 sactus
981 2758 1050 2798 est,
1085 2749 1225 2804 inquit,
1258 2752 1375 2789 sudor
1405 2752 1507 2797 eius,
1544 2756 1718 2801 tanquam
1738 2755 1810 2783 Luc.
1823 2754 1867 2790 2²,
1885 2754 1927 2782 n.

207 2854 239 2887 6.
266 2849 339 2892 ὅτι,
375 2852 420 2887 Τί
444 2864 508 2895 eqo.
559 2852 604 2886 Τί
625 2855 746 2893 placuit
779 2855 918 2886 petavio.
965 2858 1057 2894 repet.

164 2901 250 2932 Libri
273 2902 384 2932 habent
409 2896 472 2933 ὅτι.
1013 2900 1044 2932 9.
1070 2897 1106 2932 τὲ
1134 2908 1193 2930 om.
1217 2901 1249 2930 in
1272 2899 1319 2929 ed.
1346 2899 1452 2929 Pelav.
1481 2898 1544 2929 Col.
1565 2906 1630 2936 rep.

209 2945 238 2979 7.
267 2947 366 2986 Vulgo
398 2946 577 2977 distinctum
613 2948 655 2976 est
698 2944 796 2977 τοῦτο
833 2943 921 2987 φησὶ
1016 2944 1201 2976 (ΣΑΡ.[,ΧΙ.
1230 2961 1271 2967 —-
1300 2944 1327 2976 1.
1354 2942 1541 2986 διεπιφέρει
1560 2942 1722 2974 cod.Rhe-

165 2990 247 3024 εἴπω
262 3016 270 3029 ,
296 2987 382 3024 ἀλλὰ
407 2994 474 3023 cett.
968 2991 1031 3030 (159.

209 3040 240 3069 ὅ.
266 3029 369 3079 ἦλὶτεν
394 3038 505 3068 vitium
535 3040 577 3068 est
615 3036 660 3068 ed.
688 3036 796 3069 Petav.
817 3036 918 3068 Calon.
1015 3036 1047 3068 2.
1075 3031 1123 3074 ὥς
1145 3033 1330 3078 ἐμφέρεται
1348 3036 1468 3066 volebat
1490 3035 1599 3066 Petav.

1357 3095 1410 3133 44
1431 3091 1447 3107 '⁸
