2066 3319
345 180 423 219 408
906 181 1069 214 SANCTI
1092 181 1317 216 EPIPHANII

347 265 551 315 ποταμίας,
585 260 628 310 ὃς
652 255 702 313 ἦν
726 259 827 315 ἀνὴρ
853 258 951 302 κατά
973 259 1100 302 πάντα
1123 260 1370 315 Χριστιανὸς,
1400 262 1465 303 καὶ
1491 262 1565 303 4έν
1585 263 1710 316 ἔργοις
1732 263 1877 302 δικαιο-

350 330 471 383 σύνης
493 327 842 382 θαυμασιώτατος,
873 327 1008 382 χήραις
1031 329 1099 382 μὲν
1122 330 1303 383 ἐπαρκῶν
1324 331 1391 371 καὶ
1413 331 1594 383 πένησιν,
1625 327 1816 384 ὀρφανοῖς
1837 329 1879 370 δὲ

186 415 252 441 pag.
272 406 327 435 623.
347 399 413 438 καὶ
446 403 528 446 τοῖς
557 398 798 450 ένδεομένοις
828 399 1036 438 διανοεῖται
1062 398 1294 451 προςπλέξαι
1325 396 1425 453 πρὸς
1448 396 1516 439 τὸν
1539 395 1683 451 ἄνδρα,
1714 396 1761 438 ’ἵν’
1782 413 1880 438 υπο-

182 1089 270 1131 Κεφ.
294 1087 328 1125 ς’.

348 468 492 519 χείριον
515 470 654 507 τοῦτον
677 464 919 518 κτησάμενος
939 467 1128 518 δυνηθείη
1155 464 1202 506 δι’
1224 465 1345 507 αὐτοῦ
1367 464 1571 521 κατάρξαι,
1604 463 1651 507 οὗ
1673 463 1794 517 μόνον
1812 469 1881 518 τῆς

350 535 681 586 Μεσοποταμίας,
714 531 810 575 ἄλλα
842 533 909 574 καὶ
936 537 1005 574 τοῦ
1031 535 1213 585 κλίματος
1239 531 1384 582 παντὸς
1411 538 1482 575 τοῦ
1507 532 1606 588 πρὸς
1637 531 1705 586 τὴν
1730 534 1881 588 Συρίαν

349 618 388 642 τε
420 602 487 642 καὶ
515 599 739 654 Ῥωμανίαν.
804 599 954 656 Γράφει
984 601 1025 642 δὲ
1055 599 1160 657 αὐτῷ
1186 599 1387 654 ἐπιστολὴν
1413 600 1509 643 5διοὶ
1540 600 1748 656 Τύρβωνος
1776 599 1882 648 τινὸς

351 674 428 711 τῶν
452 668 575 712 αὐτοῦ
607 673 820 723 μαθητῶν,
853 667 929 711 οἷπό
954 673 1024 711 τοῦ
1048 669 1215 724 πέρατος
1236 674 1306 710 τοῦ
1335 667 1547 724 6Στράγγοι
1571 673 1771 721 ποταμοῦ,
1802 666 1880 710 άπὸ

352 739 569 780 Καστέλλου
605 736 844 793 Ἀραβίωνος
881 737 984 779 οὕτω
1021 738 1286 789 καλουμένου,
1326 736 1410 790 ἥτις
1444 736 1470 790 ἦ
1506 735 1686 789 ἐπιστολὴ
1719 742 1882 791 περιεῖχε

350 804 452 849 τάδε.
515 808 593 847 Καί
629 823 695 859 μοι
725 804 856 858 λαβών
887 804 1091 860 ἀνάγνωθι
1123 803 1164 846 τό
1193 804 1431 859 ἐπιτήδευμα
1460 810 1528 859 τῆς
1557 809 1627 846 τοῦ
1657 801 1883 855 άπατεῶνος

352 877 581 930 μοχθηρίας.

825 1011 1112 1045 *ΕΠΙΣΤΟΛΗ
1137 1010 1413 1044 ΜΑΝΙΧΔῙΟΥ.

470 1084 690 1133 Μανιχαῖος
723 1076 937 1127 ἀπόστολος
966 1076 1092 1131 Ἰησοῦ
1125 1082 1317 1133 Χριστοῦ,
1355 1079 1421 1119 καὶ
1453 1081 1493 1120 οἰ
1524 1077 1594 1119 σύν
1630 1080 1715 1132 ε’μοὶ
1746 1077 1887 1128 πάντες

355 1147 459 1203 ἅγιοι
481 1149 545 1189 καὶ
570 1147 779 1203 παρθένοι,
812 1147 1045 1203 Μαρκέλλῳ,
1075 1147 1195 1202 τέκνῳ
1221 1142 1421 1202 οἷγαπητῷ,
1451 1145 1574 1202 χάρις,
1605 1148 1722 1197 ἕλεος,
1752 1146 1886 1203 εἰρήνη

356 1215 435 1258 οἷπό
467 1221 568 1258 θεοῦ
600 1214 749 1270 πατρὸς
778 1217 846 1256 καὶ
867 1218 1009 1270 κυρίου
1034 1212 1146 1267 ἡμῶν
1169 1212 1296 1266 Ἰησοῦ
1323 1218 1513 1268 Χριστοῦ,
1543 1216 1609 1256 καὶ
1631 1212 1658 1267 ἦ
1682 1213 1788 1265 δεξιοὶ
1817 1221 1887 1257 τοῦ

358 1283 491 1337 φωτὸς
513 1283 736 1338 διατηρησει
755 1297 796 1324 σε
817 1280 897 1324 α’πὸ
919 1287 988 1323 τοῦ
1013 1283 1219 1329 ἐνεστῶτος
1243 1282 1387 1330 αἰῶνος
1406 1287 1586 1336 πονηροῦ
1607 1284 1674 1324 καὶ
1694 1288 1772 1325 τῶν
1793 1298 1886 1337 συμ-

357 1351 575 1406 πτωμάτων
605 1351 731 1393 αὐτοῦ
760 1369 825 1392 και
858 1352 1035 1405 παγίδων
1064 1354 1134 1391 τοῦ
1164 1353 1351 1418 πονηροῦ.
1408 1347 1541 1403 Ἀμην.

475 1418 555 1473 Την
579 1420 646 1473 μὲν
672 1420 761 1474 περὶ
787 1419 825 1460 σὲ
850 1415 1009 1474 α’γαπην
1032 1420 1212 1499 μεγίστην
1237 1411 1361 1458 οὖσαν
1390 1418 1600 1469 αἰσθηθεὶς
1629 1421 1713 1460 λίαν
1736 1419 1887 1501 ἐχάρην,

356 1488 427 1542 την
455 1489 497 1530 δὲ
527 1491 655 1529 πίστιν
683 1505 755 1529 ουκ
789 1481 910 1528 οὖσαν
943 1502 1042 1527 κατα
1073 1484 1141 1527 τόν
1165 1484 1294 1541 ὀρθόν
1325 1483 1439 1540 λόγον
1474 1484 1715 1540 ιηχθέσθην.
1764 1486 1890 1530 ’Ὅθεν

357 1556 459 1613 πρὸς
481 1555 759 1611 ἐπανόρθωσιν
780 1560 852 1596 τοῦ
873 1559 952 1596 τῶν
973 1553 1203 1608 ἀνθρώπων
1223 1554 1360 1609 γένους
1379 1552 1628 1606 ἀποσταλεὶς,
1659 1555 1892 1610 φειδόμενός

356 1643 394 1667 τε
424 1630 503 1667 τῶν
533 1623 664 1682 οἷπάτη
695 1625 761 1666 καὶ
790 1621 919 1681 πλάνῃ
945 1621 1109 1671 ἑαυτούς
1140 1620 1436 1673 ἐκδεδωκότων,
1465 1626 1587 1664 ταῦτα
1611 1621 1658 1664 τά
1687 1623 1892 1679 γράμματα

358 1693 459 1750 πρὸς
483 1694 522 1735 σὲ
547 1690 762 1748 άναγκαῖον
785 1690 991 1748 ἡγησάμην
1022 1690 1266 1741 ἀποστεῖλαι,
1298 1694 1453 1745 πρῶτον
1477 1690 1547 1743 μὲν
1571 1690 1671 1747 πρὸς
1699 1695 1892 1749 σωτηρίαν

359 1768 427 1816 τῆς
451 1766 650 1804 2σεαυτοῦ
672 1766 823 1814 ψυχῆς,
855 1761 985 1802 ἔπειτα
1012 1760 1053 1801 δὲ
1077 1760 1144 1801 καὶ
1175 1763 1251 1800 τῶν
1276 1757 1356 1811 ἅμα
1384 1772 1443 1800 σοι
1475 1758 1762 1814 τυγχανόντων,
1793 1760 1893 1817 πρός

359 1830 400 1873 τό
432 1836 449 1860 3
464 1829 517 1884 μή
543 1828 772 1883 οῗδιάκριτόν
796 1843 836 1871 σε
858 1830 954 1882 ἔχειν
975 1827 1044 1870 τὸν
1065 1826 1263 1883 λογισμόν,
1295 1824 1349 1875 ὥς
1371 1828 1410 1868 οἷ
1429 1831 1507 1868 τῶν
1531 1824 1805 1884 οἷπλουστέρων
1825 1847 1893 1871 κα-

360 1897 578 1954 θηγεμόνες
599 1897 828 1940 διδάσκουσι
847 1898 1020 1953 λέγοντες
1040 1894 1082 1938 τὸ
1106 1893 1262 1951 άγαθὸν
1283 1895 1349 1937 καὶ
1369 1894 1412 1936 τὸ
1435 1894 1558 1937 κακὸν
1579 1893 1658 1939 οἷπό
1680 1901 1750 1938 τοῦ
1769 1895 1892 1940 αὐτοῦ

363 1970 577 2024 φέρεσθαι,
609 1968 675 2008 καὶ
703 1969 794 2020 μίαν
817 1964 938 2021 ἀρχὴν
964 1965 1250 2019 εἰςηγούμενοι,
1282 1962 1330 2005 οὐ
1359 1965 1640 2019 διακρίνοντες,
1673 1964 1766 2006 οὐδὲ
1795 1968 1892 2008 διαι-

362 2042 520 2093 ροῦντες
542 2034 618 2077 ἀπὸ
642 2039 713 2076 τοῦ
735 2033 865 2087 φωτός
889 2033 931 2075 vd
957 2032 1115 2084 σκότος,
1146 2033 1211 2074 καὶ
1235 2030 1277 2073 τὸ
1304 2030 1458 2087 οῗγαθόν
1481 2030 1558 2074 ἆπό
1583 2038 1653 2075 τοῦ
1676 2038 1804 2076 κακοῦ
1825 2035 1892 2076 καὶ

362 2104 540 2157 φαύλου,
575 2104 640 2145 καὶ
661 2103 730 2145 τόν
751 2105 898 2152 ἔξωθεν
920 2100 1138 2156 ἄνθρωπον
1160 2099 1237 2142 άπὸ
1261 2104 1331 2142 τοῦ
1356 2101 1490 2151 ἔνδον,
1523 2105 1543 2129 4
1560 2099 1612 2150 οἷς
1640 2104 1890 2157 προείπομεν,

361 2171 455 2215 ἄλλα
480 2176 687 2228 κιρνῶντες
707 2173 773 2212 καὶ
794 2173 1139 2226 ἐγκαταμιγνῦντες
1159 2168 1328 2224 θάτερον
1347 2169 1502 2226 θατέρῳ
1522 2167 1569 2211 οὗ
1587 2169 1789 2212 παύονται.
1829 2169 1891 2212 Σύ

362 2242 417 2292 δὲ,
446 2236 478 2283 αἶ
497 2242 645 2291 τέκνον,
670 2238 722 2293 μὴ
742 2241 804 2280 ἴσα
825 2245 907 2287 τοῖς
930 2244 1084 2287 πολλοῖς
1102 2243 1180 2279 τῶν
1198 2236 1426 2293 ἀνθρώπων
1449 2235 1655 2292 ἀλογίστως
1674 2239 1742 2280 καὶ
1760 2236 1892 2288 ἅπλῶς

361 2308 576 2364 ἀμφότερα,
610 2307 662 2358 ὥς
684 2306 732 2349 ἂν
752 2306 875 2360 τύχοι,
906 2305 1067 2364 ἓνώσῃς,
1100 2306 1196 2360 μηδὲ
1216 2309 1267 2362 τῷ
1289 2310 1359 2359 τῆς
1381 2302 1635 2360 άγαθοσύνης
1656 2311 1741 2364 θεῷ
1765 2311 1783 2335 ⁵
1798 2307 1890 2348 ἄνα-

360 2381 507 2419 τίθεσο.
551 2375 689 2432 Ἀρχήν
709 2374 781 2431 γάρ
803 2376 869 2416 καὶ
893 2375 1010 2426 τέλος,
1041 2375 1107 2416 καὶ
1127 2372 1195 2416 τὸν
1216 2373 1364 2416 τούτων
1385 2375 1532 2430 πατέρα
1555 2379 1632 2416 τῶν
1649 2380 1797 2426 κακῶν,
1827 2376 1892 2418 ἐπὶ

362 2444 432 2487 τόν
453 2444 552 2487 θεὸν
574 2445 853 2500 ἀναφέρουσιν,
886 2438 940 2484 ὧν
957 2441 999 2484 τὸ
1020 2443 1128 2491 τέλος
1151 2442 1323 2498 κατάρας
1344 2441 1466 2498 ἐγγύς.
1532 2441 1632 2484 Οὔτε
1652 2441 1725 2498 γάρ
1750 2445 1791 2485 ἐν
1811 2449 1892 2492 τοῖς

363 2515 579 2569 εἰρημένοις
615 2512 878 2569 δεύαγγελίοις
913 2509 1003 2566 παρ’
1031 2510 1156 2552 αὐτοῦ
1187 2516 1258 2552 τοῦ
1291 2515 1464 2566 σωτῆρος
1493 2509 1608 2564 ἡμῶν
1638 2512 1703 2553 καὶ
1735 2514 1888 2567 κυρίου,

358 2581 485 2635 Ἰησοῦ
511 2585 704 2637 Χριστοῦ,
735 2579 1002 2630 πιστεύουσιν,
1035 2578 1095 2620 ὅτι
1120 2577 1168 2620 οὗ
1191 2578 1353 2621 δύναται
1382 2581 1544 2635 δένδρον
1569 2578 1686 2620 καλόν
1713 2577 1891 2634 καρπούς

200 2649 510 2702 pag.624.nau01)9
539 2655 723 2704 ποιῆσαι,
762 2649 855 2690 οὐδὲ
884 2646 962 2702 μὴν
991 2648 1153 2702 δένδρον
1181 2646 1305 2689 κακόν
1334 2646 1477 2696 καλούς
1506 2644 1689 2702 κάρπους
1717 2651 1887 2700 ποιῆσαι.

406 2742 437 2775 4.
463 2742 495 2777 ἐν
520 2754 578 2775 om.
601 2746 634 2775 in
656 2745 702 2775 ed.
722 2745 828 2775 Ρείαυ.
856 2744 918 2774 Col.
941 2744 1033 2781 repet.
1148 2742 1180 2772 in
1202 2745 1327 2781 ulroque
1350 2743 1426 2773 libro
1444 2750 1502 2772 ms.
1510 2764 1520 2780 ,
1553 2749 1613 2772 non
1632 2742 1715 2771 extat
1736 2741 1769 2770 in
1791 2741 1889 2772 editis.

407 2790 437 2821 ὃ
463 2784 547 2822 οὕτω
574 2787 650 2831 διὰ,
682 2790 763 2828 quod
787 2790 898 2819 vitium
920 2787 1104 2827 typographi
1196 2786 1273 2816 CAP.
1297 2787 1351 2818 VI.
1376 2805 1420 2810 —
1467 2786 1495 2818 1.
1520 2787 1568 2817 Ita
1589 2785 1673 2824 editi,
1695 2788 1722 2815 et
1742 2786 1888 2817 cod.1en.

362 2836 440 2874 fuit,
465 2845 501 2865 ex
524 2836 570 2865 ed.
591 2844 639 2873 pr.
663 2835 782 2873 repetiit
801 2835 957 2865 Petavius.
1149 2841 1169 2862 a
1188 2841 1228 2862 m.
1249 2841 1305 2863 sec.
1322 2842 1328 2849 ·
1318 2833 1435 2871 ,idem
1457 2841 1476 2862 a
1493 2840 1534 2862 m.
1555 2839 1604 2869 pr.
1624 2839 1694 2861 cum
1713 2830 1779 2861 cod.
1793 2831 1888 2864 Rhed.

408 2878 439 2911 6.
465 2881 616 2931 Stran9ae
638 2881 726 2920 fluvii
750 2882 777 2910 et
801 2880 923 2910 castelli
943 2878 1105 2910 Arabiom's
1148 2878 1236 2908 habet
1249 2873 1423 2928 ηχέσὲτην.

363 2926 474 2956 mentio
507 2925 539 2964 fib
566 2926 598 2956 in
622 2926 703 2956 Acus
733 2925 875 2955 Archelai
905 2933 925 2954 α
948 2923 1104 2963 Zacaynio
1192 2921 1223 2954 2.
1248 2919 1364 2955 ἑαυτοῦ
1389 2922 1455 2954 cod
1476 2921 1604 2960 Rhedz'y.

364 2971 453 3002 editis
474 2979 569 3009 p099.
609 2969 732 3008 ..‚100
757 2973 783 3000 et
806 2967 836 3001 9.
856 2967 910 3001 99.
935 2969 1006 3000 100,
1192 2965 1223 2999 3.
1249 2964 1285 3000 τὸ
1312 2979 1361 3008 μη
1384 2962 1582 3018 ἀδιάκριτον
1603 2966 1791 2997 coniecerunt
1815 2967 1888 2997 Cor-

410 3015 425 3033 *
460 2980 620 3055 Inscriptio
648 3016 815 3055 epistolae,
848 3023 926 3054 quae
955 3015 1105 3055 reperitur
1147 3021 1217 3044 nar.
1241 3014 1383 3044 etPelav.
1428 3008 1484 3046 τὸν
1504 3006 1692 3055 ἀδιάκριτον
1713 3012 1778 3043 cod.
1792 3011 1887 3043 Rhea.
