2066 3319
487 187 669 220 PANARH
692 186 774 218 Lm.
794 187 835 219 Π.
860 187 969 220 ΤοΜ.
990 188 1031 221 11.
1057 187 1328 220 HAER.vai.
1601 179 1681 218 553

245 267 366 321 Atqui
389 266 573 320 scriptum
602 273 682 316 est,
716 266 795 316 ait,
839 270 935 306 Caro
960 275 995 306 el
1016 271 1173 317 sanguis
1202 282 1360 318 reguum
1381 270 1444 306 dee·
1467 282 1540 306 tlon
1557 271 1679 319 possi·
1701 266 1875 336 'xfffxlx‘fw

131 337 281 375 debunt.
346 333 434 388 Qua
455 334 671 389 scripturae
696 335 891 375 sententia
914 335 1088 375 nonnihil
1114 336 1266 375 ellicere
1293 349 1336 375 se
1363 342 1482 390 putat.
1532 334 1680 375 Verum
1693 325 1888 376 l.⁴(‘J‹›r'.15‚5⁰s

133 404 246 458 longe
271 403 302 443 is
325 402 496 443 aberrat.
561 399 722 443 Certum
758 403 859 443 enim
885 411 946 444 cst
977 418 1053 443 non
1081 417 1194 457 posse
1218 411 1392 457 stuprum
1418 403 1589 443 coeleste
1620 416 1682 443 re-

130 485 246 526 gnum
273 471 473 521 obtinere,
511 484 582 511 nec
612 470 866 521 adulterium,
912 485 1037 524 neque
1070 470 1267 511 libidinem
1302 485 1373 511 nec
1405 471 1681 520 idololatriam,

132 552 232 594 quae
268 539 398 579 omnia
432 552 501 593 per
536 552 693 579 carnem
730 545 766 578 et
801 539 1030 592 sanguinem
1064 539 1314 592 intelligenda
1337 541 1453 578 sunt.
1515 537 1618 578 Nam
1651 538 1682 578 si

131 620 286 648 carnem
318 614 356 647 et
378 606 608 661 sanguinem
635 606 691 647 sic
718 607 1011 660 interpretaris,
1048 614 1087 646 ut
1111 607 1156 646 ad
1184 606 1377 660 propriam
1403 606 1570 646 hominis
1598 621 1681 646 car-

130 688 217 716 nem
245 674 463 729 pertineat,
509 689 676 729 quonam
712 675 825 714 modo
850 688 985 714 verum
1016 674 1108 714 illud
1144 687 1232 714 esse
1266 673 1435 728 poterit?
1496 678 1889 727 ριιυίῳιυίΙυᾶΜ-1,Ιῖ-

130 751 253 782 autem
287 751 511 795 receperunt
539 745 643 782 illum
657 774 667 790 ,
703 745 803 781 dedic
831 746 884 781 eis
909 750 1129 794 potestatem
1143 744 1255 793 filios
1279 744 1467 793 deific-ri.-
1515 745 1582 794 qm'
1608 758 1681 781 non

129 827 178 851 ea·
200 813 465 863 sanguinibus,
501 826 619 863 neque
638 827 686 849 ea:
707 825 822 849 carne
844 814 928 849 mm'
943 819 1044 857 sunt,
1079 813 1146 848 sed
1164 826 1212 848 ezr
1231 813 1310 848 (leo.
1357 808 1456 863 Quis
1478 810 1515 849 in
1541 811 1682 850 mundo

128 879 213 920 sine
239 893 357 920 carne
379 887 493 920 natus
520 880 606 920 est?
666 877 814 919 Vcrum
840 878 1020 932 quoniam
1044 892 1120 918 non
1146 884 1307 918 naturae
1334 878 1487 932 quidem
1511 878 1681 928 illorum,

129 947 191 1002 qui
217 961 270 988 ex
301 954 502 1002 parentum
537 960 654 987 carne
682 953 719 986 ct
748 946 940 1000 sanguine
965 946 1168 1000 propagati
1187 954 1300 997 sunt,
1335 947 1403 987 sed
1429 946 1546 987 animi
1579 961 1684 986 com-

129 1015 265 1056 mutati
293 1022 406 1066 sunt,
441 1030 485 1055 ac
514 1015 685 1055 secunda
713 1014 968 1068 generatione
1001 1028 1021 1053 a
1050 1014 1206 1054 domino
1234 1028 1303 1067 per
1331 1014 1508 1067 spiritum
1534 1014 1684 1067 ignem-

127 1098 200 1138 que
235 1083 456 1139 procreati,
501 1089 734 1138 propterea,
778 1085 912 1129 Dedit,
948 1082 1093 1136 inquit,
1138 1085 1215 1121 illis
1244 1090 1464 1134 potestatem
1483 1084 1596 1133 filios
1626 1084 1690 1120 dee·

114 1155 225 1204 fieri.
292 1149 361 1192 Sic
385 1152 504 1206 igitur
525 1165 577 1191 ex
602 1164 720 1191 carue
744 1151 831 1191 istic
852 1158 890 1190 et
911 1151 1101 1204 sanguine
1124 1149 1204 1190 nati
1226 1157 1331 1191 sunt.
1385 1149 1528 1203 Neque
1555 1156 1685 1189 tamen

127 1220 175 1260 ob
202 1220 484 1260 traductionem
508 1219 610 1260 illam
635 1220 681 1260 ad
704 1218 891 1259 iustitiam
920 1219 1081 1259 alterius
1113 1233 1166 1259 ex
1195 1232 1313 1259 carne
1339 1225 1378 1258 et
1400 1217 1591 1272 sanguine
1617 1217 1685 1257 lia-

124 1288 239 1328 betur
261 1287 532 1342 generationis
558 1287 673 1327 ratio.
738 1286 983 1341 Quamquam
1011 1287 1048 1327 in
1076 1301 1192 1327 carne
1222 1286 1495 1336 nihilominus,
1531 1293 1569 1326 et
1595 1299 1686 1326 san-

126 1357 243 1411 guine
267 1362 547 1411 permaneaut3
580 1355 688 1395 velut
713 1356 788 1395 alio
810 1355 896 1395 loco
920 1354 1034 1405 dicit,
1067 1358 1111 1394 In
1137 1369 1252 1394 carne
1276 1356 1509 1394 ambulantes
1530 1369 1603 1393 mm
1624 1369 1682 1392 se·
1694 1362 1718 1390 2.
1732 1362 1800 1389 Cor.
1814 1364 1891 1397 10,3.

125 1427 285 1464 cundum
322 1439 471 1463 caruem
507 1426 723 1462 nn'le‘lamus.
789 1422 987 1476 Quocirca
1020 1422 1124 1463 inest
1156 1423 1310 1477 quidem
1342 1436 1460 1473 caro,
1505 1423 1573 1462 scd
1605 1436 1682 1462 non

125 1493 338 1533 secundum
366 1506 523 1532 carnem
549 1492 701 1531 militat.
766 1490 869 1531 Hinc
895 1498 955 1532 est
979 1491 1079 1545 quod
1104 1491 1178 1541 ait,
1216 1494 1372 1530 Carnem
1400 1499 1437 1529 et
1460 1493 1890 1542 sanguinem1.c⁰r.1;·›,50.

125 1563 282 1600 coeleste
317 1576 475 1612 regnum
511 1564 658 1599 ηιίιιίηιε
681 1563 888 1611 possidere.
954 1557 1028 1600 Ubi
1062 1573 1138 1598 nou
1181 1559 1226 1598 (le
1259 1573 1305 1599 ea
1341 1573 1460 1599 carne
1495 1559 1682 1613 loquitur,

125 1643 224 1684 quae
246 1629 445 1669 laboribus
466 1629 614 1677 attrita,
651 1642 749 1682 qnae
775 1627 982 1668 sanctitate
1008 1634 1256 1677 consecrata,
1291 1641 1388 1681 quae
1413 1628 1485 1668 deo
1514 1627 1681 1681 denique

125 1705 234 1751 grata
265 1697 338 1747 sit,
373 1697 440 1737 sed
466 1697 512 1736 de
535 1710 579 1736 ea
605 1710 703 1750 quae
731 1696 768 1735 in
798 1703 1047 1751 peccatorum
1081 1695 1262 1735 sordibus
1291 1695 1503 1735 detinetur.
1567 1693 1682 1748 Quod

125 1765 199 1806 nisi
232 1765 285 1805 ita
319 1772 401 1815 est,
445 1765 600 1819 quinam
634 1764 725 1804 illud
750 1763 900 1818 impleri
926 1764 1089 1818 poterit:
1140 1767 1296 1815 Oportet
1316 1767 1411 1802 em'm
1436 1765 1888 1815 corrnplz'be‘le1.C‹›1·.15‚53.

124 1835 193 1873 lzoc
228 1836 384 1873 induere
417 1836 757 1885 ilecm‘rzqm'onem,
803 1840 839 1871 et
861 1834 1018 1871 mortale
1049 1833 1118 1870 ltoc
1153 1834 1308 1870 influere
1335 1834 1685 1871 immortalilatem?

125 1899 241 1955 Quod
275 1901 419 1942 clarius
448 1901 549 1941 idem
583 1901 783 1956 apostolus
806 1899 1056 1955 significans,
1101 1913 1148 1940 ne
1185 1900 1248 1953 qui
1285 1899 1449 1940 forsitan
1485 1907 1680 1950 errarent,

124 1977 239 2025 atque
275 1970 323 2010 ob
359 1969 511 2010 scelera
548 1969 594 2009 de
629 1969 862 2009 formatione
898 1968 1074 2022 corporis
1110 1967 1147 2007 in
1177 1968 1470 2008 resurrectione
1501 1969 1684 2023 despera-

120 2045 234 2089 rent,
269 2037 328 2078 his
355 2037 489 2078 verbis
514 2037 714 2077 hortatur:
762 2038 994 2088 Mol-[ficato
1021 2038 1204 2084 membra,
1241 2051 1336 2089 quae
1366 2044 1458 2076 sunt
1486 2040 1524 2076 ι’1ι
1558 2044 1676 2085 terra,
1701 2045 1767 2072 Col.
1786 2046 1818 2080 3,
1836 2047 1862 2073 5.

124 2106 199 2147 hoe
234 2113 318 2156 est,
365 2105 688 2155 fornicationem,
734 2105 989 2156 adulterium,
1034 2104 1255 2155 libidinem,
1291 2111 1366 2145 etc.
1430 2102 1513 2144 Imo
1544 2111 1582 2145 et
1614 2119 1682 2145 eos

125 2174 253 2229 [audi]
279 2173 343 2228 qui
370 2172 557 2215 Galilaeis
579 2180 843 2228 apparuerunt
867 2187 1013 2227 eosque
1049 2172 1105 2213 sic
1139 2173 1296 2214 allocuti
1321 2180 1434 2214 sunt:
1482 2176 1593 2212 Hunc
1622 2176 1680 2212 Ie-
1700 2183 1761 2209 Act.
1783 2182 1808 2217 ι,
1829 2184 1868 2211 11.

122 2258 224 2291 sum,
259 2258 364 2295 quem
392 2245 537 2281 vidistis
565 2257 587 2281 α
616 2243 716 2281 vobis
737 2249 990 2294 assumptum,
1024 2245 1080 2281 sic
1107 2245 1230 2281 veniet
1252 2244 1555 2294 quemadmodum
1589 2244 1680 2280 vide·-

122 2314 192 2350 ste's
223 2326 304 2350 eum
335 2318 579 2362 assumptum.

235 2378 303 2420 Ex
325 2379 406 2430 his,
441 2392 540 2433 quae
564 2379 752 2419 hactenus
775 2378 877 2419 dieta
906 2385 1018 2429 sunt,
1055 2379 1167 2419 facile
1199 2378 1465 2432 intelligentes
1500 2377 1678 2419 homines
1710 2367 1864 2439 LX-‘Q'jx-

122 2454 287 2502 possunt
312 2454 386 2487 tam
421 2447 468 2487 ad
501 2460 618 2487 veros
650 2460 854 2487 sermones
882 2461 997 2501 qnam
1023 2445 1248 2487 Manichaei
1276 2446 1478 2486 mendacia
1510 2447 1679 2487 animum

122 2516 356 2556 advertere:
390 2522 431 2555 ut
461 2515 615 2555 tametsi
641 2515 845 2570 quodpiam
871 2515 1028 2556 allatum
1063 2515 1108 2555 ab
1133 2528 1180 2555 eo
1214 2514 1478 2555 testimonium
1505 2522 1681 2569 praeter-

122 2584 318 2635 miserim,
354 2597 405 2624 ex
430 2583 579 2624 duobus
604 2583 677 2623 illis
703 2581 925 2637 tribusque,
961 2597 1058 2638 quae
1080 2583 1490 2634 commemoravimus,
1527 2583 1677 2637 reliqua

122 2651 169 2692 ab
203 2665 249 2692 eo
284 2652 381 2693 falso
410 2652 574 2692 conficta
602 2651 958 2706 deprehendantur.
1022 2650 1110 2692 Nos
1143 2658 1272 2691 autem
1306 2651 1424 2704 longo
1459 2665 1678 2706 asperoque

120 2780 202 2809 runt.
249 2781 286 2810 Al
311 2781 344 2809 ut
366 2780 397 2809 in
427 2778 586 2808 codicibus
606 2786 704 2808 manu
735 2779 876 2809 exaratis
920 2787 993 2809 voce
1018 2773 1119 2810 ἄκουε
1142 2778 1255 2807 vicinis
1275 2777 1436 2807 vocabulis
1455 2778 1612 2816 absorpta.

121 2824 241 2854 nullum
265 2825 331 2855 eius
355 2824 540 2862 suspicionis
560 2824 733 2863 indicium,
758 2824 801 2853 ita
821 2832 875 2854 nec
972 2822 1048 2853 Car.
1077 2821 1278 2852 LXXXlX.
1305 2839 1348 2844 -—
1399 2822 1425 2852 1.
1452 2823 1504 2853 Sic
1528 2825 1606 2853 recle
1623 2824 1681 2853 Pe-

121 2870 302 2899 senlentiam
335 2870 374 2899 ab
409 2869 474 2900 ulla
508 2869 574 2899 iam
606 2872 696 2907 parte
728 2877 877 2899 mancam
924 2869 1037 2899 favius.
1089 2867 1186 2898 Codd.
1199 2876 1271 2897 mss.
1285 2870 1311 2897 ee
1331 2868 1516 2906 edic.princ.
1540 2865 1681 2908 ἐπιστῆ-

121 2921 183 2943 esse
194 2914 323 2952 videbis,
347 2917 515 2953 postquam
537 2915 694 2944 levissima
714 2915 877 2945 correctio·
924 2924 986 2945 ναι.

120 2966 157 2988 ne
177 2959 367 2989 restituimus
393 2954 482 2990 Ἀλλ’
507 2953 611 2991 ἄκουε
634 2957 691 2990 καὶ
712 2956 790 2995 τοὺς
812 2961 878 2990 cett.
968 2959 999 2988 2.
1024 2956 1082 2989 τοῦ
1107 2966 1166 2987 om.
1190 2958 1236 2988 ed.
1257 2958 1366 2988 Peluv.
1383 2958 1486 2988 Coton.
1501 2960 1592 2997 repet.
1640 2960 1675 2990 ln

123 3003 220 3043 Vulyo
241 3005 322 3035 enim
345 3005 502 3043 leyebatur
524 2999 608 3037 ἀλλὰ
628 3002 686 3037 καὶ
706 3001 784 3042 τοὺς
799 3006 880 3043 cett„
925 3012 1005 3043 seqq.
1026 3003 1188 3034 abundare
1208 3003 1332 3034 videtur
1354 3001 1542 3045 λεγομένου.
