2066 3319
552 205 736 238 PANARH
760 205 843 238 ΜΒ.
861 206 902 238 11.
927 207 1034 239 ToM.
1055 209 1095 240 11.
1121 207 1251 240 HAER.
1272 208 1393 240 vat.
1663 198 1744 237 475

299 284 388 340 Age
417 299 519 326 nunc
544 283 710 325 Matrem
737 285 838 325 illam
869 286 971 327 vitae
998 287 1217 338 videamus,
1254 302 1364 342 quam
1394 287 1439 327 ab
1465 286 1622 328 Virtute
1654 300 1742 342 pro·
1804 296 1882 340 Cap.

206 354 355 395 ductam
388 354 571 403 affirmat,
618 353 855 407 eandemque
895 369 979 395 cum
1017 356 1138 409 primo
1169 356 1321 396 bomine
1352 356 1519 410 quinque
1553 356 1745 396 elementa

205 435 459 477 procreasse,
494 435 591 476 quae
614 429 704 462 sunt
728 435 778 462 ex
800 422 900 463 illius
925 423 1127 477 opinione,
1162 431 1325 474 ventus,
1360 424 1442 474 lux,
1478 439 1591 479 aqua,
1625 423 1742 478 iguis,

205 497 245 530 et
271 489 447 530 materia.
512 488 662 543 Quibus
687 490 843 531 indutus
867 492 953 542 ille,
999 492 1103 532 velut
1127 492 1171 532 ad
1203 493 1500 546 comparandum
1535 492 1674 532 bellum
1706 491 1744 532 in

205 557 392 598 inferiora
424 558 604 613 delapsus
641 573 725 599 cum
756 559 927 601 tenebris
962 574 1197 613 congressus
1223 567 1296 599 est.
1360 559 1463 600 Nam
1499 560 1744 600 tenebrarum

202 624 406 681 Principes
440 640 523 666 cum
561 641 607 666 eo
631 627 886 682 confligentes
919 642 970 668 ex
999 628 1083 668 eius
1117 635 1335 678 armatura,
1378 642 1476 682 quae
1511 628 1637 668 anima
1668 635 1743 678 est,

204 694 379 735 nonnihil
415 695 642 735 adederunt.
715 693 750 736 Ο
787 696 964 736 inimicas
1004 695 1245 736 circulatoris
1277 695 1464 750 ineptias!
1521 711 1542 735 o
1581 697 1744 737 fabulam

203 762 284 803 risu
307 763 410 803 omni
433 777 477 803 ac
503 763 668 804 ludibrio
695 765 873 818 dignam!
940 762 1089 817 Ubique
1113 764 1243 803 divino
1272 765 1416 804 numini
1442 764 1741 805 imbecillitatem

201 831 368 885 affingit,
403 845 567 887 eumque
590 832 653 887 qui
676 833 783 873 novit
805 831 931 872 omnia
956 846 1104 872 summa
1127 832 1294 886 undique
1314 832 1530 886 ignorantia
1553 833 1746 873 constrin-

202 900 272 954 git.
335 899 436 940 Nam
471 901 532 955 qui
557 899 725 941 Matrem
761 900 862 940 illam
892 901 997 940 vitae
1030 901 1280 955 produxerit,
1315 900 1398 941 sive
1426 901 1627 955 ignorabat
1658 901 1746 956 quid

202 975 306 1009 esset
330 968 395 1009 illa
421 970 590 1020 factura,
624 969 708 1010 sive
742 969 815 1009 iam
845 970 944 1009 facta
970 969 1123 1009 diversa
1150 969 1196 1009 ab
1221 983 1267 1009 eo
1296 969 1395 1023 quod
1430 977 1658 1024 speraverat
1688 970 1746 1009 in-

201 1044 318 1077 venta
346 1044 450 1087 sunt,
485 1037 678 1078 infamiam
705 1038 877 1091 effugere
902 1051 980 1077 non
1012 1044 1153 1092 potest.
1216 1036 1395 1079 Necesse
1420 1045 1480 1079 est
1506 1038 1607 1078 enim
1634 1037 1745 1093 igno-

200 1104 351 1146 rantiae
383 1106 488 1146 illum
512 1107 620 1160 argui
648 1106 710 1160 qui
740 1120 824 1146 cum
855 1105 956 1146 aliud
985 1113 1214 1146 eventurum
1241 1120 1328 1147 esse
1355 1106 1609 1161 cogitaverit,
1644 1107 1745 1147 aliud

201 1180 359 1228 praeter
380 1175 618 1215 voluntatem
653 1188 760 1215 suam
787 1174 969 1215 evenisse
997 1182 1130 1230 postea
1153 1175 1369 1228 cognoscit.
1434 1173 1547 1229 Quod
1573 1190 1666 1216 vero
1699 1176 1743 1216 ad

200 1243 301 1283 illam
325 1243 426 1283 vitae
451 1242 620 1284 Matrem
642 1243 800 1293 attinet,
836 1258 947 1298 quam
971 1244 1085 1284 etiam
1112 1242 1309 1284 Virtutem
1335 1244 1530 1295 nominat,
1558 1251 1594 1284 et
1627 1244 1672 1285 ab
1698 1259 1744 1285 eo

200 1311 284 1352 vult
317 1325 404 1351 esse
438 1312 688 1367 productam,
732 1326 843 1366 quam
877 1319 986 1367 turpe
1023 1319 1082 1352 est
1108 1310 1224 1352 Vitae
1259 1312 1360 1352 illam
1385 1311 1554 1353 Matrem
1590 1313 1740 1353 dicere!

199 1378 329 1420 Nemo
355 1381 482 1430 enim,
516 1381 578 1434 qui
605 1394 702 1420 sano
727 1380 867 1420 iudicio
900 1381 1097 1435 praeditus
1123 1381 1195 1431 sit,
1243 1382 1447 1422 admittere
1473 1382 1674 1437 quicquam
1706 1382 1744 1423 in

202 1447 333 1489 divina
360 1456 497 1489 natura
528 1449 734 1489 femineum
770 1456 912 1503 potest.
975 1450 1030 1489 At
1062 1449 1138 1489 iste
1170 1449 1283 1490 etiam
1311 1450 1356 1490 ab
1394 1450 1463 1490 bac
1498 1450 1637 1491 femina
1671 1451 1746 1506 pri-

201 1531 302 1557 mum
340 1531 427 1558 esse
462 1524 706 1572 procreatum
736 1517 929 1557 bominem
956 1525 1110 1567 narrat,
1145 1525 1206 1568 et,
1241 1533 1318 1559 uno
1341 1519 1462 1559 verbo
1489 1519 1634 1570 dicam,
1669 1519 1745 1575 pri-

201 1600 301 1626 mum
331 1586 545 1635 bominem,
584 1585 775 1640 Vitaeqne
799 1584 966 1627 Matrem
992 1586 1036 1626 ad
1064 1600 1197 1627 eornm
1234 1602 1332 1641 quae
1367 1588 1402 1627 in
1431 1587 1542 1628 nobis
1568 1588 1745 1628 accidere

201 1662 415 1695 cernuntur
436 1655 725 1695 similitudinem
755 1662 997 1695 commentus
1025 1663 1097 1695 est.
1161 1654 1362 1710 Siquidem
1387 1664 1424 1697 et
1450 1657 1562 1697 bomo
1583 1665 1746 1697 vocatur

198 1722 236 1763 in
265 1730 393 1774 terra,
429 1731 467 1763 et
495 1731 640 1774 mater,
686 1737 782 1777 qnae
810 1737 879 1763 nos
917 1737 937 1763 e
972 1731 1074 1764 terra
1105 1725 1261 1778 genuit,
1307 1739 1482 1779 quaeque
1504 1725 1657 1766 Adamo
1690 1725 1745 1765 di-

200 1791 344 1832 vinitus
367 1799 426 1832 est
449 1793 646 1847 producta.
712 1790 819 1846 Ergo
847 1793 979 1832 eadem
1007 1806 1104 1846 quae
1125 1793 1162 1832 in
1191 1800 1294 1833 terra
1316 1794 1409 1833 liunt
1432 1795 1546 1834 etiam
1576 1795 1611 1834 in
1634 1795 1745 1834 coelo
1782 1814 1858 1842 Gen.
1877 1816 1900 1843 1.

200 1860 362 1915 reperiri
385 1874 455 1901 sua
481 1861 657 1901 inductus
680 1861 860 1914 opinione
883 1860 1057 1916 stupidus
1084 1861 1197 1901 homo
1223 1869 1403 1916 nugatur.
1454 1861 1565 1916 Quae
1591 1863 1742 1917 quidem

198 1928 244 1968 ab
271 1929 374 1968 omni
398 1929 549 1969 ratione
575 1937 663 1969 sunt
686 1928 948 1980 alienissima3
992 1930 1027 1969 id
1049 1931 1146 1984 quod
1178 1930 1319 1984 ubique
1343 1945 1479 1971 sacrae
1505 1932 1640 1972 literae
1673 1946 1743 1972 nos

199 1997 355 2037 docent.
419 1996 531 2051 Quae
557 1999 933 2049 coelestzffeorpora,
970 2006 1008 2038 et
1042 2007 1191 2038 terrena
1221 2014 1379 2052 corpora
1413 2000 1639 2040 nominatim
1669 2013 1946 2050 ex-1.Cor.15,⁴o.

202 2066 396 2121 primunt,
429 2069 496 2105 secl
513 2069 589 2105 αΙιά
623 2074 679 2105 est
704 2068 915 2105 coelestium
946 2069 1098 2118 gloria,
1141 2069 1218 2106 alia
1250 2076 1497 2108 terrenorum.
1562 2067 1635 2110 Ubi
1667 2083 1742 2108 non

198 2135 244 2175 de
267 2134 316 2175 iis
340 2149 439 2189 quae
462 2149 579 2190 supra
605 2135 797 2175 coelestes
822 2135 938 2175 orbes
961 2142 1051 2175 sunt
1073 2136 1246 2187 disserit,
1279 2137 1347 2177 sed
1373 2137 1418 2177 de
1443 2136 1742 2192 aspectabilibus

197 2203 294 2244 iisce
323 2204 575 2258 corporibus,
609 2204 716 2254 sole,
750 2203 864 2253 luna,
910 2203 993 2244 sive
1025 2204 1138 2244 etiam
1166 2205 1212 2245 de
1238 2205 1285 2245 iis
1310 2219 1407 2260 quae
1442 2205 1478 2245 in
1508 2212 1612 2245 terra
1634 2212 1741 2255 sunt,

197 2279 473 2313 sanctorumve
504 2271 757 2327 corporibus,
801 2272 1117 2326 quemadmodum
1152 2288 1220 2328 pro
1252 2274 1440 2314 tenuitate
1469 2282 1602 2314 nostra
1625 2272 1743 2313 inter-

195 2342 424 2396 pretandum
449 2342 656 2382 credimus.
722 2339 858 2382 Utrum
886 2354 983 2381 vero
1006 2341 1052 2381 de
1077 2342 1122 2382 iis
1144 2341 1305 2398 insuper
1333 2357 1430 2397 quae
1451 2356 1567 2397 supra
1591 2342 1740 2382 coelum

197 2409 370 2450 eminent
400 2410 472 2450 hoe
504 2410 589 2450 loco
613 2423 742 2450 sermo
768 2409 841 2459 sit,
876 2417 1033 2465 propter
1054 2411 1281 2452 immensam
1305 2411 1469 2466 apostoli
1495 2410 1741 2452 altissimam-

196 2492 270 2533 que
308 2479 535 2529 scientiam,
578 2479 674 2519 certi
718 2477 810 2518 nibil
854 2479 1079 2520 asserimus.
1144 2479 1324 2520 Terrena
1367 2480 1517 2534 quidem
1560 2480 1741 2534 pleraque

197 2547 533 2588 commemoravit.
598 2546 755 2601 Quanto
802 2547 924 2600 magis
968 2561 1065 2602 quae
1106 2549 1215 2589 coelo
1257 2549 1340 2603 ipso
1382 2548 1581 2603 superiora
1626 2549 1741 2589 sunt?

198 2614 378 2669 Quanam
410 2617 560 2657 ratione
592 2630 678 2656 cum
712 2615 876 2656 terrenis
909 2617 1121 2670 comparari
1155 2618 1360 2672 poterunt?

195 2709 335 2740 Ceterum
357 2718 499 2748 peccasse
515 2710 679 2741 Petavium
703 2717 773 2739 cum
795 2709 941 2747 interpre—
989 2706 1178 2752 ἐπιδέχεται
1194 2719 1263 2740 cum
1285 2707 1303 2742 ὁ
1327 2708 1519 2751 κτηνώδης,
1543 2711 1625 2750 quod
1644 2720 1739 2750 prae-

194 2757 310 2785 tareeur
334 2753 485 2797 vitaeque
503 2755 643 2785 Matrem
662 2752 704 2784 ad
725 2764 838 2784 eorum
859 2764 941 2796 quae
988 2756 1111 2786 cedebat
1129 2757 1297 2786 subiectum
1319 2758 1483 2787 sententiae
1501 2758 1673 2796 proximae.

193 2802 282 2838 cett.,
316 2809 404 2831 nemo
423 2803 464 2831 est
486 2803 539 2841 qui
562 2811 623 2832 non
647 2800 771 2839 videat,
803 2802 941 2839 praeter·
1033 2800 1061 2833 Τ.
1088 2795 1180 2846 οῧτῖω
1195 2802 1339 2832 Galaher.
1364 2802 1382 2832 l.
1398 2803 1416 2832 l.
1430 2811 1463 2841 p.
1479 2803 1544 2834 1500
1555 2811 1620 2842 sqq.
1654 2803 1740 2833 Libri

193 2853 287 2884 quam
309 2847 392 2885 quod
414 2848 508 2877 verba
532 2844 594 2888 τήν
615 2842 716 2888 φύσιν
744 2847 838 2884 plane
858 2847 940 2876 inta-
986 2847 1096 2878 habent
1120 2842 1219 2878 ου’τω.

195 2892 243 2920 cta
273 2894 363 2930 atque
396 2893 534 2931 neglecta
566 2893 663 2931 liquit.
728 2892 810 2922 Verte
839 2896 872 2920 et
905 2896 941 2921 ut
1032 2895 1063 2923 ὅ.
1091 2888 1256 2929 σωμάτων
1287 2894 1463 2932 suspicatus
1486 2896 1527 2925 est
1553 2894 1736 2925 Gatakerus.

197 2933 369 2966 universim
391 2935 518 2974 dicam,
545 2937 685 2980 primum
709 2935 876 2967 hominem
901 2947 939 2967 ex
1031 2936 1061 2968 9.
1087 2934 1183 2978 ὅμως
1203 2933 1250 2974 ὦς
1272 2947 1335 2978 eyn.
1382 2933 1479 2979 ὅμως
1500 2940 1674 2972 emendatio
1695 2942 1736 2971 est

195 2978 290 3011 rebus
321 2980 470 3012 humanis
502 2982 595 3014 finxit
625 2993 695 3013 esse
723 2988 873 3014 naturam
907 2988 940 3012 et
987 2984 1146 3015 Gataheri.
1194 2984 1280 3014 Libri
1300 2984 1410 3015 habent
1435 2981 1539 3026 ὁμῶς.

194 3023 281 3057 vitae
298 3026 460 3066 Matrem,
485 3039 581 3071 qnam
603 3028 695 3060 dicit.
1032 3030 1081 3060 10.
1106 3027 1201 3072 ποσῷ
1226 3038 1289 3069 eyo.
1337 3027 1434 3075 πόσῳ
1459 3032 1530 3061 libri
1552 3040 1664 3062 omnes.

239 3069 272 3104 6·
292 3073 399 3105 Pelav-
419 3076 544 3107 coniecit
566 3073 744 3120 ἐνδέχεται.
793 3076 940 3108 Construe
1032 3074 1080 3106 ll.
1113 3075 1206 3115 Vutyo
1235 3071 1381 3118 οὐρανῶν
1391 3087 1401 3116 ς
1439 3073 1541 3110 πόὶῑεν
1573 3079 1638 3108 cett.
1664 3077 1735 3109 Ver-
