2066 3319
147 829 234 872 Κεφ.
255 825 320 871 μζ.

155 2390 243 2433 Κεφ.
265 2387 332 2432 μη’.

176 2464 243 2493 pag.
261 2457 319 2484 661.

333 186 413 226 478
890 192 1051 225 SANCTI
1076 193 1299 226 EPIPHANH

336 277 434 322 θης·
463 267 577 310 οὐδὲν
607 268 679 323 γάρ
710 270 752 310 ἐν
779 269 841 310 σοὶ
871 270 1099 323 καθέστηκε.
1165 275 1249 311 Τῶν
1278 269 1350 325 γάρ
1378 267 1570 323 Ἑλλήνων
1590 268 1637 310 τά
1659 268 1856 322 ποιήματα

337 336 420 378 άντὶ
448 341 516 389 τῆς
549 334 734 389 άληθείας
768 338 1038 390 παρειςφέρων
1061 342 1210 396 πλανᾷς
1235 336 1328 386 τούς
1357 336 1432 378 ὑπὸ
1467 342 1540 379 σοῦ
1571 335 1854 390 ἠπατημένους.

340 403 446 457 Τάχα
471 402 545 458 γάρ
572 401 668 454 ὑπὲρ
706 404 746 444 σὲ
771 401 950 452 Ἡσίοδος
973 404 1185 459 ἐφρόνησε,
1227 404 1272 446 τά
1296 406 1384 459 περὶ
1410 409 1480 457 τῆς
1506 408 1715 460 Θεογονίας
1742 421 1856 458 ποιη-

334 471 500 524 τεύματα
528 470 828 526 διηγησάμενος,
859 470 954 525 τάχα
978 470 1163 526 Ὀρφεύς,
1195 472 1288 526 τάχα
1309 471 1538 527 Εὐριπίδης.
1589 471 1754 514 Ἐκεῖνοι
1783 470 1856 527 γάρ

333 538 406 581 κάν
446 541 705 594 καταγέλαστα
745 537 999 593 διηγήσαντο,
1045 542 1154 593 δῆλοί
1193 542 1287 582 εἰσιν
1327 539 1387 582 ὅτι
1424 541 1580 593 ποιηταὶ
1621 538 1858 595 ὑπάρχοντες

334 607 631 660 ἐποιητεύσαντο
661 605 708 647 τά
738 605 810 649 οῦκ
834 606 944 648 ὅντα·
988 606 1035 648 σύ
1060 608 1102 649 δὲ
1134 626 1188 656 ως
1218 626 1310 650 οντα
1341 610 1477 665 διηγῇ,
1514 610 1579 649 ’ἵνα
1604 607 1675 662 τὴν
1706 605 1858 660 πλάνην

332 677 603 732 περισσοτέραν
633 673 788 732 ἐργάσῃ.

452 815 575 853 Τοῦτο
602 811 765 862 φάσκεις
785 808 828 852 τὸ
850 815 1003 863 πνεῦμα
1034 809 1077 853 τὸ
1111 815 1184 861 ζῶν
1211 810 1402 852 κατελθὸν
1432 808 1536 852 κάτω
1561 811 1769 852 δεδωκέναι
1800 812 1858 851 δε-

331 878 428 930 ξιάν,
459 880 526 920 καὶ
559 885 574 908 1
593 877 860 931 άνενηνοχέναι
883 877 959 920 άπὸ
985 883 1053 920 τοῦ
1076 877 1240 928 σκότους
1259 878 1326 920 τὸν
1351 883 1505 933 πρῶτον
1522 877 1729 932 λεγόμενον
1751 875 1859 932 παρά

331 949 394 990 σοὶ
418 946 657 1002 ἄνθρωπον,
695 945 764 987 τὸν
793 945 897 988 κάτω
922 948 962 988 ἐν
988 952 1070 995 τοῖς
1094 948 1324 1001 κατωτέροις
1349 946 1668 997 κινδυνεύσαντα,
1697 945 1767 987 τὸν
1786 962 1855 986 κα-

334 1014 520 1057 τελθόντα
552 1018 673 1056 σώσαι
712 1014 783 1067 τὴν
812 1015 1060 1069 βεβρωμένην
1095 1013 1247 1067 ψυχὴν,
1288 1015 1355 1055 καὶ
1387 1013 1440 1067 μὴ
1474 1015 1694 1067 δυνηθέντα
1723 1017 1859 1063 σῶσαι,

336 1082 427 1125 άλλά
462 1081 580 1126 αὐτὸν
613 1083 959 1125 κεκινδυνευκέναι.
1031 1084 1137 1130 2Εἰς
1170 1085 1360 1136 σωτηρίαν
1395 1081 1675 1134 ἀπεσταλμένος
1708 1079 1859 1122 ἐκινδύ-

335 1166 458 1202 νευσε,
491 1153 557 1192 καὶ
584 1150 779 1204 ἐπεδεήθη
803 1151 934 1204 ἑτέρου
956 1149 1072 1190 πάλιν
1095 1148 1383 1202 άπεσταλμένου
1407 1149 1506 1204 πρὸς
1526 1148 1598 1202 τὴν
1621 1147 1763 1190 τούτου
1785 1162 1859 1189 σω-

335 1222 482 1274 τηρίαν.
528 1218 649 1276 Πόσῳ
671 1235 711 1273 γε
733 1222 876 1271 μᾶλλον
898 1215 924 1270 ἦ
944 1215 1051 1270 ’ψυχὴ
1074 1215 1350 1267 κινδυνεύσειε,
1381 1215 1428 1257 δι’
1446 1216 1496 1269 ἣν
1528 1214 1549 1257 ὁ
1574 1213 1861 1268 α’πεσταλμένος

336 1292 489 1341 πρῶτος
512 1285 725 1340 ἅνθρωπος
750 1283 878 1326 ἐλθών
903 1284 1163 1334 ἐκινδύνευσε,
1204 1282 1314 1324 Ἀλλά
1339 1285 1406 1325 καὶ
1425 1283 1605 1338 δεύτερον
1629 1282 1859 1335 άπεσταλμέ-

334 1372 401 1397 νον
427 1357 480 1403 εἰς
498 1352 540 1395 τὸ
564 1358 703 1403 σῶσαι,
734 1351 831 1405 ὅπερ
853 1350 1016 1403 φάσκεις
1036 1349 1133 1392 εἶναι
1159 1350 1277 1399 αὐτὸς
1302 1355 1467 1404 Πνεῦμα
1487 1356 1571 1401 ζῶν.
1634 1357 1651 1381 3
1666 1348 1775 1391 Κατά
1797 1366 1861 1403 με-

333 1422 496 1475 τάμελον
527 1426 547 1449 4
562 1419 636 1473 ἄρα
659 1418 682 1461 ό
705 1418 842 1474 Πατὴρ
864 1417 1058 1461 άπέστειλε
1079 1417 1147 1460 τὸν
1169 1420 1224 1460 ἔτι
1255 1423 1273 1447 5
1288 1418 1547 1474 ἰσχυρότερον,
1577 1420 1642 1460 ἵνα
1663 1422 1735 1459 τοῦ
1753 1416 1860 1473 πρώ-

334 1507 406 1531 του
432 1487 650 1544 άνθριόπου
676 1486 803 1541 σωτὴρ
826 1487 990 1541 γένηται.
1025 1486 1081 1527 Ἢ
1097 1485 1229 1541 ἠγνόει
1249 1487 1318 1539 μὲν
1342 1488 1490 1529 ἐκεῖνον
1510 1485 1775 1528 ἀδυνατοῦντα
1793 1484 1861 1527 τὸν

336 1562 509 1611 πρῶτον,
542 1557 609 1597 καὶ
629 1553 922 1608 ὑπολαμβάνων
943 1553 1001 1596 ὅτι
1023 1553 1157 1605 σώσει,
1192 1553 1516 1603 κινδυνεύσαντος
1547 1553 1667 1597 αὐτοῦ
1695 1552 1859 1608 ὕστερον

334 1624 399 1667 διά
425 1630 492 1677 τῆς
522 1627 656 1679 πείρας
677 1621 855 1677 ἐγνωκώς
885 1621 1138 1677 προβάλλεται
1163 1623 1228 1663 καὶ
1262 1620 1496 1672 άποστέλλεις
1545 1623 1624 1663 Καὶ
1652 1620 1774 1675 πολλή
1802 1623 1860 1670 τίς

335 1697 435 1737 ἐστιν
456 1691 482 1746 ἦ
504 1691 666 1741 άτοπία,
699 1685 729 1732 ὦ
752 1695 969 1743 Μανιχαῖε,
1000 1691 1066 1731 καὶ
1087 1687 1302 1731 άσύστατον
1323 1688 1366 1731 τὸ
1391 1689 1498 1744 παρά
1520 1694 1594 1731 σοῦ
1616 1689 1859 1744 ληρολόγημα

334 1767 402 1815 τῆς
434 1759 562 1812 πάσης
589 1761 848 1807 διδασκαλίας.
911 1757 1060 1799 Φάσκει
1092 1759 1133 1799 δὲ
1169 1757 1282 1799 πάλιν
1313 1757 1373 1800 ὅτι
1407 1755 1597 1799 κατελθὸν
1624 1755 1667 1798 τὸ
1697 1760 1861 1809 Πνεῦμα

335 1831 454 1871 ἔδωκε
491 1826 638 1877 δεξιάν,
682 1828 749 1868 καὶ
784 1824 968 1880 άνήνεγκε
1002 1824 1071 1867 τὸν
1105 1830 1261 1879 πρῶτον
1296 1824 1599 1867 κινδυνεύσαντα
1632 1823 1860 1878 ἄνθρωπον.

336 1896 413 1938 Διά
432 1900 546 1938 τοῦτο
569 1893 780 1949 μυστήριον
804 1900 884 1942 τοῖς
906 1894 1049 1935 ἑαυτοῦ
1075 1899 1272 1947 μαθηταῖς
1291 1894 1567 1948 παραδέδωκεν
1591 1894 1646 1941 εἷς
1667 1889 1710 1934 τὸ
1737 1893 1859 1933 ἐπιδι-

335 1965 447 2007 δόναι
472 1961 601 2012 δεξιάν
622 1961 715 2003 ὅταν
738 1960 913 2014 άλλήλοις
935 1959 1219 2014 συναντήσωσι,
1250 1963 1409 2014 σημείου
1433 1958 1566 2015 χάριν,
1597 1958 1650 2008 οἷς
1671 1958 1748 2001 άπὸ
1770 1957 1860 2000 σκό-

336 2050 427 2081 τους
448 2031 650 2078 σωθέντες.
708 2028 772 2070 Ἐν
802 2027 874 2084 γάρ
908 2032 961 2085 τῷ
988 2028 1114 2070 σκότει
1141 2028 1269 2070 πάντα
1293 2029 1435 2080 φάσκει
1458 2026 1576 2078 εἶναι,
1608 2025 1708 2080 πλὴν
1737 2024 1858 2068 αὐτοῦ

337 2100 471 2154 μόνου.
532 2098 611 2138 Καὶ
631 2095 703 2152 γάρ
727 2099 767 2138 οἵ
785 2097 937 2148 τυφλοὶ,
967 2095 1102 2150 χλεύης
1124 2098 1234 2138 ἕνεκα
1258 2101 1411 2149 μᾶλλον,
1442 2094 1549 2151 παρά
1569 2099 1647 2136 τῶν
1675 2092 1859 2149 ὁρώντων

337 2167 380 2211 τὸ
409 2167 645 2219 κακόφημον
677 2166 910 2213 ἐκκλίνοντες
938 2163 1037 2206 πολύ
1067 2165 1269 2218 βλέποντες
1298 2162 1500 2206 ἀκούουσι.

449 2368 549 2412 Εἶτα
573 2367 714 2421 φάσκει
733 2366 871 2418 πάλιν,
903 2369 1032 2422 ἑτέρας
1053 2366 1159 2417 τινάς
1179 2365 1418 2415 κατασκευάς
1440 2364 1535 2419 ’ἡμῖν
1555 2366 1621 2408 καὶ
1643 2363 1858 2420 άρχιτεκτο-

337 2443 422 2489 νίας
448 2438 718 2494 ἐργαζόμενος,
760 2434 812 2484 ὥς
840 2435 976 2490 παρών
1007 2437 1144 2486 ἐκεῖσε,
1182 2437 1247 2477 καὶ
1279 2434 1565 2487 φανταζόμενος
1590 2431 1637 2475 τά
1669 2431 1721 2486 μὴ
1752 2430 1857 2482 ὄντα,

338 2507 396 2550 ὅτι
421 2506 505 2548 τότε
525 2511 638 2548 τοῦτο
665 2503 706 2546 τὸ
730 2509 803 2554 ζῶν
829 2507 994 2555 Πνεῦμα
1019 2504 1162 2553 ἔκτισε,
1193 2503 1313 2556 φησὶ,
1343 2501 1410 2543 τὸν
1434 2500 1592 2554 κόσμον.
1652 2501 1732 2541 Καὶ
1761 2497 1856 2540 αὐτὸ

336 2580 438 2630 τρεῖς
469 2574 598 2629 ἑτέρας
630 2571 813 2625 δυνάμεις
842 2571 1012 2625 φορέσαν
1053 2570 1119 2611 καὶ
1153 2569 1342 2612 κατελθὸν
1376 2566 1560 2624 άνήνεγκε
1587 2567 1680 2616 τούς
1699 2565 1859 2621 ’Ἀρχον-

1286 2636 1308 2650 η

337 2660 424 2692 τας,
465 2643 530 2683 καὶ
567 2641 790 2695 ἐστερέωσεν
828 2640 868 2680 ἐν
900 2641 953 2695 τῷ
987 2635 1238 2691 στερεώματι,
1284 2655 1304 2678 ο
1341 2639 1441 2679 ἐστιν
1477 2634 1605 2677 αὐτῶν
1642 2633 1668 2688 ἡ
1697 2639 1856 2688 σφαῖρα.

344 2715 357 2738 ¹
374 2710 454 2750 Καὶ
474 2707 515 2750 τὸ
539 2709 608 2762 μὲν
631 2706 857 2762 ἀνήνεγκεν,
899 2703 987 2747 οὔτε
1007 2709 1091 2746 νοεῖ
1117 2702 1139 2746 o‘
1169 2704 1371 2758 κτηνώδης
1404 2709 1487 2752 πῶς
1515 2704 1637 2760 ἑαυτῷ
1661 2699 1857 2755 άντιμάχε-

385 2856 461 2887 Cn.
475 2857 613 2887 XLVII.
631 2874 674 2880 —
704 2855 731 2887 1.
755 2857 803 2888 Ita
825 2855 998 2886 emendavit
1015 2855 1073 2886 Pe·
1162 2851 1194 2885 3.
1217 2854 1251 2884 1η
1275 2853 1363 2884 editis
1379 2853 1555 2883 distinctum
1583 2852 1626 2881 est
1653 2851 1756 2880 minus
1775 2859 1856 2881 com-

339 2906 401 2934 tav.
447 2903 532 2932 Libri
554 2903 663 2932 habent
685 2897 880 2944 οἷνενοχέναι.
1118 2898 1206 2929 mode
1241 2896 1304 2936 ζῶν
1344 2894 1430 2930 κατὰ
1464 2891 1655 2937 μετάμελον.
1697 2888 1763 2935 ἄρα
1791 2897 1856 2926 cett.

383 2947 414 2979 2.
438 2948 583 2978 Pelavius
607 2948 726 2977 volebat
757 2944 804 2983 εἰς
826 2943 991 2987 σωτηρίαν
1012 2940 1075 2986 γὰρ
1123 2944 1289 2974 Carnarius
1311 2951 1382 2973 vero
1408 2942 1496 2972 vertit
1528 2940 1589 2971 Per
1617 2938 1857 2980 poenitentiam

339 2988 454 3026 ἅπεστ.
500 2993 565 3023 Non
588 3000 664 3031 opus
682 2994 723 3022 est
741 2992 899 3031 particula
921 2987 994 3032 γὰρ.
1119 2986 1217 3030 igitur
1237 2987 1333 3018 Pater
1351 2984 1482 3017 demisit
1504 2987 1569 3016 cett.
