2066 3319
423 168 500 206 454

424 249 481 292 ἐπ’
505 250 633 307 αὐτῷ,
666 248 731 291 διοὶ
751 249 794 291 τό
819 252 857 300 ἐξ
883 247 1003 305 ἀρχῆς
1023 254 1262 303 σεσυλῆσθαι
1285 248 1403 292 αὐτόν
1425 249 1503 292 find
1524 254 1602 292 τῶν
1624 248 1858 305 Ἀρχόντων,
1889 252 1955 293 καὶ

1613 322 1630 329 ’ν
1667 317 1677 332 9
1707 316 1716 331 ,
1779 317 1789 332 ἳ
1825 323 1843 331 -e

424 319 606 373 γενέσθαι
631 316 736 375 αὐτῷ
758 320 911 370 θλίψιν.
970 315 1122 359 Τούτου
1142 315 1255 373 χάριν
1278 319 1420 371 πέμπει
1441 320 1506 360 καὶ
1532 323 1628 375 συλα
1653 336 1707 359 απ
1738 336 1868 361 αυτων
1886 317 1957 373 τὴν

985 171 1146 205 SANCTI
1168 172 1393 205 EPIPHANll

427 385 558 440 ψυχὴν
581 384 700 427 αὐτοῦ
723 384 817 427 καθ’
837 383 985 440 ἡμέραν
1006 383 1070 427 δια
1093 390 1171 427 τῶν
1193 385 1411 441 φωστήρων
1434 385 1602 437 τούτων,
1633 384 1742 439 ἡλίου
1764 387 1829 428 καὶ
1850 385 1956 440 σελή-

426 473 517 508 νης,
549 452 617 507 ὑφ’
640 449 693 495 ῶν
713 453 803 502 ὅλος
826 451 848 495 ὅ
870 453 1020 507 κόσμος
1045 455 1111 495 καὶ
1135 457 1241 495 πᾶσα
1263 452 1289 507 ἡ
1311 457 1432 503 κτίσις
1458 452 1677 510 ἁρπάζεται.
1732 453 1809 496 Τόν
1829 455 1870 496 δὲ
1892 460 1956 497 λα-

424 522 592 577 λήσαντα
625 521 718 576 μετὰ
745 522 953 570 Μωυσέως
984 522 1049 563 καὶ
1083 526 1160 563 τῶν
1186 520 1386 564 Ἰουδαίων
1415 524 1479 564 καὶ
1508 527 1585 564 τῶν
1614 523 1747 576 ἱερέων
1777 521 1845 565 τόν
1863 521 1957 579 ’Ἀρ-

402 591 404 594 ’
426 609 542 645 χοντα
565 591 664 646 λέγει
687 588 784 632 εἶναι
803 595 873 632 τοῦ
895 588 1077 639 σκότους·
1111 589 1203 638 ῶςτε
1225 592 1264 632 ἕν
1288 592 1359 632 εἰσι
1381 592 1446 632 καὶ
1471 589 1512 633 τὸ
1537 589 1630 632 αὐτὸ
1654 592 1697 632 οἵ
1715 607 1753 632 τε
1775 595 1957 647 Χριστια-

262 2313 329 2341 pag.
345 2306 405 2333 646.

239 2443 326 2487 Κεφ.
345 2443 405 2488 >¹¹:3⁷-

428 661 488 701 νοὶ
512 660 577 701 καὶ
601 661 641 701 οἱ
665 657 871 709 Ἰουδαῖοι,
901 659 968 700 καὶ
998 660 1037 700 οἷ
1068 659 1242 709 ἐθνικοὶ,
1273 656 1340 700 τόν
1370 657 1491 700 αὐτόν
1521 657 1619 700 θεὸν
1647 660 1836 712 σέβοντες.
1892 657 1958 702 Ἐν

426 726 497 783 γὰρ
521 732 605 776 ταῖς
629 728 858 780 ἐπιθυμίαις
889 726 1013 768 αὐτοῦ
1040 727 1213 784 ἐξαπατᾷ
1245 725 1413 778 αὐτούς,
1446 726 1520 768 οὐκ
1547 726 1602 768 ὢν
1633 726 1822 780 ἀληθείας
1849 727 1957 777 θεός.

426 794 504 837 Δια
526 800 641 837 τοῦτο
666 790 737 837 οὖν
758 794 845 837 ὅσοι
870 793 929 836 ἐπ’
952 796 1099 837 ἐκεῖνον
1125 796 1315 845 ἐλπίζουσι
1336 793 1404 836 τόν
1426 793 1522 837 θεὸν
1545 795 1611 837 τόν
1637 794 1730 848 μετα
1751 797 1959 845 Μωϋσέως

425 862 640 917 λαλήσαντα
671 865 737 905 καὶ
770 868 846 905 τῶν
877 867 1113 918 προφητῶν,
1153 861 1231 916 μετ’
1260 861 1380 904 αὐτοῦ
1411 864 1539 916 ἔχουσι
1573 866 1760 917 δεθῆναι,
1797 863 1857 906 ὅτι
1886 863 1959 907 οὐκ

426 930 595 985 ἤλπισαν
619 932 682 974 ἐπὶ
705 930 772 973 τὸν
797 930 892 973 θεόν
914 937 983 985 τῆς
1007 927 1204 985 α’ληθειάς.
1248 929 1418 980 Ἐκεῖνος
1439 929 1513 986 γοὲρ
1537 930 1634 973 κατὰ
1657 930 1726 981 τοὶς
1746 933 1960 986 ἐπιθυμίας

428 998 559 1042 αὐτῶν
584 999 740 1052 ἐλάλησε
764 998 841 1053 μετ’
868 997 1008 1041 αὐτῶν.
1068 998 1185 1041 Meto}
1205 999 1246 1041 δὲ
1269 998 1396 1040 πάντα
1420 1004 1539 1041 ταῦτα
1566 1001 1631 1042 ἐπὶ
1657 1001 1753 1042 τέλει
1772 1001 1870 1056 λέγει
1892 1019 1959 1043 κα-

425 1067 512 1117 θώς
536 1066 654 1116 αὐτός
677 1070 868 1123 ἔγραψεν,
900 1065 943 1109 ‘O
968 1067 1200 1120 Πρεσβύτης
1223 1066 1316 1109 ὅταν
1345 1072 1535 1126 προφανῇ
1562 1068 1686 1111 αὐτοῦ
1714 1067 1785 1122 τὴν
1814 1068 1959 1119 εἰκόνα,

426 1136 509 1179 τότε
531 1135 554 1179 ὅ
571 1135 797 1191 Ὠμοφόρος
823 1141 838 1165 1
854 1134 1016 1189 ἀφίησιν
1038 1137 1109 1185 ἔξω
1133 1134 1203 1188 τῆν
1224 1138 1307 1190 γῆν,
1339 1137 1403 1177 καὶ
1425 1135 1549 1185 οὕτως
1568 1135 1782 1179 ἀπολύεται
1800 1136 1842 1180 τό
1864 1138 1960 1192 μέγα

427 1210 528 1258 πῦρ,
559 1206 625 1246 καὶ
646 1203 736 1246 ὅλον
761 1202 956 1246 ἀναλίσκει
979 1202 1046 1245 τόν
1070 1202 1228 1255 κόσμον.
1292 1208 1311 1231 ²
1326 1202 1428 1244 Εἶτα
1454 1203 1569 1246 πάλιν
1591 1203 1729 1257 οἷφίησι
1748 1203 1816 1247 τόν
1835 1207 1960 1258 βῶλον

428 1272 521 1326 μετὰ
544 1277 614 1314 τοῦ
634 1274 726 1314 νέου
753 1274 915 1322 αἰῶνος,
948 1270 1056 1320 ὅπως
1078 1275 1200 1312 πᾶσαι
1222 1272 1266 1311 αἵ
1286 1272 1407 1325 ψυχαὶ
1430 1276 1508 1313 τῶν
1532 1270 1767 1327 ἁμαρτωλῶν
1792 1275 1961 1315 δεθῶσιν

428 1343 481 1390 εἷς
503 1339 569 1382 τόν
593 1342 726 1382 αἰῶνα.
791 1339 885 1382 Τότε
906 1340 946 1381 δὲ
967 1344 1087 1380 ταῦτα
1110 1338 1326 1394 γενήσεται,
1363 1344 1379 1368 ³
1396 1338 1488 1381 ὅταν
1511 1338 1534 1382 ὅ
1556 1338 1717 1395 ἀνδριὰς
1738 1342 1847 1399 ἔλθῃ.
1906 1343 1964 1383 Αἱ

428 1410 469 1451 δὲ
499 1410 722 1463 4προβολαὶ
747 1413 888 1460 πᾶσαι,
921 1405 943 1449 ό
965 1406 1133 1461 Ἰησοῦς,
1165 1405 1187 1449 ὅ
1209 1409 1248 1449 ἐν
1269 1412 1323 1465 τῷ
1348 1413 1474 1465 μικρῷ
1499 1411 1641 1466 πλοίῳ,
1671 1411 1737 1452 καὶ
1761 1408 1788 1463 ἦ
1813 1408 1960 1465 Μήτηρ

427 1482 496 1531 τῆς
520 1483 638 1531 ζωῆς,
669 1478 734 1518 καὶ
760 1479 800 1518 οἷ
821 1475 975 1518 δώδεκα
999 1480 1016 1504 ⁵
1033 1479 1299 1530 Κυβερνῆται,
1332 1477 1398 1517 καὶ
1419 1474 1445 1530 ἦ
1473 1478 1686 1532 Παρθένος
1713 1483 1784 1520 τοῦ
1813 1477 1960 1531 φωτός,

428 1548 495 1588 καὶ
517 1544 538 1588 ὁ
561 1544 787 1601 Πρεσβύτης
805 1543 828 1587 ὁ
846 1548 987 1600 τρίτος,
1020 1543 1043 1586 ὁ
1063 1546 1104 1586 ἐν
1124 1548 1177 1602 τῷ
1199 1543 1350 1601 μεγάλῳ
1369 1547 1507 1602 πλοίῳ,
1532 1546 1598 1587 καὶ
1617 1544 1660 1588 τό
1681 1551 1771 1588 Ζῶν
1793 1551 1960 1600 πνεῦμα,

428 1616 494 1656 καὶ
521 1613 562 1657 τό
594 1619 723 1668 Τεῖχος
742 1618 811 1656 τοῦ
836 1612 1003 1669 μεγάλου
1023 1612 1170 1667 πυρός,
1201 1614 1267 1655 καὶ
1293 1611 1335 1654 τό
1365 1618 1497 1666 Τεῖχος
1521 1618 1590 1655 τοῦ
1614 1612 1773 1668 ἀνέμου,
1805 1616 1869 1656 καὶ
1891 1619 1961 1657 τοῦ

430 1682 558 1739 οῗέρος,
589 1684 654 1724 καὶ
675 1687 744 1724 τοῦ
769 1681 935 1733 ὕδατος,
967 1682 1033 1724 καὶ
1055 1686 1123 1723 τοῦ
1149 1683 1296 1723 ἔσωθεν
1319 1680 1456 1736 Πυρός
1481 1687 1552 1723 τοῦ
1577 1686 1738 1734 ζῶντος,
1771 1681 1871 1738 πρός
1893 1681 1961 1725 τόν

431 1750 571 1806 μικρὸν
602 1755 789 1806 φωστῆρα
822 1752 1016 1802 οἰκοῦσιν,
1049 1749 1155 1805 ἄχρις
1183 1748 1230 1791 ὂῖν
1254 1748 1296 1791 τὸ
1323 1754 1402 1805 πῦρ
1435 1749 1688 1809 καταναλώσῃ
1718 1749 1785 1794 τόν
1813 1749 1963 1805 κόσμον

431 1819 534 1871 ὅλον,
567 1821 607 1862 ἐν
629 1825 765 1868 ποσοῖς
785 1836 876 1861 ποτε
899 1821 1030 1870 ἔτεσιν,
1062 1813 1117 1860 ῶν
1141 1816 1213 1860 οὐκ
1236 1819 1389 1871 ἔμαθον
1412 1817 1483 1872 τὴν
1504 1817 1711 1872 ποσότητα.
1768 1821 1849 1861 Καὶ
1868 1819 1962 1873 μετὰ

430 1891 550 1929 ταῦτα
575 1886 886 1938 ἀποκατάστασις
914 1889 1017 1930 ἔσται
1042 1891 1119 1928 τῶν
1142 1885 1213 1928 δύο
1247 1885 1426 1938 φύσεων,
1465 1888 1532 1928 καὶ
1565 1885 1824 1941 οἷ”Αρχοντες
1854 1889 1962 1942 οἰκή-

431 1969 540 1997 σουσι
576 1955 623 1996 τοὶ
659 1955 854 2012 κατώτερα
883 1957 978 2012 μέρη
1012 1957 1180 2006 ἑαυτῶν,
1219 1953 1242 1997 ό
1267 1955 1307 1996 δὲ
1332 1953 1459 2010 πατὴρ
1490 1954 1536 1996 τοὶ
1566 1953 1757 2010 ἀνώτερα,
1788 1955 1830 1998 τό
1862 1959 1963 1999 ἴδιον

432 2022 654 2077 ἀπολαβών.
721 2024 874 2078 Ταύτην
902 2025 942 2066 δὲ
966 2028 1096 2066 πᾶσαν
1121 2022 1192 2077 τήν
1223 2025 1470 2065 διδασκαλίαν
1500 2024 1702 2079 παρέδωκε
1727 2030 1810 2073 τοῖς
1838 2026 1963 2080 τρισὶν

431 2090 552 2134 αὐτοῦ
577 2099 794 2146 μαθηταῖς,
825 2092 1006 2142 κελεύσας
1032 2094 1192 2135 ἕκαστον
1222 2094 1275 2141 εἰς
1301 2094 1493 2145 ὃκλίματα
1518 2089 1676 2134 ὁδεύειν.
1738 2094 1819 2134 Καὶ
1842 2091 1865 2135 ὁ
1894 2094 1962 2148 μὲν
2005 2130 2009 2136 ,

417 2158 589 2212 ’Ἀδδας,
629 2159 674 2202 τοὶ
706 2166 774 2214 τῆς
806 2159 993 2214 ἀνατολῆς
1022 2162 1118 2217 μέρη
1152 2162 1304 2214 ἔλαχεν,
1336 2158 1358 2202 ὁ
1386 2160 1427 2202 δὲ
1454 2162 1599 2213 Θωμᾶς
1625 2158 1696 2214 τὴν
1717 2159 1860 2216 Σύρων
1890 2167 1963 2217 γῆν

948 2230 956 2244 ἱ
994 2228 1013 2242 51

430 2227 688 2284 κεκλήρωται,
718 2227 894 2284 Ἑρμείας
921 2231 959 2271 δε
989 2235 1099 2279 αλλος
1131 2228 1200 2283 τήν
1234 2230 1288 2278 εἰς
1309 2230 1515 2283 Αἴγυπτον
1548 2231 1710 2284 πορείαν
1739 2229 1960 2283 ἐποιήσατο.

433 2298 512 2338 Καὶ
537 2298 644 2352 μέχρι
668 2296 836 2352 σήμερον
866 2298 984 2339 ἐκεῖσε
1015 2300 1278 2353 διατρίβουσι,
1308 2296 1379 2350 τὴν
1408 2301 1478 2338 τοῦ
1512 2296 1738 2353 7δόγματος
1768 2296 1962 2341 ὑπόθεσιν

431 2370 566 2419 στῆσαι
594 2366 784 2414 θέλοντες.

549 2431 679 2475 Ταῦτά
702 2434 802 2475 ἐστιν
833 2431 929 2489 ἅπερ
957 2434 1104 2488 ἐθέμην
1128 2432 1205 2476 ἀπὸ
1231 2438 1300 2475 τοῦ
1324 2431 1527 2489 Ἀρχελάου
1557 2435 1711 2487 βιβλίου
1739 2438 1809 2476 τοῦ
1832 2451 1960 2490 προει-

476 2537 552 2569 CAP.
585 2538 721 2569 XXXI.
754 2556 798 2561 -—
858 2538 885 2569 l.
921 2540 997 2569 Acta
1032 2539 1172 2570 Archelai
1216 2537 1334 2570 iterum
1358 2537 1528 2569 dimittunt
1549 2537 1711 2576 animam,
1734 2549 1816 2580 quae
1841 2537 1961 2570 obiici-

426 2594 457 2623 p.
483 2583 534 2615 21.
568 2583 678 2615 senior
710 2594 782 2614 cum
814 2582 1021 2614 manifestam
1054 2583 1171 2615 fecerit

429 2628 495 2659 eius
526 2628 720 2671 imaginem,
756 2634 835 2660 tunc
867 2627 938 2671 ipse
962 2628 1168 2669 omophorus

428 2680 520 2705 extra
545 2685 579 2705 se
605 2681 726 2705 terram
756 2672 963 2716 derelinquit.
1009 2675 1057 2706 Ad
1081 2684 1169 2714 quem

428 2721 527 2750 locum
551 2719 658 2750 senior
672 2725 781 2750 autem
795 2718 860 2757 ille,
887 2718 949 2750 hoc
963 2725 1012 2750 est
1024 2717 1169 2763 πρεσβύ-

427 2775 539 2806 τερος,
563 2767 660 2805 inquil
682 2767 878 2805 Zacaflnius,
912 2763 999 2795 idem
1023 2775 1092 2795 esse
1116 2763 1166 2795 vi-

428 2808 522 2840 detur
544 2821 615 2841 cum
636 2821 675 2842 eo
697 2821 794 2852 quem
812 2809 899 2843 infra
921 2809 1082 2842 seniorem
1098 2817 1167 2841 ter-

427 2861 506 2885 num
532 2861 641 2887 vocat.

474 2902 502 2930 Z.
527 2902 603 2932 Acta
617 2902 756 2932 Archelai
779 2907 812 2932 et
834 2900 880 2933 ita
901 2899 1078 2933 dimittitur
1097 2910 1170 2931 ma-

430 2955 511 2985 gnus
533 2944 588 2976 ille
606 2944 689 2988 ignis
703 2971 711 2984 ,
748 2946 802 2989 qui
822 2946 977 2978 mundum
1001 2951 1170 2978 consumat

432 2990 542 3032 (scribe
567 2991 784 3035 consummat)
811 2992 1015 3032 universum3
1051 2990 1169 3022 deinde

1216 2590 1269 2615 tur
1292 2583 1378 2615 inter
1401 2582 1545 2614 medium
1561 2583 1638 2615 novi
1660 2582 1771 2621 seculi,
1798 2588 1833 2614 ut
1847 2594 1960 2615 omnes

1216 2629 1342 2661 animae
1376 2634 1586 2671 peccatorum
1619 2627 1803 2660 vinciantur
1833 2627 1867 2659 in
1900 2640 1957 2662 ae-

1215 2681 1354 2706 ternum.

1260 2720 1290 2752 3.
1315 2722 1390 2752 Acta
1415 2721 1557 2752 Archelai
1590 2730 1661 2750 cum
1684 2717 1812 2750 venerit
1835 2725 1958 2752 statuta

1215 2764 1284 2795 dies
1319 2766 1437 2807 (magis
1470 2767 1599 2805 genuine
1630 2765 1696 2796 cod.
1723 2765 1860 2796 Bobiens.
1886 2776 1959 2796 cum

1215 2809 1275 2840 istu
1296 2816 1367 2841 tota
1387 2809 1526 2848 venerit,
1552 2812 1666 2841 omissa
1683 2819 1755 2841 voce
1774 2808 1855 2849 dies,
1876 2812 1959 2851 quod

1214 2857 1366 2895 glossema
1387 2857 1507 2887 videtur
1527 2855 1617 2896 esse).

1260 2901 1291 2931 4.
1317 2899 1550 2942 probationes,
1575 2901 1726 2939 quomodo
1744 2902 1775 2932 in
1798 2902 1882 2933 Actis
1898 2904 1956 2933 Ar-

1215 2946 1312 2977 chelai
1335 2949 1418 2977 extat
1429 2969 1439 2986 ,
1461 2946 1590 2977 emenda
1615 2944 1828 2987 prolationes.

1261 2991 1291 3022 5.
1325 2992 1411 3022 Libri
1443 2992 1535 3031 vulgo
1568 2991 1763 3034 κυβερνῖται.
1796 3010 1840 3016 —-
1896 2993 1957 3023 Ζα-
