2066 3319
222 1348 287 1377 ρεις.
308 1342 366 1371 4ἓ4.

216 1808 302 1852 Κεφ.
326 1807 362 1843 ε’.

386 226 462 265 156
947 230 1108 264 SANCTI
1130 231 1352 265 EPIPHANII

386 310 453 351 καὶ
477 325 547 361 της
571 307 695 362 μόνης
715 312 934 361 καθολικῆς
957 309 1178 362 έκκλησίας;
1219 311 1297 352 Και
1325 308 1394 363 οὐχ
1419 309 1553 357 οὕτως.
1618 310 1684 358 Τίς
1713 307 1786 364 γάρ
1817 313 1829 337 ¹
1847 306 1916 363 οὐχ

384 378 486 430 αἱρεῖ
507 377 574 417 ἕνα
596 375 693 418 θεᾶν
719 373 818 418 εἶναι
845 380 915 429 τῆς
938 374 1125 430 ἀληθείας
1145 379 1292 433 πατέρα
1320 375 1638 432 παντοκράτορα,
1674 378 1712 427 ἐξ
1742 379 1864 433 οὗπερ
1894 395 1914 419 ο

385 443 595 498 μονογενὴς
619 442 706 493 υἷὸς
739 446 779 485 ἐν
807 442 969 501 ἀληθείᾳ
993 443 1090 494 θεός
1112 445 1247 501 λόγος,
1278 445 1536 494 ε’νυπόστατος
1559 444 1674 501 λόγος
1696 445 1916 500 γεγεννημέ-

384 529 451 560 νος
473 510 659 565 ἀληθινός
691 514 729 562 ἐξ
752 510 874 554 αὐτοῦ
904 510 1082 568 ἀνάρχως
1106 515 1172 556 καὶ
1194 512 1386 568 ἀχρόνως,·
1418 512 1491 555 Διὸ
1517 514 1584 555 ἕνα
1609 511 1706 555 θεὸν
1731 512 1916 566 ἀσφαλῶς

383 578 564 634 κηρύττει
584 578 611 633 ἦ
636 582 839 633 ἐκκλησία,
870 582 1017 636 πατέρα
1037 582 1103 623 καὶ
1125 580 1231 623 υἱόν·
1263 580 1382 631 διότι,
1411 580 1517 637 Ἐγώ
1541 582 1581 622 ἐν
1601 585 1654 638 τῷ
1680 583 1818 637 πατρὶ,
1849 583 1916 624 καὶ

386 645 409 690 ὅ
429 646 557 702 πατὴρ
586 649 626 690 έν
650 649 756 701 ἐμοὶ,
797 650 862 690 καὶ
893 650 934 690 οἷ
962 648 1034 691 δύο
1061 651 1103 691 ἕν
1130 651 1260 702 ἐσμεν,
1290 651 1459 692 τουτέστι
1488 652 1557 703 μία
1581 648 1741 703 θεότης,
1777 651 1842 692 καὶ
1869 653 1916 693 ’ὲν

382 716 557 769 θέλημα,
589 718 655 757 καὶ
679 719 747 769 μία
772 715 968 772 κυριότης.
1027 716 1097 767 Ἐξ
1122 716 1243 759 αὐτοῦ
1270 718 1311 760 δὲ
1332 723 1401 760 τοῦ
1429 716 1576 773 πατρὸς
1601 718 1668 761 καὶ
1689 716 1732 759 τὸ
1762 722 1916 772 πνεῦμα

388 783 639 838 ἐκπορεύεται
664 783 928 827 ε’νυπόστατον
960 784 1028 836 ὃν,
1066 787 1129 827 καὶ
1163 787 1203 827 ἐν
1231 784 1396 843 ἀληθείᾳ
1424 788 1565 828 τέλειον
1593 789 1746 839 πνεῦμα
1775 784 1818 828 τὸ
1847 791 1917 840 τῆς

386 850 592 905 ἀληθείας,
622 851 665 894 vd
690 856 856 905 φωτίζον
878 851 924 895 τά
950 852 1088 904 πάντα,
1119 852 1161 895 vd
1185 855 1227 896 ἐκ
1250 858 1320 896 τοῦ
1342 856 1433 896 υἱοῦ
1457 852 1740 908 λαμβάνον,τὸ
1764 858 1917 908 πνεῦμα

383 925 453 973 τῆς
479 919 685 974 ἀληθείας,
717 919 758 962 τὸ
785 926 938 974 πνεῦμα
964 927 1034 963 τοῦ
1057 921 1222 977 πατρὸς,
1253 921 1296 964 τὸ
1319 927 1471 975 πνεῦμα
1501 927 1572 964 τοῦ
1596 926 1779 976 Χριστοῦ.
1840 921 1914 965 Διο

385 992 476 1042 μίαν
496 986 667 1042 θεότητα
690 987 842 1031 οἶδεν
815 1008 840 1043 η
865 991 1058 1043 ἐκκλησία,
1087 989 1143 1040 εἷς
1163 989 1258 1039 θεὸς
1279 988 1302 1032 ὁ
1321 995 1389 1044 τῆς
1410 989 1596 1044 ἀληθείας
1615 988 1757 1045 πατὴρ,
1788 989 1915 1045 πατὴρ

385 1058 527 1107 τέλειος
552 1056 833 1109 ἐνυπόστατος,
864 1057 952 1107 υἷος
974 1059 1116 1108 τέλειος
1137 1057 1421 1109 ένυπόστατος,
1454 1060 1520 1100 καὶ
1548 1058 1662 1114 ἅγιον
1684 1062 1838 1112 πνεῦμα
1859 1059 1916 1100 τέ-

384 1130 487 1167 λειον
515 1124 797 1177 ε’νυπόστατον,
836 1130 904 1179 μία
929 1125 1096 1181 θεότης,
1134 1130 1202 1180 μία
1234 1129 1454 1178 δεσποτεία,
1491 1130 1558 1180 μία
1587 1125 1782 1181 κυριότης.
1842 1125 1916 1168 And

386 1192 512 1247 πάντη
544 1199 682 1246 σαφῶς
706 1194 962 1249 κεκηρύχασιν
985 1197 1028 1236 αἱ
1048 1201 1156 1237 θεῖαι
1177 1196 1326 1250 γραφαὶ
1351 1196 1418 1237 ἕνα
1440 1193 1556 1246 θεὸν,
1587 1196 1761 1237 τουτέστι
1780 1193 1918 1250 τριάδα

386 1260 618 1315 ὄμοούσιον,
652 1261 710 1304 ἀεὶ
742 1257 866 1304 οὖσαν
897 1268 966 1316 τῆς
999 1261 1119 1316 αὐτῆς
1147 1262 1401 1316 ταυτότητος,
1432 1268 1499 1317 τῆς
1529 1262 1649 1316 αὐτῆς
1676 1261 1916 1318 κυριότητος.

388 1332 465 1371 Καὶ
497 1331 671 1372 διέπεσεν
708 1332 751 1372 ἐκ
779 1330 1026 1384 πανταχόθεν
1061 1329 1084 1372 ὁ
1112 1335 1182 1384 τῆς
1217 1329 1402 1383 ἀνοησίας
1431 1345 1502 1372 σου
1532 1330 1664 1386 λόγος,
1706 1325 1737 1372 ὦ
1767 1328 1916 1384 ἀνόητε.

392 1401 534 1440 Τοίνυν
564 1397 714 1440 τούτων
739 1400 951 1454 εἰρημένων
980 1399 1045 1440 καὶ
1072 1396 1288 1447 ἀντιθέτως
1315 1397 1416 1453 πρὸς
1445 1397 1514 1447 τοὶς
1538 1404 1608 1441 τοῦ
1631 1399 1917 1454 προειρημένου

388 1471 550 1519 Νοητοῦ
572 1465 711 1517 φωνάς
732 1473 893 1509 σκοπεῖν
917 1469 955 1517 ἐξ
977 1464 1154 1522 ὑπαρχῆς
1174 1465 1266 1522 χρὴ,
1297 1467 1363 1508 καὶ
1384 1466 1509 1516 οὕτως
1532 1465 1579 1508 tc}
1602 1465 1701 1508 αὐτὰ
1725 1465 1917 1525 κεφάλαια

387 1532 623 1589 ἀνατρέπειν.

503 1812 671 1862 Πρῶτον
694 1809 764 1861 μὲν
789 1803 861 1850 οὖν
887 1807 1022 1862 ἐπειδὴ
1052 1807 1254 1864 παρήγαγε
1283 1807 1326 1851 τὸ
1355 1806 1569 1860 κεφάλαιον
1599 1807 1679 1859 ὅτι,
1711 1804 1786 1856 Εἷς
1809 1804 1918 1859 θεός,

387 1878 426 1927 ἐξ
449 1871 497 1918 οὗ
518 1875 565 1917 τά
588 1875 737 1927 πάντα,
767 1878 833 1918 καὶ
854 1874 966 1930 ἡμεῖς
989 1878 1042 1925 εἰς
1062 1875 1201 1928 αὐτόν,
1233 1878 1299 1918 καὶ
1323 1874 1377 1925 εἷς
1396 1875 1533 1931 κύριος
1553 1874 1710 1930 Ἰησοῦς
1736 1874 1918 1929 Χριστός,

387 1946 454 1986 καὶ
478 1943 589 1998 ἡμεῖς
616 1942 665 1986 δι’
689 1943 830 1995 αὐτοῦ,
863 1943 911 1987 δι’
933 1944 979 1986 ὃν
1000 1944 1046 1986 τά
1075 1944 1224 1995 πάντα,
1256 1946 1322 1987 καὶ
1343 1943 1453 1998 ἡμεῖς
1476 1942 1524 1985 δι’
1548 1942 1691 1994 αὐτοῦ,
1723 1942 1793 1997 οὐχ
1823 1941 1921 2001 δρᾷς

388 2012 469 2064 ὅτι,
513 2011 588 2061 Εἷς
607 2011 722 2063 θεός,
755 2014 793 2062 ἐξ
817 2007 865 2054 οὗ
894 2012 940 2054 τοὶ
964 2012 1112 2064 πάντα,
1143 2015 1208 2054 καὶ
1233 2011 1345 2067 ἡμεῖς
1368 2015 1422 2062 εἰς
1444 2010 1584 2063 αὐτὸν,
1614 2016 1700 2061 πῶς
1728 2010 1799 2066 τὴν
1829 2014 1920 2065 μίαν

388 2080 512 2135 ἀρχὴν
533 2084 730 2134 σημαίνει,
763 2083 828 2122 ἵνα
850 2079 903 2134 μὴ
929 2083 982 2130 εἰς
1010 2080 1155 2130 πολλάς
1177 2080 1297 2137 ἀρχάς
1319 2082 1445 2139 τρέψῃ
1470 2079 1540 2134 τήν
1563 2078 1742 2122 διάνοιαν
1769 2080 1837 2122 καὶ
1867 2081 1921 2129 εἰς

390 2153 608 2192 πολυθεΐαν
632 2148 757 2207 ἀγάγῃ
787 2148 904 2191 πάλιν
933 2148 1001 2191 τόν
1023 2151 1274 2203 πλανηθέντα
1297 2154 1392 2191 νοῦν
1417 2153 1496 2190 τῶν
1524 2146 1750 2204 ἀνθρώπων
1779 2149 1844 2190 ἐπὶ
1872 2152 1921 2206 τῇ

390 2221 611 2275 κενοφωνία
634 2222 704 2271 τῆς
725 2221 962 2268 πολυθεΐας,
1000 2216 1117 2275 Ὁρᾷς
1147 2216 1220 2273 γάρ
1247 2221 1330 2266 πῶς
1356 2218 1413 2259 ἑνὶ
1439 2215 1600 2270 ὀνόματι
1624 2217 1823 2272 κέχρηται,
1853 2217 1919 2257 καὶ

391 2291 460 2343 μιᾷ
485 2285 697 2343 ὀνομασίᾳ,
730 2283 803 2327 οὐκ
827 2284 1067 2340 ἀρνούμενος
1095 2285 1163 2328 τόν
1194 2291 1383 2341 μονογενῆ
1405 2283 1512 2327 θεόν.
1577 2282 1668 2326 Οἷδε
1698 2283 1770 2340 γάρ
1800 2282 1920 2326 αὐτὸν

389 2354 549 2409 κύριον,
580 2355 645 2396 καὶ
670 2351 774 2395 οἶδεν
796 2352 917 2395 αὐτὸν
948 2353 1066 2405 θεόν,
1098 2353 1159 2396 διὸ
1181 2353 1487 2407 ἀσφαλιζόμενος
1507 2353 1624 2408 λέγει,
1665 2353 1746 2394 Καὶ
1769 2349 1824 2402 εἷς
1852 2350 1920 2394 κύ-

390 2440 475 2477 ριος
495 2421 651 2476 Ἰησοῦς
677 2421 859 2477 Χριστὸς,
892 2420 940 2463 δι’
959 2417 1006 2464 οὗ
1029 2421 1076 2464 τά
1097 2421 1232 2464 πάντα.
1276 2423 1356 2464 Καὶ
1379 2422 1442 2464 ἐπὶ
1467 2421 1535 2474 μὲν
1556 2425 1626 2463 τοῦ
1647 2419 1785 2475 κύριος
1804 2425 1919 2462 τοῦτο

389 2492 510 2546 λέγων
537 2490 584 2532 οὐ
609 2490 676 2533 τόν
707 2489 827 2532 αὐτὸν
859 2489 1023 2543 έσήμανε
1056 2491 1203 2544 πατέρα
1234 2489 1333 2533 εἶναι
1362 2491 1429 2532 καὶ
1454 2488 1522 2531 τὸν
1544 2486 1665 2530 αὐτόν
1689 2487 1797 2540 υἱὸν,
1828 2486 1920 2530 ἀλλὰ

391 2560 508 2609 ἔδειξε
528 2559 596 2601 τὸν
616 2560 686 2612 μὲν
707 2559 856 2614 πατέρα
877 2559 1027 2613 πατέρα
1048 2557 1162 2610 ὄντα,
1195 2557 1264 2601 τόν
1285 2559 1326 2600 δὲ
1350 2556 1438 2600 υἷόν
1463 2555 1553 2599 υἷὸν
1575 2554 1755 2610 ἀληθῶς,
1786 2554 1920 2612 ἐπειδὴ

391 2626 433 2668 td
464 2629 605 2679 εἰπεῖν,
637 2625 714 2676 Εἷς
738 2626 853 2680 θεὸς,
887 2628 950 2669 ἐπὶ
972 2631 1024 2683 τῷ
1049 2628 1165 2681 πατρὶ
1190 2625 1259 2680 οὐχ
1282 2624 1336 2675 ὥς
1358 2623 1593 2680 ἀρνούμενος
1615 2626 1679 2667 ἐπὶ
1703 2629 1757 2683 τῷ
1780 2626 1855 2682 υἱῷ
1875 2623 1919 2668 τὸ

392 2692 491 2736 εἶναι
513 2694 610 2744 θεὸς
635 2698 685 2745 (εἰ
705 2695 778 2751 γάρ
802 2695 856 2749 μή
878 2694 987 2746 θεὸς,
1018 2693 1106 2736 οὔτε
1126 2693 1279 2750 κύριος·
1311 2692 1444 2747 ἐπειδὴ
1466 2693 1507 2734 δὲ
1528 2692 1678 2748 κύριος,
1707 2694 1774 2735 καὶ
1795 2691 1920 2746 θεὸς),

393 2761 468 2804 ἀλλ’
491 2765 546 2812 είς
579 2768 671 2816 μίαν
696 2763 910 2817 ὀνομασίαν
940 2761 1098 2818 ἀνάγειν
1123 2761 1430 2817 ἀναγκαζόμενος
1459 2759 1538 2802 find
1571 2765 1641 2802 τοῦ
1667 2759 1780 2816 άγίου
1805 2759 1920 2803 πνεύ-

393 2849 513 2883 ματος
534 2830 556 2873 ὁ
577 2832 688 2888 ἅγιος
708 2831 924 2880 ἀπόστολος
946 2833 1109 2886 ἔφραζεν
1128 2828 1222 2883 ἡμῖν
1247 2830 1317 2884 τὴν
1334 2833 1475 2880 πίστιν,
1506 2831 1676 2884 ἐναργῶς
1695 2830 1763 2871 ἕνα
1783 2827 1922 2884 κύριον

393 2902 612 2952 σημαίνων,
643 2899 718 2956 ἄρα
740 2917 782 2956 γε
802 2902 869 2942 καὶ
887 2898 996 2942 θεόν.
1053 2897 1171 2940 Ἀλλά
1193 2899 1329 2952 μηδεὶς
1348 2898 1549 2952 νομιζέτω,
1581 2895 1716 2951 ἐπειδὴ
1737 2897 1835 2952 λέγει
1853 2898 1920 2939 ἕνα

440 3003 585 3035 CAP.1V.
611 3023 654 3029 -—
690 3006 718 3037 1
745 3001 811 3059 οὐχ)
826 3004 917 3046 αἱρεῖ
933 3014 987 3045 eyo
1009 3004 1137 3057 (quam-
1183 3014 1230 3046 ρει
1253 3005 1333 3036 libri.
1381 2997 1456 3036 Οὐκ
1474 2999 1547 3045 ἐρεῖ
1562 3004 1695 3042 suspicio
1713 3002 1834 3034 Petavii
1852 3002 1920 3042 fuit.

392 3058 487 3090 quam
505 3051 607 3089 mayis
626 3052 749 3089 placeat
773 3062 810 3084 ου
832 3053 970 3093 χωρεῖ).
1005 3045 1043 3083 οὔ
1062 3047 1136 3093 χαί-
