2066 3319
218 1111 305 1155 Κεφ.
327 1110 382 1145 λε’.

244 1948 311 1977 pag.
329 1939 387 1967 653.

231 2553 318 2596 Κεφ.
340 2550 384 2595 μ’.

390 210 470 250 464
950 213 1113 246 SANCTI
1136 214 1362 246 EPIPHANH

390 297 542 343 τοίνυν,
578 295 661 340 πῶς
692 292 732 333 έν
765 295 811 348 τῇ
841 291 954 345 σαρκὶ
983 289 1217 343 ἀνακάμψαι
1248 293 1388 343 ἐποίει,
1426 294 1531 347 εἴπερ
1563 292 1716 347 πονηροὶ
1746 291 1772 346 ἡ
1801 292 1915 347 σάρξ;

394 365 490 408 Πῶς
512 360 552 401 δὲ
576 357 648 401 οὐκ
672 361 772 400 εἰἀσε
794 363 936 411 μᾶλλον
957 358 1024 400 τὸν
1049 357 1149 408 ἅπαξ
1173 357 1428 402 ἀποθανόντα
1449 362 1513 402 καὶ
1540 359 1618 402 α’πό
1641 359 1819 414 σώματος
1844 374 1918 402 σω-

392 429 533 478 θέντα,
594 428 674 468 Καὶ
697 425 750 479 μή
771 443 830 474 τις
856 429 995 483 νομίσῃ
1019 426 1086 468 τὸν
1105 426 1290 482 Λάζαρον
1316 427 1439 477 εὐθύς
1463 427 1579 470 πάλιν
1603 429 1916 482 τετελευτηκέναι.

393 498 578 537 Δείκνυσι
597 494 669 550 γάρ
695 499 832 546 σαφῶς
856 493 899 536 τό
928 493 1039 549 ἅγιον
1066 494 1282 549 εὐαγγέλιον
1308 495 1369 538 ὅτι
1391 495 1562 538 άνέκειτο
1584 494 1606 538 ὁ
1624 495 1773 549 Ἰησοῦς
1800 496 1866 538 καὶ
1898 493 1920 537 ὅ

391 563 572 618 Λάζαρος
598 561 768 604 άνέκειτο
795 561 871 615 μετ’
893 561 1025 604 αὐτοῦ.
1083 561 1193 603 Ἀλλά
1220 564 1286 604 καὶ
1311 565 1351 605 έν
1380 563 1650 618 Παραδόσεσιν
1674 563 1838 618 εὕρομεν
1862 562 1922 605 ὅτι

393 631 601 687 τριάκοντα
626 632 722 672 ε’τῶν
746 625 796 684 ἦν
820 629 905 672 τότε
931 628 954 671 ὅ
975 629 1157 685 Λάζαρος
1182 629 1244 672 ὅτε
1275 631 1490 687 ἐγήγερται·
1534 630 1627 685 μετά
1655 632 1696 673 δὲ
1726 631 1769 673 ‘cd
1797 630 1921 673 9οἰνα-

393 705 529 753 στῆσαι
550 697 668 740 αὐτόν
693 697 786 739 ἅλλα
814 698 1021 753 τριάκοντα
1041 700 1105 751 ἔτη
1129 700 1252 751 ἔζησε,
1283 701 1349 741 καὶ
1372 699 1475 741 οὕτω
1500 699 1600 755 πρὸς
1627 699 1766 755 κύριον
1796 697 1920 752 ἐξεδή-

395 782 511 822 μησε,
549 772 594 795 ¹⁰
609 768 676 808 καὶ
696 768 905 820 κοιμηθεὶς
929 769 1065 820 ἐκλίθη
1091 764 1185 819 μετά
1210 772 1352 820 σεμνοῦ
1378 767 1590 821 ὀνόματος,
1619 766 1802 821 καθάπερ
1825 765 1922 808 πάν-

393 853 453 885 τες
476 837 549 884 ἕως
569 839 639 888 τῆς
665 834 768 889 ὥρας
791 839 861 888 τῆς
891 834 1158 886 ἀναστάσεως,
1188 834 1252 876 ὅτε
1276 836 1399 888 μέλλει
1429 834 1451 877 ὁ
1483 834 1716 891 μονογενὴς,
1748 833 1801 884 ὥς
1831 832 1920 876 ὖπέ-

395 919 516 958 σχετο,
547 903 820 945 ἀποκαθιστᾶν
839 901 882 944 τό
904 907 1014 956 σῶμα
1036 907 1083 960 τῇ
1103 905 1224 961 ψυχῇ,
1255 905 1318 944 καὶ
1343 902 1413 957 την
1435 903 1567 957 ψυχὴν
1585 908 1641 961 τῷ
1664 901 1826 957 σώματι,
1857 903 1924 944 καὶ

396 971 549 1015 διδόναι
579 970 727 1029 ἑκάστῳ
758 969 868 1013 καθά
899 972 1080 1027 ἔπραξεν,
1111 969 1196 1024 ἤτοι
1227 970 1401 1026 άγαθὸν,
1432 969 1517 1025 ἤτοι
1548 977 1712 1023 φαῦλον.

510 1110 566 1149 Εἰ
597 1106 650 1161 μὴ
682 1106 753 1162 γάρ
789 1106 978 1160 σωμάτων
1011 1104 1222 1156 α’νάστασις
1256 1102 1325 1160 ἧν,
1364 1106 1491 1149 πόθεν
1525 1106 1698 1163 βρυγμὸς
1729 1106 1924 1157 ὀδόντων,·

397 1175 505 1218 ’Λλλοὶ
530 1174 582 1229 μὴ
608 1174 724 1217 πάλιν
749 1174 797 1216 τά
820 1181 889 1228 τῆς
912 1178 1217 1230 φρενοβλαβείας
1247 1175 1347 1223 τινὲς
1374 1177 1550 1226 εἴπωσιν,
1587 1175 1648 1217 ὅτι
1677 1173 1832 1224 ὀδόντες
1862 1176 1926 1217 ἐπὶ

397 1245 439 1287 τὸ
466 1249 669 1298 μασᾶσθαι
692 1241 787 1296 ἡμῖν
811 1245 882 1284 εἰσι
903 1243 1258 1295 κατεσκευασμένοι,
1321 1245 1450 1284 Ποίαν
1471 1246 1602 1284 τοίνυν
1624 1241 1775 1296 ἐδωδὴν
1798 1243 1926 1295 μέλλο-

399 1331 467 1367 μεν
496 1315 644 1355 ἐσθίειν
674 1310 766 1363 μετά
793 1310 864 1364 τὴν
892 1316 970 1352 τῶν
996 1315 1147 1365 νεκρῶν
1174 1308 1402 1360 ἀνάστασιν,
1443 1312 1477 1351 εἰ
1496 1309 1569 1366 γάρ
1594 1309 1688 1364 μετά
1718 1309 1928 1352 ἀνάστασιν

398 1381 580 1436 δεύτερον
613 1381 809 1435 βέβρωκεν
843 1377 865 1421 ὁ
888 1377 1056 1432 Ἰησοῦς,
1095 1379 1161 1420 καὶ
1190 1379 1228 1427 ἐξ
1255 1376 1395 1432 ἰχθύος
1421 1378 1547 1420 ὀπτοῦ
1573 1380 1710 1434 μέρος,
1749 1379 1814 1420 καὶ
1846 1376 1925 1420 ἀπὸ

399 1452 593 1504 μελισσίου
621 1451 777 1503 κηρίον,
809 1449 876 1490 καὶ
905 1449 1118 1500 συνηλίσθη
1148 1452 1230 1495 τοῖς
1260 1452 1457 1500 μαθηταῖς
1481 1444 1529 1488 δι’
1557 1445 1715 1503 ἡμερῶν
1743 1444 1928 1502 τεσσαρά-

398 1535 536 1568 κοντα,
570 1511 645 1571 ἆρα
671 1514 742 1558 οὐκ
769 1517 875 1557 ἔσται
907 1518 1071 1570 βρῶσις,-
1134 1515 1214 1555 Καὶ
1243 1515 1333 1569 περὶ
1361 1515 1429 1567 μὲν
1458 1513 1641 1570 βρώσεως
1673 1515 1798 1567 σαφές
1828 1516 1930 1556 ἐστιν

400 1586 480 1637 ὅτι,
512 1583 725 1639 Μακάριος
757 1582 802 1632 ὃς
831 1582 997 1638 φάγεται
1024 1581 1142 1638 ἄρτον
1175 1584 1215 1624 ἐν
1243 1588 1290 1640 τῇ
1319 1585 1492 1640 βασιλείᾳ
1518 1587 1595 1624 τῶν
1627 1581 1825 1638 οὐρανῶν·
1862 1582 1930 1624 καὶ

402 1653 523 1696 αὐτοῦ
547 1658 615 1695 τοῦ
637 1655 778 1708 κυρίου
803 1649 829 1705 ἦ
848 1650 1055 1705 ὑπόσχεσις
1077 1649 1157 1702 ὅτι,
1185 1649 1354 1692 ’Έσεσθε
1375 1650 1596 1704 καθήμενοι
1617 1651 1680 1693 ἐπὶ
1702 1655 1771 1704 τῆς
1791 1651 1929 1706 τραπέ-

401 1728 467 1776 ζης
490 1727 560 1764 τοῦ
585 1719 734 1776 πατρός
761 1737 837 1773 μου
866 1721 1062 1768 ἐσθίοντες
1086 1720 1152 1760 καὶ
1176 1722 1359 1768 πίνοντες.
1421 1720 1497 1760 Καὶ
1523 1717 1566 1761 τὸ
1593 1719 1663 1772 μὲν
1687 1720 1834 1761 ε’σθίειν
1862 1718 1931 1760 καὶ

403 1794 528 1832 πίνειν
553 1788 657 1846 αὐτῷ
681 1787 787 1843 μόνῳ
815 1790 1002 1843 ἔγνωσται
1012 1821 1021 1839 ,
1055 1786 1208 1841 ἐπειδὴ,
1236 1786 1286 1828 uA
1311 1785 1523 1840 ὀφθαλμός
1551 1785 1624 1828 οὐκ
1646 1784 1722 1828 εἶδε
1732 1820 1742 1838 ,
1773 1787 1839 1828 καὶ
1862 1780 1933 1834 οῦς

406 1857 479 1901 οὐκ
509 1857 695 1911 ἤκουσεν,
729 1854 817 1898 οὔτε
850 1857 915 1898 ἐπὶ
941 1857 1108 1911 καρδίαν
1143 1853 1364 1911 οἷνθρώπου
1399 1855 1541 1908 ἀνέβη,
1573 1853 1647 1896 ὅσα
1675 1851 1882 1908 ’ἡτοίμασεν
1911 1850 1935 1895 ὅ

405 1925 502 1975 θεὸς
538 1932 619 1974 τοῖς
657 1924 859 1980 ἀγαπῶσιν
895 1922 1026 1965 αὐτόν.
1088 1922 1180 1965 Ἀλλ’
1216 1922 1349 1976 ἐπειδὴ
1386 1922 1618 1976 ἐφθάσαμεν
1648 1923 1712 1964 ἐπὶ
1740 1926 1794 1980 τῷ
1827 1920 1932 1979 τόπῳ

413 1993 568 2051 ιτούτῳ
590 1992 658 2042 τοὶς
681 1991 877 2045 διαφοράς
898 1997 975 2034 τῶν
997 1996 1136 2045 ψυχῶν
1168 1989 1456 2046 ὑφηγούμενοι,
1490 1985 1623 2048 2κᾷτα
1650 1991 1688 2040 ἒξ
1717 1987 1838 2043 αὐτῆς
1866 1993 1935 2042 τῆς

407 2063 592 2116 άληθείας
621 2062 686 2103 καὶ
709 2065 779 2102 τοῦ
806 2058 1088 2116 ύποδείγματος
1111 2061 1284 2108 ἐντελοῦς
1311 2058 1424 2108 ὄντος
1448 2058 1506 2101 ὅτι
1531 2057 1623 2111 άλλη
1645 2058 1712 2111 μὲν
1736 2055 1846 2111 ’ψυχὴ
1869 2055 1933 2098 άν-

407 2130 598 2187 θρώπου,
629 2127 721 2181 άλλη
749 2128 789 2169 δὲ
816 2127 1003 2181 κτήνους,
1035 2129 1100 2169 καὶ
1125 2126 1196 2170 οὐκ
1218 2122 1317 2181 ἦλθε
1339 2132 1460 2169 σῶσαι
1486 2125 1555 2181 τήν
1582 2124 1715 2179 ψυχὴν
1745 2130 1816 2168 τοῦ
1844 2124 1935 2179 κτή-

407 2217 523 2250 νους,
554 2196 647 2240 άλλοὶ
672 2200 742 2238 τοῦ
772 2194 1013 2251 α’νθρώπου,
1045 2195 1145 2238 διότι
1171 2195 1218 2237 τά
1247 2194 1370 2249 κτήνη
1397 2194 1445 2237 οὕ
1474 2197 1653 2250 κρίνεται.
1700 2191 1936 2248 ’Ἄνθρωποι

410 2268 479 2322 μὲν
511 2266 584 2322 γάρ
619 2269 904 2319 κληρονομοῦσι
933 2267 1128 2317 βασιλείαν
1153 2262 1354 2318 οὐρανῶν,
1392 2264 1458 2305 καὶ
1491 2261 1699 2318 ἅνθρωποι
1727 2263 1934 2317 κρίνονται.

408 2333 698 2377 Ἀπελεύσονται
727 2331 800 2388 γάρ
832 2327 937 2374 οῦτοι
961 2334 1015 2380 εἰς
1035 2335 1161 2388 κρίσιν
1185 2330 1365 2383 αἰώνιον,
1404 2332 1469 2373 καὶ
1494 2326 1603 2373 οῦτοι
1633 2331 1686 2379 εἰς
1715 2327 1817 2383 ζωὴν
1844 2327 1936 2371 αἰώ-

408 2421 513 2455 νιον,
546 2403 644 2456 φησὶ
673 2400 695 2443 ὁ
726 2399 949 2456 μονογενής.

529 2542 573 2581 Τί
599 2539 640 2580 δὲ
668 2540 708 2580 οἵ
732 2536 779 2580 τά
808 2535 1001 2590 ζητήματα
1028 2534 1348 2586 κατοπτεύοντεςς
1403 2533 1527 2576 Ἐπάν
1551 2533 1760 2587 φθάσωσι,
1789 2533 1857 2575 καὶ
1883 2531 1938 2586 μὴ

411 2606 656 2660 καταλάβωσι
685 2611 755 2648 τοῦ
786 2608 906 2661 ῥητοῦ
929 2603 999 2657 τήν
1026 2602 1261 2656 σαφήνειαν,
1293 2601 1546 2656 ἀσχάλλουσιν
1571 2600 1755 2643 άντίθετα
1785 2601 1938 2650 ἑαυτοῖς

415 2674 701 2728 διανοούμενοι,
731 2673 830 2729 ’ἤπερ
853 2671 1019 2728 χρήσιμα
1040 2672 1193 2719 ἑαυτοῖς
1213 2670 1451 2726 θηρώμενοι.
1507 2667 1665 2722 Ἐπειδὴ
1686 2667 1758 2724 γάρ
1782 2667 1805 2710 ὅ
1824 2673 1937 2710 Ματ-

413 2744 532 2793 θαῖός
559 2758 676 2797 φησι,
710 2741 794 2784 Δύο
828 2738 1156 2794 δαιμονιζόμενοι,
1189 2737 1211 2780 ὁ
1244 2739 1286 2780 δὲ
1311 2743 1476 2787 Λουκᾶς
1502 2739 1590 2794 περὶ
1622 2735 1708 2785 ἓνὸς
1737 2738 1937 2791 διηγεῖται.

459 2891 489 2923 9.
519 2894 643 2923 Mallem
668 2888 860 2932 ἀναστῆναι.
906 2892 941 2922 1η
962 2899 1042 2930 seqq.
1073 2885 1155 2930 πρὸς
1201 2887 1298 2929 (quod
1309 2897 1362 2919 nec
1376 2888 1548 2919 Gatakerus
1567 2884 1777 2927 improbabat)
1803 2883 1861 2918 καὶ
1872 2895 1939 2918 κοι-

414 2935 469 2971 rem
492 2936 600 2976 κύριον
623 2938 689 2968 cod.
712 2938 840 2977 Rhediy.
1201 2930 1324 2973 μηὶπεὶς
1346 2929 1487 2974 &nh-1522).
1526 2931 1611 2961 Libri
1631 2931 1741 2961 habent
1762 2927 1940 2972 κοιμηθεὶς

464 2982 512 3014 10.
538 2980 595 3014 καὶ
625 2980 801 3023 κοιμηὶπεὶς
834 2979 951 3022 ἐκλίθη
985 2980 1154 3011 emendatio
1199 2974 1350 3019 έκλήὶτη,
1376 2979 1490 3008 omissa
1510 2977 1668 3015 particula
1691 2973 1758 3008 καὶ.

416 3031 459 3060 est
481 3027 627 3059 Galakeri
648 3028 698 3059 l.l.
720 3037 753 3066 p.
770 3026 846 3059 500.
892 3027 1020 3058 Ρειαυίο
1036 3025 1154 3065 placuit
1246 3021 1321 3053 CAP.
1344 3020 1490 3054 XXXV.
1515 3037 1559 3046 —
1606 3020 1633 3053 1.
1658 3017 1765 3062 τούτῳ
1798 3027 1857 3053 om.
1891 3020 1938 3052 ed.
