2035 3309
568 165 750 198 PANARH
773 166 856 198 ΜΒ.
878 167 919 198 11.
943 167 1092 199 ToM.1.
1130 168 1261 201 HAER.
1281 169 1337 201 LI.
1677 165 1728 204 53

177 251 253 291 est,
290 251 328 282 et
347 245 532 283 habitavit
548 247 585 284 in
607 246 736 293 nobis5
770 254 808 283 et
833 248 989 284 ve'dz'nms
1009 249 1173 297 gloriam
1195 252 1294 295 eius,
1326 251 1491 299 gloriam
1512 254 1625 302 quasi
1643 257 1726 292 zmi-

171 314 339 362 genitia
359 319 492 364 patre,
522 315 673 364 plenum
694 316 847 364 gt‘alz‘cze
867 322 903 352 e!
927 318 1107 354 veritali&
1176 315 1225 355 Et
1248 317 1400 357 statim:
1435 321 1593 358 loannes
1615 329 1726 360 testa—

175 387 257 427 mr,
305 388 341 418 et
363 383 501 419 clamat
522 383 670 420 dicens:
715 384 786 420 Hic
811 390 870 421 est
894 397 998 434 quem
1025 386 1110 422 dell-1·
1131 386 1243 422 vobis.
1312 383 1384 424 Et:
1430 389 1501 425 llic
1525 396 1581 427 es!
1603 403 1725 440 aguas

173 450 251 495 dei,
287 451 355 500 qni
371 451 470 487 tollit
486 457 642 501 peecata
664 453 803 489 mnmlz'.
870 449 1021 490 Deinde
1044 451 1093 490 ita
1120 452 1277 491 scribit:
1314 455 1367 490 E!
1383 456 1564 494 ‹letter-emt
1582 459 1644 496 e'llc‘
1661 462 1730 510 qui

171 519 394 565 audierant,
428 519 550 557 Rabln'
569 519 637 557 ubz'
655 523 809 557 munes?
869 517 1011 558 Postea
1035 534 1129 559 vero
1146 552 1155 568 ‚
1189 523 1344 559 Postera
1367 524 1446 568 (lie,
1482 522 1628 576 inquit,
1662 542 1723 565 vo-

172 587 242 624 luit
271 587 376 625 abire
405 589 442 625 z‘tz
473 588 699 634 Gale‘laemn,
746 595 783 625 et
805 590 945 626 invenlt
967 590 1176 640 l’lze'leppum
1191 619 1200 635 ‚
1246 596 1282 626 et
1307 591 1401 627 cle'ce't
1424 593 1461 628 εἰ
1483 594 1607 639 lesus,
1654 598 1722 633 Se-

169 668 282 705 quere
304 668 371 692 me.
435 652 557 695 Panlo
586 662 671 709 post
695 669 791 695 vero
819 655 870 695 ita
894 655 1166 709 prosequitur:
1201 658 1253 694 Et
1268 664 1357 707 post
1384 660 1546 697 lre'dmzm
1570 666 1722 712 mtstlt'ue

165 723 294 773 jhc-lae
319 730 409 761 snut
434 725 471 761 in
499 726 600 763 Cana
625 726 833 771 Galilaeae,
880 731 918 762 et
938 732 1090 762 vocatus
1113 731 1168 763 esl
1191 727 1296 763 Iesus
1318 732 1353 763 et
1376 728 1554 777 discipule*
1572 732 1650 766 eius
1672 734 1723 768 ml

166 793 330 841 nuptias,
366 799 402 830 et
422 800 506 830 erat
527 793 582 831 ibi
599 801 718 831 mater·
739 795 831 831 ειίιε.
897 790 1175 845 Evangelistae
1199 806 1293 831 vero
1318 792 1436 832 ceteri
1459 803 1618 835 narrant
1638 795 1716 838 XL

167 858 249 899 dies
273 859 377 899 illum
404 859 443 900 in
466 861 622 900 deserto
647 860 860 909 mansisse,
896 867 933 898 et
957 874 978 900 a
1002 860 1154 899 diabolo
1178 860 1296 900 fuisse
1323 867 1534 911 tentatum,
1569 877 1613 902 ac
1638 872 1714 906 tum

167 927 318 967 demum
341 928 568 968 redeuntem
594 928 867 983 discipulorum
893 928 1073 968 habuisse
1094 928 1298 968 delectum.
1361 927 1449 969 Nec
1470 930 1583 981 illud,
1619 948 1715 986 quae

166 1009 301 1035 eorum
325 997 478 1037 inscitia
504 1003 585 1047 est,
621 996 958 1047 animadvertunt,
993 996 1026 1036 id
1055 996 1379 1049 evangelistarum
1402 1012 1715 1054 unumquemque

166 1064 386 1116 studuisse,
421 1071 484 1116 ut,
519 1079 617 1119 quac
641 1065 688 1106 ab
713 1065 796 1105 aliis
820 1072 951 1105 esseut
973 1065 1139 1118 prodita,
1175 1078 1219 1104 ea
1244 1072 1506 1106 consentanee
1530 1083 1613 1108 cum
1639 1070 1714 1111 illis

162 1141 406 1188 exponeret,
440 1133 594 1174 interim
620 1140 749 1173 tamen
777 1133 982 1181 nonnulla,
1018 1146 1115 1186 qnae
1141 1132 1187 1171 ab
1214 1133 1350 1172 iisdem
1379 1142 1513 1175 essent
1540 1145 1712 1191 praeter-

160 1201 302 1251 missa,
348 1209 599 1243 memoraret.
660 1201 802 1256 Neque
830 1201 928 1240 euim
960 1201 996 1240 id
1028 1201 1066 1241 in
1096 1215 1229 1241 eorum
1256 1202 1455 1242 voluntate
1481 1206 1597 1244 situm
1626 1207 1708 1258 fuit,

159 1270 226 1310 sed
258 1285 279 1310 a
304 1270 442 1325 spiritu
468 1278 605 1312 sancto
632 1271 756 1311 omnis
782 1269 932 1308 illorum
958 1269 1133 1309 doctrina
1158 1269 1430 1325 scribendique
1463 1274 1558 1313 ordo
1581 1278 1709 1329 prol'e-

159 1346 243 1379 ctus
267 1346 341 1380 est.
404 1338 506 1380 Nam
533 1339 565 1380 si
591 1338 949 1394 reprehendendum
976 1338 1067 1378 illud
1093 1338 1343 1390 existimant,
1387 1340 1604 1396 intelligant
1630 1351 1708 1385 tres

158 1408 255 1449 alios
281 1409 545 1462 evangelistas
569 1424 645 1449 non
669 1408 715 1448 ab
740 1407 821 1460 ipso
847 1419 975 1446 rerum
1000 1414 1198 1459 gestarum
1222 1407 1331 1447 initio
1355 1410 1588 1452 narrationis
1613 1427 1708 1453 suae

158 1476 372 1532 sumpsisse
405 1478 628 1532 primordia.
690 1474 915 1516 Matthaeus
947 1475 1050 1515 enim
1083 1476 1228 1530 primus
1257 1477 1500 1530 evangelium
1533 1481 1707 1522 scribere

157 1559 367 1599 aggressus
400 1553 473 1587 est.
538 1544 610 1586 Cui
644 1544 796 1598 quidem
829 1543 938 1583 initio
971 1544 1216 1598 praedicandi
1252 1545 1442 1599 evangelii
1478 1562 1616 1588 munus
1648 1558 1708 1591 cst

156 1615 420 1655 commissum.
484 1613 545 1655 De
574 1626 647 1667 qna
682 1626 724 1651 re
760 1612 796 1651 in
833 1611 906 1651 alia
942 1611 1093 1652 haeresi
1127 1613 1284 1667 copiose
1320 1615 1624 1670 disputavimus,
1670 1626 1708 1658 et

154 1697 256 1723 nunc
280 1683 414 1723 eadem
438 1682 507 1723 hoc
531 1682 616 1721 loco
640 1687 819 1735 repetere
845 1694 929 1719 cum
954 1681 999 1720 ad
1023 1681 1199 1722 veritatis
1222 1683 1350 1734 iidem,
1386 1691 1463 1724 tum
1485 1685 1530 1725 ad
1551 1686 1702 1727 illorum

153 1750 444 1792 convincendos
476 1763 656 1800 errores,
691 1749 847 1789 minime
880 1748 1039 1803 pigebit.

257 1887 482 1929 Matthaeus
519 1887 637 1941 igitur
670 1886 816 1942 primus
849 1886 1040 1940 evangelii
1069 1887 1264 1928 scribendi
1295 1889 1533 1944 provinciam
1562 1900 1700 1933 nactus
1728 1912 1804 1952 Cap.
1827 1912 1864 1942 v,

150 1964 232 2008 est,
278 1965 318 1997 ut
346 1956 536 2007 diximu53
587 1956 702 2010 idque
740 1969 792 1995 ex
827 1955 910 1995 iure
944 1955 1082 1995 merito
1112 1957 1287 2011 contigit.
1353 1956 1573 2013 Oportebat
1600 1961 1702 2002 enim

150 2040 234 2067 eum
268 2026 390 2080 ipsum
423 2024 487 2079 qui
519 2025 564 2064 ad
601 2023 880 2064 conciliandam
917 2023 1084 2065 humano
1116 2027 1250 2079 generi
1280 2026 1443 2067 salutem
1471 2029 1700 2080 advenerat,

150 2094 288 2148 quique
312 2093 365 2133 ita
392 2093 567 2133 dixerat:
614 2095 701 2132 Non
729 2095 967 2132 z·em'vocc11·e
992 2096 1130 2142 iustos,
1175 2097 1243 2133 sed
1259 2104 1479 2147 peccatores
1502 2100 1552 2136 ad
1569 2102 1698 2150 poeni·
1715 2117 1853 2153 Mamm,
1864 2118 1905 2146 13.

149 2166 322 2210 tentiam,
357 2162 403 2201 ad
433 2175 566 2202 eorum
594 2161 659 2216 qui
686 2161 870 2201 servandi
896 2168 1008 2201 erant
1033 2163 1280 2218 exemplum,
1316 2163 1350 2204 ei
1377 2164 1518 2205 homini
1546 2166 1700 2220 potissi-

148 2245 248 2271 mum
272 2230 555 2285 praedicandae
578 2230 716 2270 salutis
739 2244 878 2270 munus
901 2229 1130 2285 iniungere,
1166 2231 1230 2286 qui
1254 2232 1300 2272 ab
1324 2232 1537 2273 innumeris
1563 2248 1700 2288 pecca-

147 2298 194 2339 tis
219 2312 434 2339 conversus
458 2306 497 2339 et
521 2314 542 2339 a
567 2299 713 2339 telonio
737 2299 947 2339 suscitatus
971 2300 1121 2350 fuerat,
1155 2314 1199 2340 ac
1222 2315 1263 2341 se
1289 2300 1336 2342 ab
1361 2301 1463 2340 omui
1487 2303 1637 2343 scelere
1662 2311 1700 2343 et

143 2367 332 2408 iniustitia
359 2375 589 2417 revocarat,
635 2375 676 2408 ut
700 2367 745 2407 ab
772 2367 837 2407 illo
862 2375 1002 2422 quanta
1029 2369 1101 2408 sibi
1127 2376 1234 2410 esset
1259 2370 1427 2409 adventu
1454 2367 1601 2411 Christi
1629 2371 1698 2412 hu-

143 2436 309 2476 manitas
336 2437 476 2477 collata
504 2436 689 2476 mortales
717 2435 927 2477 discerent.
991 2436 1145 2493 Quippe
1171 2445 1257 2493 post
1282 2445 1527 2492 peccatorum
1554 2441 1697 2480 condo-

143 2505 341 2546 nationem
365 2505 438 2545 hoc
466 2505 590 2545 eidem
616 2505 834 2557 concessit,
881 2512 920 2546 ut
947 2513 985 2546 et
1011 2514 1185 2547 mortuos
1209 2507 1384 2547 excitare
1412 2514 1544 2561 posset
1567 2509 1612 2548 ad
1639 2509 1696 2549 vi-

141 2639 332 2676 οἶναστάντα
369 2641 614 2682 καταξιοῦσὲαι
649 2643 747 2683 (quod
779 2644 903 2683 quidem
949 2646 1031 2685 quod
1053 2647 1122 2676 libri
1142 2648 1273 2684 tuentur,
1297 2646 1452 2677 vindicari
1468 2649 1588 2687 poterit.
1627 2650 1695 2678 Ver-

140 2690 267 2720 verbum
289 2691 471 2729 coyitotione
491 2690 689 2729 repetendum
709 2692 762 2729 est,
782 2699 817 2720 ne
833 2700 902 2721 cum
948 2694 998 2722 to:
1034 2690 1065 2721 in
1101 2690 1285 2733 exemplum
1320 2690 1431 2728 vobis,
1470 2692 1522 2735 qni
1556 2691 1695 2724 salutem

140 2735 269 2765 Pelavio
294 2737 399 2766 omnia
430 2736 478 2766 hic
504 2738 651 2775 corrupta
676 2744 737 2766 esse
761 2737 896 2776 suspice·
943 2735 1094 2779 adepturi
1130 2736 1226 2773 estis,
1263 2735 1339 2766 inde
1371 2736 1459 2780 quod
1484 2738 1609 2770 homini
1640 2737 1694 2781 qui

140 2781 227 2821 mur)
252 2780 300 2834 τῷ
329 2778 406 2813 &if-‘56
391 2792 460 2813 *τι
484 2784 550 2812 cett.
944 2782 976 2813 in
1003 2781 1130 2812 telonio
1161 2781 1200 2812 ab
1234 2781 1322 2812 omni
1357 2793 1392 2813 se
1424 2783 1548 2815 scelere
1578 2791 1611 2815 et
1639 2784 1691 2814 in-

187 2824 217 2856 4.
244 2821 320 2867 ἆμίι
341 2828 410 2863 τοῖς
432 2837 472 2867 μ;
466 2825 588 2859 'mur-000
609 2827 676 2858 cod.
695 2828 766 2858 Vm
803 2828 898 2868 Vu190
943 2827 1069 2859 iustitia
1094 2838 1192 2857 rex-o(
1195 2834 1281 2857 isset
1303 2834 1402 2870 atque
1423 2840 1571 2860 reiersns
1596 2841 1644 2860 ess
1633 2836 1692 2866 et,

141 2866 224 2911 ημῖν
249 2872 315 2904 τῶν
341 2868 539 2913 μελλονκτωι
944 2872 1056 2904 salutis
1079 2871 1359 2913 praedicationem
1379 2874 1560 2906 mandaret.
1588 2877 1692 2907 Parin·-

188 2915 217 2946 5.
244 2918 385 2948 Fortasse
404 2919 514 2949 rectius
533 2927 668 2958 reponas
688 2917 747 2951 τοῦ
760 2928 817 2958 pro
834 2917 896 2962 τῷ,
943 2920 1058 2957 cipium
1077 2913 1254 2960 α’ναχὲέντι
1272 2921 1367 2958 igitur
1384 2930 1451 2952 cum
1475 2918 1539 2954 tiz&
1558 2917 1692 2959 α’δικίας

141 2961 229 2992 cuius
250 2963 393 3001 infinitivi
413 2973 482 2994 cum
501 2963 561 2996 τοῦ
582 2965 678 2995 iuncti
696 2965 837 3004 frequens
857 2967 898 2995 est
944 2965 1035 2994 etiam
1060 2964 1236 2994 struendum
1263 2968 1315 2996 est.

142 3007 230 3044 apud
253 3008 464 3047 Epiphanium
497 3019 591 3051 usus,·
628 3010 682 3043 sed
712 3012 805 3042 etiam
835 3009 897 3052 τῷ,
988 3008 1019 3041 6.
1045 3007 1190 3051 τελωνίῳ
1215 3011 1282 3041 cod.
1306 3011 1404 3046 Venet.
