<?xml version="1.0" encoding="UTF-8"?>
<!DOCTYPE html PUBLIC "-//W3C//DTD XHTML 1.0 Transitional//EN"
    "http://www.w3.org/TR/xhtml1/DTD/xhtml1-transitional.dtd">
<html xmlns="http://www.w3.org/1999/xhtml" xml:lang="en" lang="en">
 <head>
  <title>
</title>
<meta http-equiv="Content-Type" content="text/html;charset=utf-8" />
  <meta name='ocr-system' content='tesseract 3.04.00' />
  <meta name='ocr-capabilities' content='ocr_page ocr_carea ocr_par ocr_line ocrx_word'/>
</head>
<body>
  <div class='ocr_page' id='page_1' title='image "./p2corporishaereseo02epipuoft/p2corporishaereseo02epipuoft_0205.png"; bbox 0 0 2066 3319; ppageno 0'>
   <div class='ocr_carea' id='block_1_1' title="bbox 535 120 1699 162">
    <p class='ocr_par' dir='ltr' id='par_1_1' title="bbox 535 120 1699 162">
     <span class='ocr_line' id='line_1_1' title="bbox 535 120 1699 162; baseline -0.001 -1"><span class='ocrx_word' id='word_1_1' title='bbox 535 129 715 161; x_wconf 75' lang='lat' dir='ltr'>PANARn</span> <span class='ocrx_word' id='word_1_2' title='bbox 741 130 822 161; x_wconf 81' lang='lat' dir='ltr'>Llss.</span> <span class='ocrx_word' id='word_1_3' title='bbox 842 130 880 161; x_wconf 86' lang='lat' dir='ltr'>n.</span> <span class='ocrx_word' id='word_1_4' title='bbox 905 129 1012 162; x_wconf 76' lang='grc' dir='ltr'><strong>ΤοΜ.</strong></span> <span class='ocrx_word' id='word_1_5' title='bbox 1031 131 1054 161; x_wconf 86' lang='grc' dir='ltr'>ῐ.</span> <span class='ocrx_word' id='word_1_6' title='bbox 1079 129 1208 161; x_wconf 80' lang='lat' dir='ltr'>HAER.</span> <span class='ocrx_word' id='word_1_7' title='bbox 1233 129 1323 162; x_wconf 71' lang='lat' dir='ltr'>Lux.</span> <span class='ocrx_word' id='word_1_8' title='bbox 1623 120 1699 160; x_wconf 74' lang='lat'>183</span> 
     </span>
    </p>
   </div>
   <div class='ocr_carea' id='block_1_2' title="bbox 144 207 1900 2917">
    <p class='ocr_par' dir='ltr' id='par_1_2' title="bbox 163 207 1699 263">
     <span class='ocr_line' id='line_1_2' title="bbox 163 207 1699 263; baseline -0.002 -12"><span class='ocrx_word' id='word_1_9' title='bbox 163 218 246 260; x_wconf 85' lang='lat' dir='ltr'>est,</span> <span class='ocrx_word' id='word_1_10' title='bbox 280 210 346 249; x_wconf 90' lang='lat' dir='ltr'>sed</span> <span class='ocrx_word' id='word_1_11' title='bbox 370 208 516 258; x_wconf 70' lang='lat' dir='ltr'>semel,</span> <span class='ocrx_word' id='word_1_12' title='bbox 551 222 625 248; x_wconf 88' lang='lat' dir='ltr'>non</span> <span class='ocrx_word' id='word_1_13' title='bbox 650 207 707 247; x_wconf 88' lang='lat' dir='ltr'>bis</span> <span class='ocrx_word' id='word_1_14' title='bbox 735 208 900 262; x_wconf 88' lang='lat' dir='ltr'>denique</span> <span class='ocrx_word' id='word_1_15' title='bbox 929 223 997 263; x_wconf 86' lang='lat' dir='ltr'>pro</span> <span class='ocrx_word' id='word_1_16' title='bbox 1020 209 1129 250; x_wconf 89' lang='lat' dir='ltr'>nobis</span> <span class='ocrx_word' id='word_1_17' title='bbox 1153 217 1327 250; x_wconf 88' lang='lat' dir='ltr'>mortuus</span> <span class='ocrx_word' id='word_1_18' title='bbox 1358 216 1417 249; x_wconf 83' lang='lat' dir='ltr'>est</span> <span class='ocrx_word' id='word_1_19' title='bbox 1446 223 1490 248; x_wconf 78' lang='lat' dir='ltr'>ae</span> <span class='ocrx_word' id='word_1_20' title='bbox 1521 222 1699 248; x_wconf 84' lang='lat' dir='ltr'>resurre—</span> 
     </span>
    </p>

    <p class='ocr_par' dir='ltr' id='par_1_3' title="bbox 162 274 1700 329">
     <span class='ocr_line' id='line_1_3' title="bbox 162 274 1700 329; baseline -0.002 -11"><span class='ocrx_word' id='word_1_21' title='bbox 162 280 236 319; x_wconf 85' lang='lat' dir='ltr'>xit.</span> <span class='ocrx_word' id='word_1_22' title='bbox 300 274 562 329; x_wconf 79' lang='lat' dir='ltr'>Quamobrem</span> <span class='ocrx_word' id='word_1_23' title='bbox 589 289 735 315; x_wconf 78' lang='lat' dir='ltr'>summa</span> <span class='ocrx_word' id='word_1_24' title='bbox 759 276 806 315; x_wconf 88' lang='lat' dir='ltr'>ob</span> <span class='ocrx_word' id='word_1_25' title='bbox 832 276 866 315; x_wconf 89' lang='lat' dir='ltr'>id</span> <span class='ocrx_word' id='word_1_26' title='bbox 894 276 1107 317; x_wconf 79' lang='lat' dir='ltr'>adhibenda</span> <span class='ocrx_word' id='word_1_27' title='bbox 1134 278 1262 317; x_wconf 71' lang='lat' dir='ltr'>cautio</span> <span class='ocrx_word' id='word_1_28' title='bbox 1287 285 1360 326; x_wconf 85' lang='lat' dir='ltr'>est,</span> <span class='ocrx_word' id='word_1_29' title='bbox 1396 291 1460 326; x_wconf 88' lang='lat' dir='ltr'>ne,</span> <span class='ocrx_word' id='word_1_30' title='bbox 1494 277 1526 317; x_wconf 93' lang='lat' dir='ltr'>si</span> <span class='ocrx_word' id='word_1_31' title='bbox 1551 277 1588 316; x_wconf 88' lang='lat' dir='ltr'>in</span> <span class='ocrx_word' id='word_1_32' title='bbox 1613 290 1700 329; x_wconf 84' lang='lat' dir='ltr'>pec-</span> 
     </span>
    </p>

    <p class='ocr_par' dir='ltr' id='par_1_4' title="bbox 162 344 1697 399">
     <span class='ocr_line' id='line_1_4' title="bbox 162 344 1697 399; baseline -0.002 -13"><span class='ocrx_word' id='word_1_33' title='bbox 162 352 289 386; x_wconf 73' lang='lat' dir='ltr'>catum</span> <span class='ocrx_word' id='word_1_34' title='bbox 322 344 488 398; x_wconf 80' lang='lat' dir='ltr'>prolapsi</span> <span class='ocrx_word' id='word_1_35' title='bbox 524 344 733 392; x_wconf 74' lang='lat' dir='ltr'>fuerimus,</span> <span class='ocrx_word' id='word_1_36' title='bbox 768 344 1060 384; x_wconf 80' lang='lat' dir='ltr'>instaurationis</span> <span class='ocrx_word' id='word_1_37' title='bbox 1094 346 1194 386; x_wconf 90' lang='lat' dir='ltr'>illius</span> <span class='ocrx_word' id='word_1_38' title='bbox 1227 360 1370 385; x_wconf 70' lang='lat' dir='ltr'>corona</span> <span class='ocrx_word' id='word_1_39' title='bbox 1404 345 1514 385; x_wconf 87' lang='lat' dir='ltr'>nobis</span> <span class='ocrx_word' id='word_1_40' title='bbox 1548 351 1697 399; x_wconf 84' lang='lat' dir='ltr'>pereat.</span> 
     </span>
    </p>

    <p class='ocr_par' dir='ltr' id='par_1_5' title="bbox 160 412 1875 534">
     <span class='ocr_line' id='line_1_5' title="bbox 162 412 1875 467; baseline -0.004 -12"><span class='ocrx_word' id='word_1_41' title='bbox 162 413 240 455; x_wconf 81' lang='lat' dir='ltr'>Sed</span> <span class='ocrx_word' id='word_1_42' title='bbox 272 413 303 453; x_wconf 90' lang='lat' dir='ltr'>si</span> <span class='ocrx_word' id='word_1_43' title='bbox 337 412 421 466; x_wconf 84' lang='lat' dir='ltr'>quis</span> <span class='ocrx_word' id='word_1_44' title='bbox 446 419 574 452; x_wconf 89' lang='lat' dir='ltr'>tamen</span> <span class='ocrx_word' id='word_1_45' title='bbox 607 412 735 467; x_wconf 84' lang='lat' dir='ltr'>lapsus</span> <span class='ocrx_word' id='word_1_46' title='bbox 765 412 897 462; x_wconf 85' lang='lat' dir='ltr'>l&#39;uerit,</span> <span class='ocrx_word' id='word_1_47' title='bbox 927 414 1124 465; x_wconf 72' lang='lat' dir='ltr'>fueritque</span> <span class='ocrx_word' id='word_1_48' title='bbox 1145 418 1182 452; x_wconf 77' lang='grc' dir='ltr'>ιἰι</span> <span class='ocrx_word' id='word_1_49' title='bbox 1209 416 1333 466; x_wconf 73' lang='lat' dir='ltr'>aliquo</span> <span class='ocrx_word' id='word_1_50' title='bbox 1356 416 1503 460; x_wconf 68' lang='lat' dir='ltr'>delicto,</span> <span class='ocrx_word' id='word_1_51' title='bbox 1541 419 1581 453; x_wconf 91' lang='lat' dir='ltr'>ut</span> <span class='ocrx_word' id='word_1_52' title='bbox 1606 426 1698 467; x_wconf 88' lang='lat' dir='ltr'>apo·</span> <span class='ocrx_word' id='word_1_53' title='bbox 1718 423 1785 449; x_wconf 76' lang='lat' dir='ltr'>Gai.</span> <span class='ocrx_word' id='word_1_54' title='bbox 1806 423 1831 455; x_wconf 68' lang='lat'>(5,</span> <span class='ocrx_word' id='word_1_55' title='bbox 1855 425 1875 450; x_wconf 88' lang='grc' dir='ltr'>ι.</span> 
     </span>
     <span class='ocr_line' id='line_1_6' title="bbox 160 480 1698 534; baseline -0.003 -11"><span class='ocrx_word' id='word_1_56' title='bbox 160 482 281 523; x_wconf 83' lang='lat' dir='ltr'>stolus</span> <span class='ocrx_word' id='word_1_57' title='bbox 314 480 505 534; x_wconf 85' lang='lat' dir='ltr'>loquitur,</span> <span class='ocrx_word' id='word_1_58' title='bbox 541 488 859 532; x_wconf 69' lang='lat' dir='ltr'>praeoccupatus,</span> <span class='ocrx_word' id='word_1_59' title='bbox 904 496 965 519; x_wconf 76' lang='lat' dir='ltr'>vos</span> <span class='ocrx_word' id='word_1_60' title='bbox 992 485 1060 533; x_wconf 69' lang='grc' dir='ltr'>(μα’</span> <span class='ocrx_word' id='word_1_61' title='bbox 1089 484 1279 533; x_wconf 68' lang='lat' dir='ltr'>spiritales</span> <span class='ocrx_word' id='word_1_62' title='bbox 1312 485 1400 520; x_wconf 69' lang='lat' dir='ltr'>estis</span> <span class='ocrx_word' id='word_1_63' title='bbox 1434 484 1616 520; x_wconf 71' lang='lat' dir='ltr'>eiusmodi</span> <span class='ocrx_word' id='word_1_64' title='bbox 1641 484 1698 520; x_wconf 77' lang='lat' dir='ltr'>in—</span> 
     </span>
    </p>

    <p class='ocr_par' dir='ltr' id='par_1_6' title="bbox 157 550 1697 672">
     <span class='ocr_line' id='line_1_7' title="bbox 157 550 1692 601; baseline -0.001 -11"><span class='ocrx_word' id='word_1_65' title='bbox 157 553 293 590; x_wconf 71' lang='lat' dir='ltr'>struile</span> <span class='ocrx_word' id='word_1_66' title='bbox 317 553 354 588; x_wconf 77' lang='lat' dir='ltr'>in</span> <span class='ocrx_word' id='word_1_67' title='bbox 384 552 521 600; x_wconf 69' lang='lat' dir='ltr'>spirita</span> <span class='ocrx_word' id='word_1_68' title='bbox 551 550 736 592; x_wconf 81' lang='lat' dir='ltr'>lem&#39;late&#39;s.</span> <span class='ocrx_word' id='word_1_69' title='bbox 772 552 1013 589; x_wconf 63' lang='lat' dir='ltr'>considerans</span> <span class='ocrx_word' id='word_1_70' title='bbox 1038 553 1264 601; x_wconf 70' lang='lat' dir='ltr'>temetipsum</span> <span class='ocrx_word' id='word_1_71' title='bbox 1279 581 1287 596; x_wconf 90' lang='lat'>,</span> <span class='ocrx_word' id='word_1_72' title='bbox 1322 565 1368 587; x_wconf 81' lang='lat' dir='ltr'>ne</span> <span class='ocrx_word' id='word_1_73' title='bbox 1397 558 1434 588; x_wconf 84' lang='lat' dir='ltr'>et</span> <span class='ocrx_word' id='word_1_74' title='bbox 1462 558 1500 588; x_wconf 77' lang='lat' dir='ltr'>tu</span> <span class='ocrx_word' id='word_1_75' title='bbox 1526 552 1692 588; x_wconf 77' lang='lat' dir='ltr'>tenteris.</span> 
     </span>
     <span class='ocr_line' id='line_1_8' title="bbox 159 616 1697 672; baseline -0.001 -14"><span class='ocrx_word' id='word_1_76' title='bbox 159 618 353 672; x_wconf 74' lang='lat' dir='ltr'>Quocirca</span> <span class='ocrx_word' id='word_1_77' title='bbox 375 617 406 656; x_wconf 83' lang='lat' dir='ltr'>si</span> <span class='ocrx_word' id='word_1_78' title='bbox 430 616 515 670; x_wconf 84' lang='lat' dir='ltr'>quis</span> <span class='ocrx_word' id='word_1_79' title='bbox 539 624 698 670; x_wconf 77' lang='lat' dir='ltr'>peccato</span> <span class='ocrx_word' id='word_1_80' title='bbox 720 617 864 670; x_wconf 84' lang='lat' dir='ltr'>aliquo,</span> <span class='ocrx_word' id='word_1_81' title='bbox 899 617 1166 670; x_wconf 81' lang='lat' dir='ltr'>quodcumque</span> <span class='ocrx_word' id='word_1_82' title='bbox 1192 617 1342 657; x_wconf 82' lang='lat' dir='ltr'>denium</span> <span class='ocrx_word' id='word_1_83' title='bbox 1368 617 1457 656; x_wconf 91' lang='lat' dir='ltr'>illud</span> <span class='ocrx_word' id='word_1_84' title='bbox 1483 618 1547 667; x_wconf 88' lang='lat' dir='ltr'>sit,</span> <span class='ocrx_word' id='word_1_85' title='bbox 1583 631 1697 657; x_wconf 81' lang='lat' dir='ltr'>oecu-</span> 
     </span>
    </p>

    <p class='ocr_par' dir='ltr' id='par_1_7' title="bbox 158 683 1699 809">
     <span class='ocr_line' id='line_1_9' title="bbox 158 683 1699 741; baseline -0.001 -15"><span class='ocrx_word' id='word_1_86' title='bbox 158 693 268 741; x_wconf 88' lang='lat' dir='ltr'>patus</span> <span class='ocrx_word' id='word_1_87' title='bbox 307 684 443 732; x_wconf 82' lang='lat' dir='ltr'>fuerit,</span> <span class='ocrx_word' id='word_1_88' title='bbox 488 683 600 724; x_wconf 79' lang='lat' dir='ltr'>liuius</span> <span class='ocrx_word' id='word_1_89' title='bbox 636 684 740 724; x_wconf 93' lang='lat' dir='ltr'>illum</span> <span class='ocrx_word' id='word_1_90' title='bbox 780 685 991 739; x_wconf 72' lang='lat' dir='ltr'>poeniteat.</span> <span class='ocrx_word' id='word_1_91' title='bbox 1061 683 1347 724; x_wconf 84' lang='lat' dir='ltr'>Poenitentiam</span> <span class='ocrx_word' id='word_1_92' title='bbox 1384 685 1485 724; x_wconf 85' lang='lat' dir='ltr'>enim</span> <span class='ocrx_word' id='word_1_93' title='bbox 1519 686 1579 725; x_wconf 83' lang='lat' dir='ltr'>vel</span> <span class='ocrx_word' id='word_1_94' title='bbox 1612 691 1699 740; x_wconf 84' lang='lat' dir='ltr'>post</span> 
     </span>
     <span class='ocr_line' id='line_1_10' title="bbox 158 751 1696 809; baseline -0.002 -14"><span class='ocrx_word' id='word_1_95' title='bbox 158 753 385 809; x_wconf 82' lang='lat' dir='ltr'>baptismum</span> <span class='ocrx_word' id='word_1_96' title='bbox 415 752 551 807; x_wconf 78' lang='lat' dir='ltr'>accipit</span> <span class='ocrx_word' id='word_1_97' title='bbox 579 753 697 803; x_wconf 86' lang='lat' dir='ltr'>deus,</span> <span class='ocrx_word' id='word_1_98' title='bbox 732 753 763 792; x_wconf 79' lang='lat' dir='ltr'>si</span> <span class='ocrx_word' id='word_1_99' title='bbox 790 753 875 806; x_wconf 85' lang='lat' dir='ltr'>quis</span> <span class='ocrx_word' id='word_1_100' title='bbox 907 754 1003 791; x_wconf 80' lang='lat' dir='ltr'>forte</span> <span class='ocrx_word' id='word_1_101' title='bbox 1029 752 1248 805; x_wconf 79' lang='lat' dir='ltr'><strong>deliquerit.</strong></span> <span class='ocrx_word' id='word_1_102' title='bbox 1313 751 1414 806; x_wconf 82' lang='lat' dir='ltr'>Quid</span> <span class='ocrx_word' id='word_1_103' title='bbox 1439 760 1564 793; x_wconf 84' lang='lat' dir='ltr'>autem</span> <span class='ocrx_word' id='word_1_104' title='bbox 1591 753 1696 793; x_wconf 85' lang='lat' dir='ltr'>dein-</span> 
     </span>
    </p>

    <p class='ocr_par' dir='ltr' id='par_1_8' title="bbox 153 820 1900 1148">
     <span class='ocr_line' id='line_1_11' title="bbox 157 820 1899 877; baseline -0.004 -14"><span class='ocrx_word' id='word_1_105' title='bbox 157 837 247 877; x_wconf 79' lang='lat' dir='ltr'>ceps</span> <span class='ocrx_word' id='word_1_106' title='bbox 281 821 391 862; x_wconf 72' lang='lat' dir='ltr'>saciat</span> <span class='ocrx_word' id='word_1_107' title='bbox 411 852 420 870; x_wconf 91' lang='lat'>,</span> <span class='ocrx_word' id='word_1_108' title='bbox 461 821 567 860; x_wconf 81' lang='lat' dir='ltr'>solus</span> <span class='ocrx_word' id='word_1_109' title='bbox 601 821 681 874; x_wconf 85' lang='lat' dir='ltr'>ipse</span> <span class='ocrx_word' id='word_1_110' title='bbox 717 821 840 860; x_wconf 84' lang='lat' dir='ltr'>novit.</span> <span class='ocrx_word' id='word_1_111' title='bbox 903 822 1170 859; x_wconf 69' lang='lat' dir='ltr'>lusci-mabilia</span> <span class='ocrx_word' id='word_1_112' title='bbox 1203 820 1390 874; x_wconf 85' lang='lat' dir='ltr'><strong>siquidem</strong></span> <span class='ocrx_word' id='word_1_113' title='bbox 1427 823 1530 859; x_wconf 68' lang='lat' dir='ltr'>illiers</span> <span class='ocrx_word' id='word_1_114' title='bbox 1560 824 1899 861; x_wconf 62' lang='lat' dir='ltr'>z&#39;mlimktnom.11.3³.</span> 
     </span>
     <span class='ocr_line' id='line_1_12' title="bbox 154 888 1696 941; baseline -0.001 -11"><span class='ocrx_word' id='word_1_115' title='bbox 154 899 264 938; x_wconf 77' lang='lat' dir='ltr'>sunt,</span> <span class='ocrx_word' id='word_1_116' title='bbox 299 898 335 930; x_wconf 80' lang='lat' dir='ltr'>et</span> <span class='ocrx_word' id='word_1_117' title='bbox 357 890 635 941; x_wconf 73' lang='lat' dir='ltr'>investigabiles</span> <span class='ocrx_word' id='word_1_118' title='bbox 667 892 746 927; x_wconf 75' lang='lat' dir='ltr'>viae</span> <span class='ocrx_word' id='word_1_119' title='bbox 780 892 883 936; x_wconf 71' lang='lat' dir='ltr'>ec&#39;zts,·</span> <span class='ocrx_word' id='word_1_120' title='bbox 929 903 999 928; x_wconf 78' lang='lat' dir='ltr'>nec</span> <span class='ocrx_word' id='word_1_121' title='bbox 1030 895 1119 928; x_wconf 79' lang='lat' dir='ltr'>ante</span> <span class='ocrx_word' id='word_1_122' title='bbox 1152 888 1253 928; x_wconf 83' lang='lat' dir='ltr'>illius</span> <span class='ocrx_word' id='word_1_123' title='bbox 1285 890 1492 929; x_wconf 80' lang='lat' dir='ltr'>adventum</span> <span class='ocrx_word' id='word_1_124' title='bbox 1524 889 1696 929; x_wconf 82' lang='lat' dir='ltr'>iudicare</span> 
     </span>
     <span class='ocr_line' id='line_1_13' title="bbox 155 958 1900 1014; baseline -0.005 -14"><span class='ocrx_word' id='word_1_125' title='bbox 155 972 384 1014; x_wconf 79' lang='lat' dir='ltr'>quemquam</span> <span class='ocrx_word' id='word_1_126' title='bbox 407 965 582 1012; x_wconf 80' lang='lat' dir='ltr'>oportet,</span> <span class='ocrx_word' id='word_1_127' title='bbox 617 959 731 995; x_wconf 74' lang='lat' dir='ltr'>donec·</span> <span class='ocrx_word' id='word_1_128' title='bbox 755 959 879 996; x_wconf 70' lang='lat' dir='ltr'>veniat</span> <span class='ocrx_word' id='word_1_129' title='bbox 901 960 1090 1004; x_wconf 68' lang='lat' dir='ltr'>dontinus,</span> <span class='ocrx_word' id='word_1_130' title='bbox 1127 960 1195 1009; x_wconf 76' lang='lat' dir='ltr'>qui</span> <span class='ocrx_word' id='word_1_131' title='bbox 1215 965 1251 996; x_wconf 75' lang='lat' dir='ltr'>el</span> <span class='ocrx_word' id='word_1_132' title='bbox 1272 958 1451 996; x_wconf 75' lang='lat' dir='ltr'><em>revelabit</em></span> <span class='ocrx_word' id='word_1_133' title='bbox 1475 958 1691 996; x_wconf 72' lang='lat' dir='ltr'>abscondita</span> <span class='ocrx_word' id='word_1_134' title='bbox 1711 969 1734 995; x_wconf 92' lang='lat'>1.</span> <span class='ocrx_word' id='word_1_135' title='bbox 1748 969 1817 995; x_wconf 81' lang='lat' dir='ltr'>Cor.</span> <span class='ocrx_word' id='word_1_136' title='bbox 1833 969 1858 1002; x_wconf 75' lang='lat'>4,</span> <span class='ocrx_word' id='word_1_137' title='bbox 1875 970 1900 996; x_wconf 84' lang='lat'>5.</span> 
     </span>
     <span class='ocr_line' id='line_1_14' title="bbox 153 1027 1898 1078; baseline -0.004 -11"><span class='ocrx_word' id='word_1_138' title='bbox 153 1030 289 1067; x_wconf 76' lang='lat' dir='ltr'>cordis.</span> <span class='ocrx_word' id='word_1_139' title='bbox 354 1029 405 1065; x_wconf 80' lang='lat' dir='ltr'>Et</span> <span class='ocrx_word' id='word_1_140' title='bbox 428 1034 516 1065; x_wconf 75' lang='lat' dir='ltr'>tune</span> <span class='ocrx_word' id='word_1_141' title='bbox 542 1027 624 1064; x_wconf 73' lang='lat' dir='ltr'>laus</span> <span class='ocrx_word' id='word_1_142' title='bbox 651 1028 896 1078; x_wconf 76' lang='lat' dir='ltr'>zmz&#39;cuc&#39;usque</span> <span class='ocrx_word' id='word_1_143' title='bbox 919 1027 1114 1076; x_wconf 77' lang='lat' dir='ltr'>manifesta</span> <span class='ocrx_word' id='word_1_144' title='bbox 1140 1029 1225 1064; x_wconf 69' lang='lat' dir='ltr'>erit.</span> <span class='ocrx_word' id='word_1_145' title='bbox 1291 1029 1378 1065; x_wconf 76' lang='lat' dir='ltr'>Dies</span> <span class='ocrx_word' id='word_1_146' title='bbox 1405 1029 1499 1065; x_wconf 74' lang='lat' dir='ltr'>enim</span> <span class='ocrx_word' id='word_1_147' title='bbox 1523 1028 1693 1065; x_wconf 71' lang='lat' dir='ltr'>declara·</span> <span class='ocrx_word' id='word_1_148' title='bbox 1715 1036 1808 1063; x_wconf 76' lang='lat' dir='ltr'>1.C‹·r.</span> <span class='ocrx_word' id='word_1_149' title='bbox 1820 1037 1845 1067; x_wconf 76' lang='grc'>3,</span> <span class='ocrx_word' id='word_1_150' title='bbox 1859 1038 1898 1065; x_wconf 73' lang='lat'>13.</span> 
     </span>
     <span class='ocr_line' id='line_1_15' title="bbox 154 1095 890 1148; baseline -0.005 -12"><span class='ocrx_word' id='word_1_151' title='bbox 154 1098 226 1144; x_wconf 68' lang='lat' dir='ltr'>bit,</span> <span class='ocrx_word' id='word_1_152' title='bbox 261 1098 432 1148; x_wconf 75' lang='lat' dir='ltr'>quoniam</span> <span class='ocrx_word' id='word_1_153' title='bbox 465 1098 502 1133; x_wconf 76' lang='grc' dir='ltr'>ιἸι</span> <span class='ocrx_word' id='word_1_154' title='bbox 532 1097 619 1146; x_wconf 58' lang='lat' dir='ltr'><em>2237ae</em></span> <span class='ocrx_word' id='word_1_155' title='bbox 649 1095 890 1133; x_wconf 68' lang='lat' dir='ltr'>revelabitur.</span> 
     </span>
    </p>

    <p class='ocr_par' dir='ltr' id='par_1_9' title="bbox 144 1161 1895 2917">
     <span class='ocr_line' id='line_1_16' title="bbox 267 1161 1876 1217; baseline -0.001 -14"><span class='ocrx_word' id='word_1_156' title='bbox 267 1161 378 1216; x_wconf 79' lang='lat' dir='ltr'>Quae</span> <span class='ocrx_word' id='word_1_157' title='bbox 405 1177 490 1203; x_wconf 84' lang='lat' dir='ltr'>euin</span> <span class='ocrx_word' id='word_1_158' title='bbox 518 1162 570 1203; x_wconf 78' lang='lat' dir='ltr'>ita</span> <span class='ocrx_word' id='word_1_159' title='bbox 603 1162 703 1212; x_wconf 87' lang='lat' dir='ltr'>sint,</span> <span class='ocrx_word' id='word_1_160' title='bbox 738 1175 863 1216; x_wconf 85' lang='lat' dir='ltr'>neque</span> <span class='ocrx_word' id='word_1_161' title='bbox 897 1162 1114 1203; x_wconf 83' lang='lat' dir='ltr'>libertatem</span> <span class='ocrx_word' id='word_1_162' title='bbox 1146 1163 1193 1203; x_wconf 88' lang='lat' dir='ltr'>iis</span> <span class='ocrx_word' id='word_1_163' title='bbox 1226 1162 1382 1203; x_wconf 91' lang='lat' dir='ltr'>omnino</span> <span class='ocrx_word' id='word_1_164' title='bbox 1416 1162 1479 1216; x_wconf 89' lang='lat' dir='ltr'>qni</span> <span class='ocrx_word' id='word_1_165' title='bbox 1511 1169 1596 1217; x_wconf 91' lang='lat' dir='ltr'>post</span> <span class='ocrx_word' id='word_1_166' title='bbox 1628 1161 1694 1202; x_wconf 86' lang='lat' dir='ltr'>ba·</span> <span class='ocrx_word' id='word_1_167' title='bbox 1720 1164 1798 1207; x_wconf 76' lang='lat' dir='ltr'>Cap.</span> <span class='ocrx_word' id='word_1_168' title='bbox 1822 1165 1876 1195; x_wconf 78' lang='lat' dir='ltr'>Vl-</span> 
     </span>
     <span class='ocr_line' id='line_1_17' title="bbox 152 1230 1693 1287; baseline -0.001 -15"><span class='ocrx_word' id='word_1_169' title='bbox 152 1232 329 1287; x_wconf 85' lang='lat' dir='ltr'>ptismum</span> <span class='ocrx_word' id='word_1_170' title='bbox 361 1230 595 1285; x_wconf 78' lang='lat' dir='ltr'>deliquerint</span> <span class='ocrx_word' id='word_1_171' title='bbox 624 1230 887 1280; x_wconf 88' lang='lat' dir='ltr'>ostendimus,</span> <span class='ocrx_word' id='word_1_172' title='bbox 922 1244 1047 1284; x_wconf 78' lang='lat' dir='ltr'>neque</span> <span class='ocrx_word' id='word_1_173' title='bbox 1077 1231 1152 1271; x_wconf 92' lang='lat' dir='ltr'>illis</span> <span class='ocrx_word' id='word_1_174' title='bbox 1184 1245 1289 1286; x_wconf 89' lang='lat' dir='ltr'>spem</span> <span class='ocrx_word' id='word_1_175' title='bbox 1327 1230 1462 1271; x_wconf 85' lang='lat' dir='ltr'>salutis</span> <span class='ocrx_word' id='word_1_176' title='bbox 1494 1230 1693 1286; x_wconf 78' lang='lat' dir='ltr'>eripimus.</span> 
     </span>
     <span class='ocr_line' id='line_1_18' title="bbox 150 1298 1696 1355; baseline -0.002 -14"><span class='ocrx_word' id='word_1_177' title='bbox 150 1299 384 1341; x_wconf 81' lang='lat' dir='ltr'>Misericors</span> <span class='ocrx_word' id='word_1_178' title='bbox 421 1299 522 1340; x_wconf 88' lang='lat' dir='ltr'>enim</span> <span class='ocrx_word' id='word_1_179' title='bbox 555 1299 651 1340; x_wconf 90' lang='lat' dir='ltr'>deus</span> <span class='ocrx_word' id='word_1_180' title='bbox 685 1306 744 1339; x_wconf 88' lang='lat' dir='ltr'>est</span> <span class='ocrx_word' id='word_1_181' title='bbox 778 1306 815 1338; x_wconf 88' lang='lat' dir='ltr'>et</span> <span class='ocrx_word' id='word_1_182' title='bbox 847 1299 1060 1354; x_wconf 81' lang='lat' dir='ltr'>benignus,</span> <span class='ocrx_word' id='word_1_183' title='bbox 1105 1314 1149 1339; x_wconf 81' lang='lat' dir='ltr'>ac</span> <span class='ocrx_word' id='word_1_184' title='bbox 1177 1306 1374 1355; x_wconf 80' lang='lat' dir='ltr'>receptum</span> <span class='ocrx_word' id='word_1_185' title='bbox 1407 1298 1696 1354; x_wconf 85' lang='lat' dir='ltr'>poenitentibus</span> 
     </span>
     <span class='ocr_line' id='line_1_19' title="bbox 151 1367 1693 1423; baseline -0.001 -15"><span class='ocrx_word' id='word_1_186' title='bbox 151 1368 324 1409; x_wconf 84' lang='lat' dir='ltr'>indulsit.</span> <span class='ocrx_word' id='word_1_187' title='bbox 387 1369 448 1408; x_wconf 83' lang='lat' dir='ltr'>Ae</span> <span class='ocrx_word' id='word_1_188' title='bbox 470 1368 575 1423; x_wconf 83' lang='lat' dir='ltr'>prius</span> <span class='ocrx_word' id='word_1_189' title='bbox 599 1367 749 1421; x_wconf 84' lang='lat' dir='ltr'>quidem</span> <span class='ocrx_word' id='word_1_190' title='bbox 776 1375 836 1408; x_wconf 88' lang='lat' dir='ltr'>est</span> <span class='ocrx_word' id='word_1_191' title='bbox 863 1368 1127 1408; x_wconf 81' lang='lat' dir='ltr'>manifestum.</span> <span class='ocrx_word' id='word_1_192' title='bbox 1190 1367 1250 1409; x_wconf 88' lang='lat' dir='ltr'>De</span> <span class='ocrx_word' id='word_1_193' title='bbox 1282 1368 1453 1409; x_wconf 84' lang='lat' dir='ltr'>secundo</span> <span class='ocrx_word' id='word_1_194' title='bbox 1479 1382 1575 1408; x_wconf 84' lang='lat' dir='ltr'>vero</span> <span class='ocrx_word' id='word_1_195' title='bbox 1603 1367 1693 1407; x_wconf 90' lang='lat' dir='ltr'>illud</span> 
     </span>
     <span class='ocr_line' id='line_1_20' title="bbox 152 1436 1693 1491; baseline -0.001 -14"><span class='ocrx_word' id='word_1_196' title='bbox 152 1436 346 1486; x_wconf 89' lang='lat' dir='ltr'>novimus,</span> <span class='ocrx_word' id='word_1_197' title='bbox 377 1436 669 1476; x_wconf 81' lang='lat' dir='ltr'>misericordem</span> <span class='ocrx_word' id='word_1_198' title='bbox 691 1449 779 1476; x_wconf 84' lang='lat' dir='ltr'>esse</span> <span class='ocrx_word' id='word_1_199' title='bbox 802 1436 932 1487; x_wconf 91' lang='lat' dir='ltr'>deum,</span> <span class='ocrx_word' id='word_1_200' title='bbox 958 1436 990 1476; x_wconf 83' lang='lat' dir='ltr'>si</span> <span class='ocrx_word' id='word_1_201' title='bbox 1016 1451 1086 1476; x_wconf 88' lang='lat' dir='ltr'>nos</span> <span class='ocrx_word' id='word_1_202' title='bbox 1109 1451 1162 1477; x_wconf 80' lang='lat' dir='ltr'>ex</span> <span class='ocrx_word' id='word_1_203' title='bbox 1182 1436 1310 1477; x_wconf 84' lang='lat' dir='ltr'>animo</span> <span class='ocrx_word' id='word_1_204' title='bbox 1334 1443 1578 1491; x_wconf 76' lang='lat' dir='ltr'>peecatorum</span> <span class='ocrx_word' id='word_1_205' title='bbox 1602 1449 1693 1490; x_wconf 90' lang='lat' dir='ltr'>poe·</span> 
     </span>
     <span class='ocr_line' id='line_1_21' title="bbox 150 1503 1692 1559; baseline -0.001 -14"><span class='ocrx_word' id='word_1_206' title='bbox 150 1505 286 1545; x_wconf 89' lang='lat' dir='ltr'>niteat.</span> <span class='ocrx_word' id='word_1_207' title='bbox 351 1503 508 1544; x_wconf 84' lang='lat' dir='ltr'>Etenim</span> <span class='ocrx_word' id='word_1_208' title='bbox 540 1504 578 1543; x_wconf 91' lang='lat' dir='ltr'>iu</span> <span class='ocrx_word' id='word_1_209' title='bbox 606 1518 720 1544; x_wconf 89' lang='lat' dir='ltr'>manu</span> <span class='ocrx_word' id='word_1_210' title='bbox 748 1504 812 1544; x_wconf 88' lang='lat' dir='ltr'>ille</span> <span class='ocrx_word' id='word_1_211' title='bbox 837 1505 954 1544; x_wconf 82' lang='lat' dir='ltr'>vitam</span> <span class='ocrx_word' id='word_1_212' title='bbox 984 1511 1022 1543; x_wconf 79' lang='lat' dir='ltr'>et</span> <span class='ocrx_word' id='word_1_213' title='bbox 1046 1505 1084 1544; x_wconf 86' lang='lat' dir='ltr'>iu</span> <span class='ocrx_word' id='word_1_214' title='bbox 1110 1505 1271 1545; x_wconf 82' lang='lat' dir='ltr'>salntem</span> <span class='ocrx_word' id='word_1_215' title='bbox 1301 1518 1533 1559; x_wconf 83' lang='lat' dir='ltr'>propensam</span> <span class='ocrx_word' id='word_1_216' title='bbox 1561 1504 1692 1544; x_wconf 85' lang='lat' dir='ltr'>liuma-</span> 
     </span>
     <span class='ocr_line' id='line_1_22' title="bbox 150 1570 1692 1628; baseline -0.001 -15"><span class='ocrx_word' id='word_1_217' title='bbox 150 1574 309 1613; x_wconf 82' lang='lat' dir='ltr'>nitatem</span> <span class='ocrx_word' id='word_1_218' title='bbox 336 1579 458 1612; x_wconf 80' lang='lat' dir='ltr'>tenet.</span> <span class='ocrx_word' id='word_1_219' title='bbox 522 1570 714 1625; x_wconf 84' lang='lat' dir='ltr'>Quidnam</span> <span class='ocrx_word' id='word_1_220' title='bbox 741 1587 835 1613; x_wconf 67' lang='lat' dir='ltr'>vero</span> <span class='ocrx_word' id='word_1_221' title='bbox 862 1574 1000 1623; x_wconf 86' lang='lat' dir='ltr'>faciat,</span> <span class='ocrx_word' id='word_1_222' title='bbox 1034 1573 1106 1613; x_wconf 92' lang='lat' dir='ltr'>soli</span> <span class='ocrx_word' id='word_1_223' title='bbox 1135 1580 1195 1613; x_wconf 88' lang='lat' dir='ltr'>est</span> <span class='ocrx_word' id='word_1_224' title='bbox 1219 1573 1288 1628; x_wconf 87' lang='lat' dir='ltr'>ipsi</span> <span class='ocrx_word' id='word_1_225' title='bbox 1318 1579 1578 1628; x_wconf 83' lang='lat' dir='ltr'>perspectum.</span> <span class='ocrx_word' id='word_1_226' title='bbox 1642 1570 1692 1612; x_wconf 93' lang='lat' dir='ltr'>Il-</span> 
     </span>
     <span class='ocr_line' id='line_1_23' title="bbox 149 1641 1692 1696; baseline -0.001 -14"><span class='ocrx_word' id='word_1_227' title='bbox 149 1642 211 1682; x_wconf 88' lang='lat' dir='ltr'>lud</span> <span class='ocrx_word' id='word_1_228' title='bbox 239 1641 391 1695; x_wconf 89' lang='lat' dir='ltr'>quidem</span> <span class='ocrx_word' id='word_1_229' title='bbox 420 1647 596 1691; x_wconf 80' lang='lat' dir='ltr'>constat,</span> <span class='ocrx_word' id='word_1_230' title='bbox 629 1641 773 1681; x_wconf 82' lang='lat' dir='ltr'>nemini</span> <span class='ocrx_word' id='word_1_231' title='bbox 808 1641 930 1681; x_wconf 82' lang='lat' dir='ltr'>l&#39;raudi</span> <span class='ocrx_word' id='word_1_232' title='bbox 966 1655 1054 1682; x_wconf 88' lang='lat' dir='ltr'>esse</span> <span class='ocrx_word' id='word_1_233' title='bbox 1087 1642 1387 1696; x_wconf 85' lang='lat' dir='ltr'>poenitentiam,</span> <span class='ocrx_word' id='word_1_234' title='bbox 1423 1655 1549 1695; x_wconf 89' lang='lat' dir='ltr'>neque</span> <span class='ocrx_word' id='word_1_235' title='bbox 1580 1655 1692 1695; x_wconf 86' lang='lat' dir='ltr'>quem</span> 
     </span>
     <span class='ocr_line' id='line_1_24' title="bbox 149 1709 1691 1765; baseline -0.001 -15"><span class='ocrx_word' id='word_1_236' title='bbox 149 1717 397 1765; x_wconf 85' lang='lat' dir='ltr'>peccatorum</span> <span class='ocrx_word' id='word_1_237' title='bbox 425 1710 594 1750; x_wconf 89' lang='lat' dir='ltr'>omnium</span> <span class='ocrx_word' id='word_1_238' title='bbox 618 1709 791 1764; x_wconf 86' lang='lat' dir='ltr'>poenitet</span> <span class='ocrx_word' id='word_1_239' title='bbox 818 1709 927 1750; x_wconf 86' lang='lat' dir='ltr'>reiiei</span> <span class='ocrx_word' id='word_1_240' title='bbox 951 1717 1015 1750; x_wconf 80' lang='lat' dir='ltr'>aut</span> <span class='ocrx_word' id='word_1_241' title='bbox 1038 1711 1208 1751; x_wconf 73' lang='lat' dir='ltr'>excludi.</span> <span class='ocrx_word' id='word_1_242' title='bbox 1272 1709 1428 1764; x_wconf 83' lang='lat' dir='ltr'>Quanto</span> <span class='ocrx_word' id='word_1_243' title='bbox 1454 1724 1547 1763; x_wconf 83' lang='lat' dir='ltr'>ergo</span> <span class='ocrx_word' id='word_1_244' title='bbox 1571 1709 1691 1764; x_wconf 80' lang='lat' dir='ltr'>magis</span> 
     </span>
     <span class='ocr_line' id='line_1_25' title="bbox 148 1777 1690 1832; baseline -0.001 -13"><span class='ocrx_word' id='word_1_245' title='bbox 148 1780 248 1819; x_wconf 88' lang='lat' dir='ltr'>idem</span> <span class='ocrx_word' id='word_1_246' title='bbox 277 1779 311 1818; x_wconf 83' lang='lat' dir='ltr'>ei</span> <span class='ocrx_word' id='word_1_247' title='bbox 338 1778 582 1818; x_wconf 85' lang='lat' dir='ltr'>tribuendum</span> <span class='ocrx_word' id='word_1_248' title='bbox 612 1785 672 1817; x_wconf 86' lang='lat' dir='ltr'>est</span> <span class='ocrx_word' id='word_1_249' title='bbox 704 1779 765 1832; x_wconf 87' lang='lat' dir='ltr'>qui</span> <span class='ocrx_word' id='word_1_250' title='bbox 790 1793 874 1818; x_wconf 84' lang='lat' dir='ltr'>eum</span> <span class='ocrx_word' id='word_1_251' title='bbox 906 1778 1028 1819; x_wconf 82' lang='lat' dir='ltr'>altera</span> <span class='ocrx_word' id='word_1_252' title='bbox 1053 1792 1179 1819; x_wconf 81' lang='lat' dir='ltr'>uxore</span> <span class='ocrx_word' id='word_1_253' title='bbox 1215 1777 1396 1832; x_wconf 80' lang='lat' dir='ltr'>legitimis</span> <span class='ocrx_word' id='word_1_254' title='bbox 1428 1791 1516 1818; x_wconf 88' lang='lat' dir='ltr'>sese</span> <span class='ocrx_word' id='word_1_255' title='bbox 1549 1777 1690 1832; x_wconf 84' lang='lat' dir='ltr'>nuptiis</span> 
     </span>
     <span class='ocr_line' id='line_1_26' title="bbox 147 1845 1690 1901; baseline -0.002 -14"><span class='ocrx_word' id='word_1_256' title='bbox 147 1846 330 1901; x_wconf 82' lang='lat' dir='ltr'>illigarit?</span> <span class='ocrx_word' id='word_1_257' title='bbox 388 1845 493 1886; x_wconf 86' lang='lat' dir='ltr'>Nam</span> <span class='ocrx_word' id='word_1_258' title='bbox 522 1853 561 1886; x_wconf 90' lang='lat' dir='ltr'>ut</span> <span class='ocrx_word' id='word_1_259' title='bbox 588 1846 708 1900; x_wconf 84' lang='lat' dir='ltr'>prima</span> <span class='ocrx_word' id='word_1_260' title='bbox 733 1861 835 1887; x_wconf 79' lang='lat' dir='ltr'>uxor</span> <span class='ocrx_word' id='word_1_261' title='bbox 858 1861 880 1887; x_wconf 86' lang='lat' dir='ltr'>a</span> <span class='ocrx_word' id='word_1_262' title='bbox 904 1847 977 1886; x_wconf 88' lang='lat' dir='ltr'>deo</span> <span class='ocrx_word' id='word_1_263' title='bbox 1007 1847 1217 1888; x_wconf 78' lang='lat' dir='ltr'>constituta</span> <span class='ocrx_word' id='word_1_264' title='bbox 1243 1855 1328 1897; x_wconf 87' lang='lat' dir='ltr'>est,</span> <span class='ocrx_word' id='word_1_265' title='bbox 1362 1847 1415 1887; x_wconf 85' lang='lat' dir='ltr'>ita</span> <span class='ocrx_word' id='word_1_266' title='bbox 1439 1845 1690 1887; x_wconf 84' lang='lat' dir='ltr'>imbecillitati</span> 
     </span>
     <span class='ocr_line' id='line_1_27' title="bbox 151 1913 1688 1971; baseline -0.001 -16"><span class='ocrx_word' id='word_1_267' title='bbox 151 1916 346 1956; x_wconf 83' lang='lat' dir='ltr'>hominum</span> <span class='ocrx_word' id='word_1_268' title='bbox 372 1914 566 1969; x_wconf 84' lang='lat' dir='ltr'>posterior</span> <span class='ocrx_word' id='word_1_269' title='bbox 588 1915 750 1955; x_wconf 82' lang='lat' dir='ltr'>indulta.</span> <span class='ocrx_word' id='word_1_270' title='bbox 814 1913 927 1969; x_wconf 85' lang='lat' dir='ltr'>Quod</span> <span class='ocrx_word' id='word_1_271' title='bbox 953 1916 984 1955; x_wconf 86' lang='lat' dir='ltr'>si</span> <span class='ocrx_word' id='word_1_272' title='bbox 1009 1916 1168 1957; x_wconf 81' lang='lat' dir='ltr'>alteram</span> <span class='ocrx_word' id='word_1_273' title='bbox 1196 1923 1398 1971; x_wconf 87' lang='lat' dir='ltr'>praeterea</span> <span class='ocrx_word' id='word_1_274' title='bbox 1424 1915 1496 1955; x_wconf 92' lang='lat' dir='ltr'>sibi</span> <span class='ocrx_word' id='word_1_275' title='bbox 1520 1913 1688 1969; x_wconf 88' lang='lat' dir='ltr'>copulet,</span> 
     </span>
     <span class='ocr_line' id='line_1_28' title="bbox 150 1982 1895 2039; baseline -0.001 -14"><span class='ocrx_word' id='word_1_276' title='bbox 150 1985 261 2025; x_wconf 84' lang='lat' dir='ltr'>huius</span> <span class='ocrx_word' id='word_1_277' title='bbox 289 1984 359 2024; x_wconf 83' lang='lat' dir='ltr'>hac</span> <span class='ocrx_word' id='word_1_278' title='bbox 382 1985 419 2023; x_wconf 92' lang='lat' dir='ltr'>in</span> <span class='ocrx_word' id='word_1_279' title='bbox 444 1989 551 2037; x_wconf 86' lang='lat' dir='ltr'>parte</span> <span class='ocrx_word' id='word_1_280' title='bbox 580 1983 770 2023; x_wconf 84' lang='lat' dir='ltr'>toleratur</span> <span class='ocrx_word' id='word_1_281' title='bbox 796 1983 1014 2024; x_wconf 80' lang='lat' dir='ltr'>infirmitas.</span> <span class='ocrx_word' id='word_1_282' title='bbox 1078 1982 1275 2039; x_wconf 81' lang='lat' dir='ltr'>Scriptum</span> <span class='ocrx_word' id='word_1_283' title='bbox 1305 1991 1365 2024; x_wconf 88' lang='lat' dir='ltr'>est</span> <span class='ocrx_word' id='word_1_284' title='bbox 1390 1984 1515 2033; x_wconf 88' lang='lat' dir='ltr'>enim,</span> <span class='ocrx_word' id='word_1_285' title='bbox 1549 1985 1691 2022; x_wconf 71' lang='lat' dir='ltr'>Mulier</span> <span class='ocrx_word' id='word_1_286' title='bbox 1710 1996 1895 2030; x_wconf 49' lang='lat' dir='ltr'>mommo.</span> 
     </span>
     <span class='ocr_line' id='line_1_29' title="bbox 149 2055 1690 2105; baseline -0.003 -12"><span class='ocrx_word' id='word_1_287' title='bbox 149 2056 308 2105; x_wconf 64' lang='lat' dir='ltr'>allegata</span> <span class='ocrx_word' id='word_1_288' title='bbox 338 2061 394 2091; x_wconf 78' lang='lat' dir='ltr'>es!</span> <span class='ocrx_word' id='word_1_289' title='bbox 416 2055 577 2104; x_wconf 75' lang='lat' dir='ltr'>nuptiis,</span> <span class='ocrx_word' id='word_1_290' title='bbox 612 2060 749 2104; x_wconf 71' lang='lat' dir='ltr'>qualzlo</span> <span class='ocrx_word' id='word_1_291' title='bbox 775 2061 935 2105; x_wconf 78' lang='lat' dir='ltr'>tempore</span> <span class='ocrx_word' id='word_1_292' title='bbox 958 2056 1046 2092; x_wconf 79' lang='lat' dir='ltr'>ve&#39;ve&#39;t</span> <span class='ocrx_word' id='word_1_293' title='bbox 1069 2057 1125 2092; x_wconf 75' lang='lat' dir='ltr'><em>vz&#39;t‘</em></span> <span class='ocrx_word' id='word_1_294' title='bbox 1151 2056 1254 2092; x_wconf 72' lang='lat' dir='ltr'>eius:</span> <span class='ocrx_word' id='word_1_295' title='bbox 1287 2056 1345 2092; x_wconf 73' lang='lat' dir='ltr'>sin</span> <span class='ocrx_word' id='word_1_296' title='bbox 1373 2060 1494 2092; x_wconf 76' lang='lat' dir='ltr'>aulem</span> <span class='ocrx_word' id='word_1_297' title='bbox 1523 2059 1690 2090; x_wconf 72' lang='lat' dir='ltr'>mortuus</span> 
     </span>
     <span class='ocr_line' id='line_1_30' title="bbox 144 2120 1692 2176; baseline -0.002 -15"><span class='ocrx_word' id='word_1_298' title='bbox 144 2124 263 2174; x_wconf 73' lang='lat' dir='ltr'>suerit</span> <span class='ocrx_word' id='word_1_299' title='bbox 295 2124 365 2168; x_wconf 76' lang='lat' dir='ltr'>vir,</span> <span class='ocrx_word' id='word_1_300' title='bbox 410 2121 528 2159; x_wconf 76' lang='lat' dir='ltr'>libera</span> <span class='ocrx_word' id='word_1_301' title='bbox 557 2128 632 2168; x_wconf 82' lang='lat' dir='ltr'>est,</span> <span class='ocrx_word' id='word_1_302' title='bbox 673 2124 738 2159; x_wconf 75' lang='grc' dir='ltr'>σαί</span> <span class='ocrx_word' id='word_1_303' title='bbox 766 2123 846 2159; x_wconf 73' lang='lat' dir='ltr'>vult</span> <span class='ocrx_word' id='word_1_304' title='bbox 876 2123 1027 2160; x_wconf 74' lang='lat' dir='ltr'>nabere.</span> <span class='ocrx_word' id='word_1_305' title='bbox 1094 2120 1182 2176; x_wconf 81' lang='lat' dir='ltr'>Quo</span> <span class='ocrx_word' id='word_1_306' title='bbox 1218 2122 1370 2176; x_wconf 88' lang='lat' dir='ltr'>quidem</span> <span class='ocrx_word' id='word_1_307' title='bbox 1404 2121 1575 2161; x_wconf 79' lang='lat' dir='ltr'>declarat</span> <span class='ocrx_word' id='word_1_308' title='bbox 1606 2126 1692 2174; x_wconf 85' lang='lat' dir='ltr'>post</span> 
     </span>
     <span class='ocr_line' id='line_1_31' title="bbox 148 2187 1692 2244; baseline -0.002 -14"><span class='ocrx_word' id='word_1_309' title='bbox 148 2191 221 2230; x_wconf 78' lang='lat' dir='ltr'>viri</span> <span class='ocrx_word' id='word_1_310' title='bbox 248 2189 392 2229; x_wconf 91' lang='lat' dir='ltr'>obitum</span> <span class='ocrx_word' id='word_1_311' title='bbox 429 2188 475 2228; x_wconf 86' lang='lat' dir='ltr'>ab</span> <span class='ocrx_word' id='word_1_312' title='bbox 504 2189 606 2228; x_wconf 89' lang='lat' dir='ltr'>omni</span> <span class='ocrx_word' id='word_1_313' title='bbox 639 2188 741 2229; x_wconf 84' lang='lat' dir='ltr'>illam</span> <span class='ocrx_word' id='word_1_314' title='bbox 779 2197 937 2244; x_wconf 82' lang='lat' dir='ltr'>peccato</span> <span class='ocrx_word' id='word_1_315' title='bbox 971 2190 1130 2230; x_wconf 86' lang='lat' dir='ltr'>liberam</span> <span class='ocrx_word' id='word_1_316' title='bbox 1166 2204 1278 2239; x_wconf 83' lang='lat' dir='ltr'>esse,</span> <span class='ocrx_word' id='word_1_317' title='bbox 1312 2191 1408 2230; x_wconf 84' lang='lat' dir='ltr'>adeo</span> <span class='ocrx_word' id='word_1_318' title='bbox 1434 2196 1473 2229; x_wconf 89' lang='lat' dir='ltr'>ut</span> <span class='ocrx_word' id='word_1_319' title='bbox 1499 2187 1692 2228; x_wconf 83' lang='lat' dir='ltr'>contradi-</span> 
     </span>
     <span class='ocr_line' id='line_1_32' title="bbox 148 2255 1691 2313; baseline -0.003 -14"><span class='ocrx_word' id='word_1_320' title='bbox 148 2272 240 2300; x_wconf 76' lang='lat' dir='ltr'>cere</span> <span class='ocrx_word' id='word_1_321' title='bbox 272 2272 386 2298; x_wconf 88' lang='lat' dir='ltr'>nemo</span> <span class='ocrx_word' id='word_1_322' title='bbox 413 2257 551 2311; x_wconf 87' lang='lat' dir='ltr'>possit.</span> <span class='ocrx_word' id='word_1_323' title='bbox 616 2255 730 2310; x_wconf 81' lang='lat' dir='ltr'>Quod</span> <span class='ocrx_word' id='word_1_324' title='bbox 765 2257 835 2298; x_wconf 78' lang='lat' dir='ltr'>hoc</span> <span class='ocrx_word' id='word_1_325' title='bbox 862 2258 990 2299; x_wconf 84' lang='lat' dir='ltr'>addito</span> <span class='ocrx_word' id='word_1_326' title='bbox 1019 2258 1278 2313; x_wconf 77' lang='lat' dir='ltr'>significavit,</span> <span class='ocrx_word' id='word_1_327' title='bbox 1311 2262 1354 2298; x_wconf 83' lang='lat' dir='ltr'>In</span> <span class='ocrx_word' id='word_1_328' title='bbox 1379 2261 1545 2304; x_wconf 77' lang='lat' dir='ltr'>domino,</span> <span class='ocrx_word' id='word_1_329' title='bbox 1582 2255 1691 2310; x_wconf 81' lang='lat' dir='ltr'>quasi</span> 
     </span>
     <span class='ocr_line' id='line_1_33' title="bbox 149 2325 1690 2382; baseline -0.003 -15"><span class='ocrx_word' id='word_1_330' title='bbox 149 2327 304 2367; x_wconf 89' lang='lat' dir='ltr'>minime</span> <span class='ocrx_word' id='word_1_331' title='bbox 328 2341 350 2367; x_wconf 88' lang='lat' dir='ltr'>a</span> <span class='ocrx_word' id='word_1_332' title='bbox 374 2326 529 2366; x_wconf 91' lang='lat' dir='ltr'>domino</span> <span class='ocrx_word' id='word_1_333' title='bbox 554 2325 603 2365; x_wconf 88' lang='lat' dir='ltr'>sit</span> <span class='ocrx_word' id='word_1_334' title='bbox 627 2326 751 2366; x_wconf 82' lang='lat' dir='ltr'>atiena</span> <span class='ocrx_word' id='word_1_335' title='bbox 779 2340 877 2380; x_wconf 87' lang='lat' dir='ltr'>quae</span> <span class='ocrx_word' id='word_1_336' title='bbox 904 2334 990 2382; x_wconf 86' lang='lat' dir='ltr'>post</span> <span class='ocrx_word' id='word_1_337' title='bbox 1014 2328 1086 2368; x_wconf 92' lang='lat' dir='ltr'>viri</span> <span class='ocrx_word' id='word_1_338' title='bbox 1117 2327 1261 2368; x_wconf 91' lang='lat' dir='ltr'>obitum</span> <span class='ocrx_word' id='word_1_339' title='bbox 1284 2326 1394 2367; x_wconf 83' lang='lat' dir='ltr'>alteri</span> <span class='ocrx_word' id='word_1_340' title='bbox 1420 2340 1462 2366; x_wconf 85' lang='lat' dir='ltr'>se</span> <span class='ocrx_word' id='word_1_341' title='bbox 1486 2325 1570 2365; x_wconf 84' lang='lat' dir='ltr'>viro</span> <span class='ocrx_word' id='word_1_342' title='bbox 1599 2339 1690 2364; x_wconf 87' lang='lat' dir='ltr'>con-</span> 
     </span>
     <span class='ocr_line' id='line_1_34' title="bbox 146 2394 1689 2450; baseline -0.002 -14"><span class='ocrx_word' id='word_1_343' title='bbox 146 2395 342 2445; x_wconf 83' lang='lat' dir='ltr'>iunxerit,</span> <span class='ocrx_word' id='word_1_344' title='bbox 377 2402 417 2435; x_wconf 93' lang='lat' dir='ltr'>ut</span> <span class='ocrx_word' id='word_1_345' title='bbox 437 2409 508 2435; x_wconf 80' lang='lat' dir='ltr'>nec</span> <span class='ocrx_word' id='word_1_346' title='bbox 535 2394 639 2434; x_wconf 89' lang='lat' dir='ltr'>illum</span> <span class='ocrx_word' id='word_1_347' title='bbox 664 2394 834 2436; x_wconf 79' lang='lat' dir='ltr'>vicissim</span> <span class='ocrx_word' id='word_1_348' title='bbox 863 2396 924 2450; x_wconf 81' lang='lat' dir='ltr'>qui</span> <span class='ocrx_word' id='word_1_349' title='bbox 952 2411 1075 2437; x_wconf 78' lang='lat' dir='ltr'>uxore</span> <span class='ocrx_word' id='word_1_350' title='bbox 1103 2403 1254 2436; x_wconf 79' lang='lat' dir='ltr'>mortua</span> <span class='ocrx_word' id='word_1_351' title='bbox 1283 2409 1372 2435; x_wconf 89' lang='lat' dir='ltr'>sese</span> <span class='ocrx_word' id='word_1_352' title='bbox 1403 2394 1447 2433; x_wconf 84' lang='lat' dir='ltr'>ad</span> <span class='ocrx_word' id='word_1_353' title='bbox 1480 2394 1689 2435; x_wconf 85' lang='lat' dir='ltr'>secundam</span> 
     </span>
     <span class='ocr_line' id='line_1_35' title="bbox 149 2464 1895 2519; baseline -0.001 -14"><span class='ocrx_word' id='word_1_354' title='bbox 149 2464 365 2519; x_wconf 82' lang='lat' dir='ltr'>applicarit.</span> <span class='ocrx_word' id='word_1_355' title='bbox 432 2467 588 2504; x_wconf 73' lang='lat' dir='ltr'>Tantum</span> <span class='ocrx_word' id='word_1_356' title='bbox 610 2467 646 2502; x_wconf 83' lang='grc' dir='ltr'><em>ιή</em></span> <span class='ocrx_word' id='word_1_357' title='bbox 667 2466 827 2511; x_wconf 67' lang='lat' dir='ltr'>dommo,</span> <span class='ocrx_word' id='word_1_358' title='bbox 863 2464 917 2504; x_wconf 85' lang='lat' dir='ltr'>ait</span> <span class='ocrx_word' id='word_1_359' title='bbox 939 2465 1154 2519; x_wconf 85' lang='lat' dir='ltr'>apostolus.</span> <span class='ocrx_word' id='word_1_360' title='bbox 1219 2464 1338 2504; x_wconf 87' lang='lat' dir='ltr'>Addit</span> <span class='ocrx_word' id='word_1_361' title='bbox 1362 2470 1505 2513; x_wconf 86' lang='lat' dir='ltr'>tamen,</span> <span class='ocrx_word' id='word_1_362' title='bbox 1538 2466 1690 2503; x_wconf 78' lang='lat' dir='ltr'>Beate‘or</span> <span class='ocrx_word' id='word_1_363' title='bbox 1709 2475 1895 2511; x_wconf 50' lang='lat' dir='ltr'>Leonnato.</span> 
     </span>
     <span class='ocr_line' id='line_1_36' title="bbox 145 2531 1690 2583; baseline -0.002 -10"><span class='ocrx_word' id='word_1_364' title='bbox 145 2542 266 2573; x_wconf 81' lang='lat' dir='ltr'>autem</span> <span class='ocrx_word' id='word_1_365' title='bbox 295 2540 372 2579; x_wconf 80' lang='lat' dir='ltr'>est,</span> <span class='ocrx_word' id='word_1_366' title='bbox 414 2536 451 2572; x_wconf 77' lang='lat' dir='ltr'>si</span> <span class='ocrx_word' id='word_1_367' title='bbox 474 2535 529 2571; x_wconf 68' lang='grc' dir='ltr'>εἰσ</span> <span class='ocrx_word' id='word_1_368' title='bbox 557 2535 747 2572; x_wconf 70' lang='lat' dir='ltr'>manserit.</span> <span class='ocrx_word' id='word_1_369' title='bbox 812 2531 906 2573; x_wconf 89' lang='lat' dir='ltr'>lllud</span> <span class='ocrx_word' id='word_1_370' title='bbox 940 2540 1091 2583; x_wconf 84' lang='lat' dir='ltr'>autem,</span> <span class='ocrx_word' id='word_1_371' title='bbox 1131 2537 1176 2573; x_wconf 76' lang='lat' dir='ltr'>Ile</span> <span class='ocrx_word' id='word_1_372' title='bbox 1209 2536 1376 2579; x_wconf 71' lang='lat' dir='ltr'>domino,</span> <span class='ocrx_word' id='word_1_373' title='bbox 1422 2531 1522 2572; x_wconf 85' lang='lat' dir='ltr'>idem</span> <span class='ocrx_word' id='word_1_374' title='bbox 1555 2539 1615 2572; x_wconf 88' lang='lat' dir='ltr'>est</span> <span class='ocrx_word' id='word_1_375' title='bbox 1645 2547 1690 2571; x_wconf 76' lang='lat' dir='ltr'>ac,</span> 
     </span>
     <span class='ocr_line' id='line_1_37' title="bbox 147 2600 1688 2656; baseline -0.002 -14"><span class='ocrx_word' id='word_1_376' title='bbox 147 2616 224 2642; x_wconf 93' lang='lat' dir='ltr'>non</span> <span class='ocrx_word' id='word_1_377' title='bbox 258 2601 295 2641; x_wconf 92' lang='lat' dir='ltr'>in</span> <span class='ocrx_word' id='word_1_378' title='bbox 330 2608 465 2656; x_wconf 88' lang='lat' dir='ltr'>stupro</span> <span class='ocrx_word' id='word_1_379' title='bbox 501 2607 566 2641; x_wconf 85' lang='lat' dir='ltr'>aut</span> <span class='ocrx_word' id='word_1_380' title='bbox 599 2601 790 2641; x_wconf 88' lang='lat' dir='ltr'>adulterio</span> <span class='ocrx_word' id='word_1_381' title='bbox 825 2602 1114 2656; x_wconf 82' lang='lat' dir='ltr'>violationeque</span> <span class='ocrx_word' id='word_1_382' title='bbox 1150 2600 1507 2651; x_wconf 85' lang='lat' dir='ltr'>matrimoniorum,</span> <span class='ocrx_word' id='word_1_383' title='bbox 1551 2601 1618 2641; x_wconf 89' lang='lat' dir='ltr'>sed</span> <span class='ocrx_word' id='word_1_384' title='bbox 1651 2601 1688 2640; x_wconf 90' lang='lat' dir='ltr'>in</span> 
     </span>
     <span class='ocr_line' id='line_1_38' title="bbox 147 2668 1689 2725; baseline -0.001 -15"><span class='ocrx_word' id='word_1_385' title='bbox 147 2669 284 2711; x_wconf 80' lang='lat' dir='ltr'>fiducia</span> <span class='ocrx_word' id='word_1_386' title='bbox 310 2677 347 2710; x_wconf 87' lang='lat' dir='ltr'>et</span> <span class='ocrx_word' id='word_1_387' title='bbox 373 2669 549 2710; x_wconf 86' lang='lat' dir='ltr'>honestis</span> <span class='ocrx_word' id='word_1_388' title='bbox 574 2669 714 2723; x_wconf 88' lang='lat' dir='ltr'>nuptiis</span> <span class='ocrx_word' id='word_1_389' title='bbox 739 2671 972 2724; x_wconf 88' lang='lat' dir='ltr'>persistere,</span> <span class='ocrx_word' id='word_1_390' title='bbox 1007 2670 1044 2711; x_wconf 91' lang='lat' dir='ltr'>in</span> <span class='ocrx_word' id='word_1_391' title='bbox 1069 2670 1156 2720; x_wconf 82' lang='lat' dir='ltr'>lide,</span> <span class='ocrx_word' id='word_1_392' title='bbox 1188 2669 1425 2724; x_wconf 77' lang='lat' dir='ltr'>praecepti5‚</span> <span class='ocrx_word' id='word_1_393' title='bbox 1459 2668 1570 2710; x_wconf 90' lang='lat' dir='ltr'>bonis</span> <span class='ocrx_word' id='word_1_394' title='bbox 1598 2683 1689 2725; x_wconf 85' lang='lat' dir='ltr'>ope-</span> 
     </span>
     <span class='ocr_line' id='line_1_39' title="bbox 146 2737 1690 2793; baseline -0.001 -15"><span class='ocrx_word' id='word_1_395' title='bbox 146 2738 279 2788; x_wconf 84' lang='lat' dir='ltr'>ribus,</span> <span class='ocrx_word' id='word_1_396' title='bbox 314 2738 527 2792; x_wconf 83' lang='lat' dir='ltr'>religione,</span> <span class='ocrx_word' id='word_1_397' title='bbox 562 2738 741 2788; x_wconf 88' lang='lat' dir='ltr'>ieiuniis,</span> <span class='ocrx_word' id='word_1_398' title='bbox 786 2739 911 2793; x_wconf 85' lang='lat' dir='ltr'>legum</span> <span class='ocrx_word' id='word_1_399' title='bbox 947 2738 1218 2787; x_wconf 83' lang='lat' dir='ltr'>observantia,</span> <span class='ocrx_word' id='word_1_400' title='bbox 1261 2737 1545 2793; x_wconf 83' lang='lat' dir='ltr'>eleemosynis,</span> <span class='ocrx_word' id='word_1_401' title='bbox 1580 2738 1690 2778; x_wconf 89' lang='lat' dir='ltr'>boni-</span> 
     </span>
     <span class='ocr_line' id='line_1_40' title="bbox 148 2805 1686 2861; baseline -0.001 -14"><span class='ocrx_word' id='word_1_402' title='bbox 148 2814 250 2858; x_wconf 87' lang='lat' dir='ltr'>tate,</span> <span class='ocrx_word' id='word_1_403' title='bbox 284 2807 558 2847; x_wconf 78' lang='lat' dir='ltr'>beneficentia.</span> <span class='ocrx_word' id='word_1_404' title='bbox 622 2805 732 2847; x_wconf 80' lang='lat' dir='ltr'>Haec</span> <span class='ocrx_word' id='word_1_405' title='bbox 760 2807 860 2848; x_wconf 88' lang='lat' dir='ltr'>enim</span> <span class='ocrx_word' id='word_1_406' title='bbox 890 2822 974 2848; x_wconf 86' lang='lat' dir='ltr'>cum</span> <span class='ocrx_word' id='word_1_407' title='bbox 1010 2808 1046 2847; x_wconf 88' lang='lat' dir='ltr'>in</span> <span class='ocrx_word' id='word_1_408' title='bbox 1079 2806 1189 2846; x_wconf 90' lang='lat' dir='ltr'>nobis</span> <span class='ocrx_word' id='word_1_409' title='bbox 1218 2807 1349 2846; x_wconf 90' lang='lat' dir='ltr'>insunt</span> <span class='ocrx_word' id='word_1_410' title='bbox 1373 2820 1417 2846; x_wconf 83' lang='lat' dir='ltr'>ac</span> <span class='ocrx_word' id='word_1_411' title='bbox 1443 2813 1686 2861; x_wconf 83' lang='lat' dir='ltr'>permanent,</span> 
     </span>
     <span class='ocr_line' id='line_1_41' title="bbox 148 2875 1540 2917; baseline 0 -2"><span class='ocrx_word' id='word_1_412' title='bbox 148 2890 223 2915; x_wconf 90' lang='lat' dir='ltr'>non</span> <span class='ocrx_word' id='word_1_413' title='bbox 257 2876 404 2916; x_wconf 88' lang='lat' dir='ltr'>otiosos</span> <span class='ocrx_word' id='word_1_414' title='bbox 437 2883 475 2915; x_wconf 86' lang='lat' dir='ltr'>et</span> <span class='ocrx_word' id='word_1_415' title='bbox 505 2876 768 2917; x_wconf 75' lang='lat' dir='ltr'>infructuosos</span> <span class='ocrx_word' id='word_1_416' title='bbox 801 2877 1040 2917; x_wconf 84' lang='lat' dir='ltr'>constituunt</span> <span class='ocrx_word' id='word_1_417' title='bbox 1071 2875 1107 2914; x_wconf 94' lang='lat' dir='ltr'>in</span> <span class='ocrx_word' id='word_1_418' title='bbox 1141 2875 1348 2914; x_wconf 80' lang='lat' dir='ltr'>adventum</span> <span class='ocrx_word' id='word_1_419' title='bbox 1381 2875 1540 2915; x_wconf 89' lang='lat' dir='ltr'>domini.</span> 
     </span>
    </p>
   </div>
  </div>
 </body>
</html>
