2030 3324
523 223 706 255 PANARu
733 223 814 254 Liss.
835 223 875 254 n.
899 223 1008 255 ΤοΜ.
1030 223 1071 254 11.
1095 223 1228 254 HAER.
1250 222 1377 254 inx.
1647 214 1728 252 719

177 303 344 343 vandum
368 310 449 352 est,
484 306 528 341 In
558 304 706 349 secula,
744 316 836 352 non,
874 301 914 341 ln
942 302 1132 351 seculum,
1168 302 1352 353 dixisse),
1388 302 1478 341 item
1505 316 1591 341 cum
1617 301 1724 350 illud,

180 374 268 410 Cum
301 373 503 410 tradiderit
532 385 689 421 regumn
722 373 789 408 deo
821 378 856 408 e!
881 374 1008 421 patri,
1047 370 1134 409 huic
1168 370 1404 409 contrarium
1438 371 1509 419 sit,
1545 373 1596 408 Et
1618 373 1732 420 regni

177 443 257 478 eius
287 454 360 477 mm
391 442 465 476 erit
495 440 617 489 finis,
667 452 831 491 euinque
865 438 959 478 haec
993 438 1105 477 ambo
1138 439 1184 476 de
1219 436 1378 477 Christo
1411 438 1567 477 domino
1599 437 1727 477 idonei

178 520 223 546 ac
255 507 327 546 fide
361 506 465 558 digni
506 514 689 546 auctores
731 513 908 545 asserant
955 508 1063 550 (nam
1106 513 1144 544 et
1176 506 1339 557 angelus
1373 505 1534 545 Gabriel
1571 513 1729 545 sanctus

178 581 261 624 est,
297 581 336 613 et
368 574 568 627 apostolus
601 574 732 613 divino
765 573 901 627 spiritu
934 574 1129 624 alllatus),
1165 574 1251 626 quid
1286 573 1408 613 nostri
1440 573 1492 612 illi
1527 573 1654 612 vitalis
1685 588 1729 612 ac

177 642 359 682 salutaris
392 641 494 681 illius
527 642 702 696 mysterii
738 642 849 695 plane
883 641 1048 694 imperiti
1076 641 1276 680 dixerint?
1319 639 1505 681 [tuumne
1537 642 1728 694 scriptura

178 722 311 749 secum
354 709 435 763 ipsa
481 717 648 763 pugnat,
694 722 792 762 quae
826 723 1021 761 nunqnam
1054 722 1073 748 a
1107 709 1272 748 veritate
1306 709 1506 749 deflectit?
1566 707 1730 748 Minime

178 791 290 817 vero.
356 776 459 827 Sed,
507 784 546 816 ut
579 784 692 816 antea
725 776 972 826 dicebamus,
1022 784 1180 830 propter
1212 777 1312 816 illam
1347 776 1537 816 hnmanae
1570 785 1731 816 naturae

177 845 467 895 conditionem,
503 859 602 899 quae
629 845 867 884 accessionis
896 858 1019 898 capax
1041 852 1123 894 est,
1160 851 1426 884 consentanee
1450 845 1579 884 omnia
1612 846 1730 899 aptis-

179 913 356 967 simeque
390 914 617 953 cohaerent.
682 911 838 952 Etenim
872 911 903 951 si
937 926 1099 965 regnum
1141 919 1249 952 certo
1281 912 1409 966 aliquo
1443 919 1617 966 tempore
1652 919 1729 953 tra-

180 981 335 1022 diturus
368 989 451 1031 est,
493 994 739 1033 consequens
771 987 832 1019 est
865 988 904 1019 ut
936 981 1105 1020 nondum
1137 987 1291 1033 regnet.
1356 980 1469 1033 Quod
1503 982 1535 1021 si
1567 982 1620 1021 ita
1653 989 1728 1030 est,

178 1064 248 1089 cur
279 1049 429 1102 angelis
462 1056 500 1088 et
532 1047 778 1100 archangelis
813 1055 886 1087 tam
921 1055 1010 1087 ante
1044 1062 1156 1101 quam
1190 1056 1275 1100 post
1300 1048 1611 1089 incarnationem
1639 1051 1730 1090 ado-

177 1126 284 1158 ratus
317 1130 407 1157 esse
440 1123 626 1170 perpetuo
660 1115 827 1154 dicitur?
869 1113 928 1154 De
961 1129 1008 1154 eo
1033 1116 1172 1169 quippe
1206 1116 1398 1170 scriptura
1423 1125 1603 1168 testatur,
1639 1122 1728 1158 Cum

176 1188 371 1225 induceret
389 1186 680 1235 primogenitum
712 1185 749 1221 in
782 1184 905 1221 orbem
939 1190 1128 1221 terrarum
1159 1186 1297 1222 (lustum
1334 1199 1433 1231 esse,
1471 1193 1524 1234 et,
1558 1189 1733 1225 Adorent

176 1268 257 1292 eum
289 1267 413 1291 omnes
443 1253 673 1303 angelidee',
713 1251 819 1300 item,
855 1253 968 1289 Sedet
997 1254 1047 1289 ad
1069 1254 1260 1290 demerem
1289 1256 1434 1303 patris,
1472 1253 1627 1304 deinde,
1663 1258 1731 1293 Co-

177 1336 260 1361 ram
294 1323 360 1360 illo
381 1323 566 1374 flectetur
597 1334 701 1358 omne
729 1334 830 1370 genu
863 1322 1075 1358 coelestium
1091 1351 1100 1366 ,
1149 1324 1383 1359 terrestrium
1416 1329 1452 1359 et
1481 1324 1728 1374 'e'tzserleorunu

176 1389 358 1430 Necesse
393 1397 452 1428 est
484 1388 603 1441 igitur
634 1395 675 1427 ut
708 1387 770 1440 qui
804 1387 851 1426 ab
884 1387 1062 1427 omuibus
1095 1388 1304 1438 adoretur,
1351 1397 1539 1443 perpetuo
1571 1404 1732 1444 regnum

178 1457 367 1498 obtineat.
433 1455 510 1496 lam
545 1469 641 1495 vero
675 1469 759 1494 cum
795 1462 982 1509 perpetuo
1016 1470 1136 1509 penes
1170 1456 1285 1496 lilium
1313 1457 1387 1497 iam
1413 1457 1503 1497 olim
1531 1459 1661 1508 fuerit,
1696 1466 1734 1499 et

177 1526 291 1566 modo
323 1525 396 1574 sit,
433 1531 471 1563 et
499 1524 683 1577 deinceps
717 1524 825 1576 regia
857 1524 908 1563 sit
941 1525 1070 1564 futura
1103 1532 1276 1578 potestas
1309 1526 1642 1579 (quandoquidem
1669 1541 1731 1567 re-

179 1607 296 1647 gnum
324 1592 420 1647 patri
454 1592 623 1631 nondum
653 1590 852 1642 tradidit),
888 1591 975 1645 quid
1003 1593 1155 1632 tandem
1183 1593 1522 1635 existimabimus?
1554 1593 1732 1635 Patrem-

179 1675 229 1702 ne
261 1661 307 1701 ab
341 1674 463 1713 regno
496 1659 652 1699 interim
686 1659 916 1699 exclusum?
959 1658 1125 1700 Minime
1150 1675 1262 1701 vero.
1328 1661 1484 1716 Regnat
1516 1663 1616 1703 enim
1647 1679 1732 1704 cuni

181 1737 292 1784 patre
326 1728 449 1778 filius,
485 1735 524 1767 et
555 1742 639 1767 cum
675 1727 751 1766 filio
784 1741 830 1767 ac
861 1727 1000 1781 spiritu
1032 1736 1169 1768 sancto
1203 1737 1326 1784 pater.
1391 1730 1470 1771 Sed
1505 1732 1592 1785 quid
1626 1747 1735 1773 asse-

181 1805 274 1838 runt
304 1796 396 1837 isti?
459 1798 548 1835 Cum
582 1798 785 1834 [radiderit
817 1810 974 1847 regnum
1006 1799 1072 1835 deo
1110 1805 1146 1835 ec
1169 1802 1296 1848 patri,
1348 1813 1437 1839 num
1469 1814 1638 1853 regnare
1669 1802 1736 1840 de-

180 1866 313 1906 sinet?
344 1863 603 1919 Nequaquam
637 1871 760 1903 certe.
825 1862 1033 1917 Quomodo
1066 1864 1167 1905 enim
1197 1880 1332 1906 verum
1359 1867 1448 1907 illud
1474 1875 1581 1908 esset
1607 1870 1736 1922 angeli

180 1947 438 1988 responsum,
474 1936 527 1972 Et
546 1935 757 1983 regm'ez'us
780 1946 852 1970 non
885 1936 961 1971 erit
976 1934 1107 1984 finis?
1151 1933 1238 1974 Hoc
1269 1934 1389 1989 igitur
1421 1936 1644 1990 significare
1666 1952 1736 1976 vo-

181 2002 251 2042 luit
281 2001 506 2056 apostolus,
543 2000 636 2040 nihil
668 2000 867 2054 impletum
890 2000 927 2040 in
951 2001 1029 2040 filio
1054 2000 1259 2056 implerive
1282 2004 1382 2057 quod
1406 2017 1425 2043 a
1451 2011 1615 2058 paterna
1643 2020 1735 2046 con-

179 2070 379 2111 iunctione
412 2077 528 2124 atque
561 2083 636 2108 una
669 2070 883 2122 eademque
918 2068 1036 2122 patris
1079 2076 1119 2110 et
1149 2070 1213 2110 filii
1248 2078 1287 2111 et
1318 2072 1477 2126 spiritus
1509 2073 1633 2113 sancti
1665 2089 1734 2114 vo-

181 2138 332 2178 luntate
365 2138 592 2192 discrepans
634 2137 684 2176 sit
726 2143 792 2176 aut
833 2137 1068 2177 seiunctum.
1134 2136 1334 2192 Siquidem
1375 2147 1413 2179 et
1453 2140 1526 2180 hoc
1567 2141 1654 2181 loco
1687 2144 1734 2182 de

182 2206 262 2247 filio
294 2206 378 2261 ipso
401 2205 542 2245 dictum
577 2204 946 2255 animadvertimus,
983 2208 1072 2244 Cum
1106 2210 1307 2246 tradiderit
1335 2223 1492 2259 regnum
1518 2212 1584 2247 deo
1615 2218 1651 2248 et
1664 2225 1734 2261 pa-

183 2277 255 2313 tri:
290 2289 372 2313 cum
397 2277 633 2313 ‹lestrzcoeere‘t
657 2288 797 2312 omnem
824 2276 1079 2325 princepatmn
1091 2305 1101 2322 ‚
1137 2283 1175 2314 et
1196 2284 1433 2327 potestatem,
1468 2284 1505 2315 et
1531 2280 1729 2326 virtutem,-

182 2349 364 2395 tanquam
400 2342 500 2382 filius
530 2341 613 2396 ipse
647 2355 807 2395 regnum
842 2342 990 2391 tradat,
1023 2356 1067 2382 ac
1101 2343 1355 2398 principatum
1382 2359 1536 2384 omnem
1560 2346 1734 2388 destruat

185 2417 264 2450 etc.
326 2409 387 2449 Ad
422 2410 533 2459 haec,
570 2413 743 2462 Oportet,
779 2409 918 2463 inquit,
953 2413 1071 2462 ipsum
1102 2426 1287 2463 regnare,
1323 2415 1438 2451 donec
1462 2423 1585 2465 ponat
1611 2418 1735 2454 z'm‘mz'-

184 2493 247 2517 cos
276 2479 346 2516 sub
373 2479 532 2529 pedibus
561 2481 664 2525 senis,-
710 2478 819 2531 quasi
853 2478 952 2518 filius
985 2478 1115 2520 omnia
1146 2480 1343 2534 perficiat,
1387 2495 1432 2521 ac
1464 2496 1533 2536 pro
1566 2484 1735 2524 auctori-

186 2553 266 2587 tate
298 2560 369 2586 sua
401 2552 439 2586 et
470 2552 663 2600 potestate
694 2546 943 2598 moderetur,
990 2554 1028 2587 et
1059 2548 1155 2602 patri
1188 2548 1354 2602 denique
1387 2563 1461 2589 una
1493 2565 1580 2591 cum
1611 2565 1735 2606 regno

184 2614 384 2656 subiectos
414 2615 569 2654 offerat.

299 2681 397 2723 Post
431 2682 527 2722 haec
563 2682 676 2722 aliam
719 2683 764 2722 ad
807 2697 1013 2737 personam
1052 2685 1215 2725 transit:
1263 2688 1377 2725 Patr-e
1394 2689 1486 2738 filiu
1516 2689 1736 2729 setbz'z‘ee‘ente

184 2754 329 2799 omm'a5
365 2758 418 2801 et,
455 2753 584 2789 Omnia
615 2752 793 2797 subiecit,
830 2751 968 2804 inquit,
1002 2754 1070 2791 snb
1094 2754 1253 2804 pedibus
1283 2757 1385 2802 ez'us;
1420 2759 1641 2796 novissimus
1664 2761 1735 2796 1‘m'-

184 2822 302 2859 micus
332 2821 549 2858 destruetur
579 2833 691 2857 mors.
759 2816 830 2859 Ubi
861 2833 938 2859 non
967 2820 1132 2875 amplius
1163 2835 1215 2861 ex
1244 2835 1412 2876 persona
1444 2824 1564 2878 patris
1596 2825 1733 2866 dunta-

183 2991 297 3023 idioms
320 2992 348 3035 (j.
362 2991 418 3032 30,
444 2989 475 3024 4.
499 3002 531 3032 p
551 2991 611 3025 17&
629 3001 673 3032 sq.
722 2988 738 3024 ὁ
765 2989 828 3025 ὑπὸ
854 2990 933 3025 ’.τά-ι-
1026 2991 1057 3025 6.
1088 2991 1258 3035 εἰρημένον
1282 2995 1622 3028 emendavitPetavius.
1649 2997 1735 3028 Libri

184 3046 250 3069 των
274 3037 322 3069 ed.
346 3038 458 3070 Petav.
985 3039 1096 3070 habent
1121 3037 1306 3081 εἰρημένου.

1751 1132 1843 1162 ΗυΙ)1·.
1858 1137 1880 1166 l,
1894 1139 1919 1164 ὅ.

1753 1268 1884 1306 Philipp.

1770 1305 1795 1331 2.
1819 1306 1858 1331 10.

1786 2701 1864 2742 Cap.

1760 2746 1916 2781 LXXIV.
