2066 3319
483 182 663 214 PANAan
689 183 770 215 Lm.
792 184 833 215 n.
859 184 967 216 ToM.
991 184 1028 215 n.
1054 183 1184 215 naen.
1204 183 1325 215 wa.
1596 174 1675 214 543

135 260 337 301 sabbatum
377 260 580 301 observari
616 262 764 302 iubere.
827 260 940 314 Quod
978 263 1008 302 si
1043 263 1127 316 quis
1166 277 1239 302 non
1271 262 1448 312 fecisset,
1491 262 1678 316 lapidibus

135 328 397 379 obruebatur3
443 343 516 382 quo
540 329 727 383 supplicio
756 329 818 369 ille
847 337 905 369 est
937 331 1100 370 all'ectus
1127 330 1189 384 qui
1225 330 1412 383 lignorum
1453 331 1675 370 fasciculum
1698 344 1881 376 »ωλι-42,

136 395 364 449 eollegerat.
430 394 578 436 Contra
613 397 649 436 in
685 412 786 437 novo
823 404 1081 448 testamento,
1125 398 1208 437 sive
1237 397 1463 450 evangelie,
1499 398 1676 438 dominus

138 463 215 513 ait,
250 466 335 515 Ego
359 479 516 515 operor,
552 472 587 502 et
608 473 720 516 patet·
737 481 838 504 meas
863 474 1063 516 opel·‹1lm·;
1105 472 1218 518 atque
1240 465 1352 504 etiam
1369 496 1378 513 ,
1413 467 1576 504 Sabbalo
1604 468 1883 529 ³·J1i-llsffc‘uii5-117·

135 545 199 570 cas
227 533 372 570 vulsos-e
393 534 581 583 discipuli.
641 531 789 572 Eodem
814 533 976 572 sabbato
1004 547 1078 572 non
1102 533 1224 571 solum
1249 546 1388 587 aegros
1411 535 1576 584 curavit,
1612 535 1678 574 sed
1765 524 1770 529 .
1803 523 1811 536 ⁹
1850 523 1856 528 .

136 606 174 638 et
209 598 298 639 illud
331 599 553 653 praecepit:
604 603 706 639 Tolle
734 602 935 651 grabatum
964 609 1086 646 letum,
1132 608 1167 637 e!
1194 603 1282 639 vade
1315 604 1352 639 t'u
1385 605 1527 640 domum
1561 611 1673 641 tuum.
1694 616 1866 642 nummata.

137 663 172 707 Ο
197 666 463 707 incredibilem
495 667 711 707 inscitiam!
776 667 885 708 Nihil
910 668 1010 708 enim
1046 667 1236 721 imperitia
1268 668 1437 709 deterius
1466 677 1546 719 est,
1582 684 1679 723 quae

138 734 326 789 plurimos
356 736 598 776 occaecavit.
665 734 753 788 Quo
779 736 880 775 euim
904 743 1077 789 tempore
1108 735 1307 775 sabbatum
1334 750 1409 776 non
1433 737 1539 777 licuit
1563 738 1681 778 bone-

136 808 196 843 sta
221 802 267 842 de
304 816 442 842 caussa
477 803 723 844 dissolvere?
783 802 872 856 Quo
908 817 1003 843 vero
1038 810 1234 857 tempore,
1269 805 1365 858 quod
1399 820 1443 844 ac
1477 806 1606 846 scelus
1639 820 1682 845 ac

136 869 346 923 nequitiam
373 871 534 921 attinet,
577 886 653 910 non
681 878 739 911 est
766 871 953 924 religione
984 873 1259 921 constrictum,
1304 887 1378 911 non
1404 874 1517 913 modo
1545 873 1682 913 sabba-

139 945 242 989 tum,
277 939 345 979 sed
370 946 409 978 et
431 938 626 992 quaelibet
656 939 767 978 dies?
812 937 922 978 lesus
947 939 1033 978 illae
1057 937 1197 979 Navae
1226 940 1322 979 lilius
1346 938 1501 995 Moysis
1527 955 1684 981 succes·

137 1020 227 1057 sor,
263 1007 325 1060 qui
354 1006 456 1046 inter
478 1006 685 1060 propbetas
710 1013 960 1055 numeratur,
995 1007 1057 1060 qui
1086 1021 1105 1046 a
1134 1007 1205 1047 deo
1232 1007 1393 1048 dilectus
1419 1015 1500 1059 est,
1536 1008 1597 1061 qui
1621 1023 1684 1047 so-

137 1075 183 1115 lis
209 1089 255 1115 ae
284 1075 399 1114 lunae
424 1088 579 1114 cursum
607 1073 784 1114 oratione
815 1089 883 1114 sua
918 1081 1091 1115 moratus
1127 1083 1207 1125 est,
1241 1090 1325 1115 cmn
1355 1076 1406 1116 ita
1433 1083 1681 1129 precaretur:

138 1146 225 1182 Stet
247 1145 308 1182 sol
332 1145 382 1182 ad
406 1144 578 1189 Gabaon,
614 1150 649 1181 et
676 1145 764 1181 lana
789 1145 839 1181 ad
869 1144 1071 1182 convallem
1097 1145 1197 1190 Iulo,
1246 1143 1304 1183 hic
1340 1143 1457 1197 igitur
1481 1143 1680 1184 sabbatum
1697 1158 1858 1188 los.10.l·.¹.

137 1211 227 1251 honi
252 1210 383 1265 operis
407 1209 620 1251 exercendi
644 1224 784 1250 caussa
809 1210 975 1251 solvisse
1005 1210 1160 1264 legitur,
1195 1226 1278 1252 cum
1301 1219 1449 1266 septem
1476 1218 1577 1253 totos
1602 1213 1684 1252 dies

140 1277 410 1319 Hierichuntis
451 1278 606 1319 moenia
648 1278 852 1319 circumiit.
923 1277 1016 1319 Non
1058 1280 1158 1319 enim
1194 1280 1364 1320 sabbatis
1407 1280 1547 1321 licebat
1588 1281 1685 1321 ultra

139 1347 418 1402 praescriptum
449 1360 523 1386 sex
554 1345 765 1386 stadiorum
795 1347 946 1386 modum
976 1347 1204 1388 ambulando
1232 1362 1410 1403 pergere.
1474 1349 1529 1389 At
1554 1348 1683 1389 Hieri-

139 1414 294 1455 chuntis
320 1414 486 1454 ambitus
516 1414 650 1467 viginti
681 1414 815 1454 stadiis
843 1415 1006 1468 amplior
1032 1423 1106 1455 est.
1169 1415 1301 1469 Quare
1327 1431 1411 1456 cum
1434 1424 1582 1471 septem
1607 1417 1686 1457 die-

141 1483 212 1523 bus
243 1482 377 1522 urbem
406 1482 673 1532 circumirent,
708 1496 870 1522 necesse
896 1489 956 1522 est
982 1485 1019 1522 in
1041 1483 1203 1537 aliquam
1230 1498 1280 1523 ex
1304 1485 1439 1525 diebus
1462 1485 1536 1524 illis
1557 1486 1686 1525 incur-

139 1550 242 1591 risse
269 1550 486 1591 sabbatum.
550 1548 628 1590 Sed
658 1550 728 1590 boc
759 1550 817 1590 dei
844 1551 1023 1590 mandato
1056 1552 1194 1591 l'aetum
1230 1559 1289 1592 est
1316 1559 1354 1592 ut
1390 1567 1488 1606 quae
1513 1553 1686 1607 prodigia

142 1633 187 1659 ac
222 1619 408 1659 miracula
444 1618 568 1658 moliri
604 1618 835 1658 decreverat
870 1619 1108 1659 ostenderet.
1169 1618 1310 1660 Nullae
1339 1627 1415 1660 tum
1441 1621 1518 1661 illic
1544 1622 1688 1662 machi-

141 1701 238 1738 nae,
273 1687 364 1727 nulli
390 1687 555 1736 arietes,
592 1686 694 1726 nulla
718 1686 950 1726 subruendis
973 1686 1174 1727 moenibus
1200 1688 1478 1740 instrumenta,
1512 1691 1578 1729 sed
1605 1690 1688 1729 sola

143 1754 256 1795 tubae
290 1768 458 1795 corneae
492 1768 613 1805 voce,
659 1769 704 1794 ac
737 1754 809 1794 viri
844 1754 931 1794 iusti
965 1754 1144 1808 precibus
1174 1755 1298 1796 diruta
1337 1756 1503 1796 bostium
1536 1758 1687 1797 moenia

142 1822 412 1863 conciderunt.
460 1820 571 1875 Quos
599 1822 750 1876 quidem
779 1822 911 1862 hostes
937 1822 1044 1863 luere
1072 1822 1295 1877 supplicium
1325 1824 1543 1878 oportebat,
1573 1840 1690 1879 quan-

141 1891 346 1946 doquidem
379 1893 701 1930 An101v·haeoram
727 1899 883 1942 peccatu
914 1893 1061 1943 z‘mplela
1080 1893 1255 1944 filerunt.
1705 1897 1896 1932 Gen.15,16.

227 1958 318 2000 Lex
340 1959 443 2000 enim
468 1960 658 1999 adversus
684 1959 833 2000 scelera
859 1958 995 1999 iudicis
1018 1959 1124 1999 vices
1148 1959 1292 2012 obibat,
1327 1968 1364 2002 et
1389 1960 1596 2016 unicuique
1617 1977 1686 2016 pro
1761 1962 1839 2003 Cap.
1877 2008 1886 2017 .

141 2042 300 2069 suorum
325 2041 484 2082 operum
510 2027 648 2067 merito
675 2027 928 2081 rependebat.
993 2027 1226 2068 Amorrbaei
1250 2043 1364 2082 porro
1397 2043 1486 2070 sese
1519 2031 1687 2085 peccatis
1701 2008 1894 2039 LXXXU'

144 2096 459 2145 obstrinxerant,
493 2110 538 2135 ac
557 2095 640 2135 iura
663 2095 871 2145 violarant,
907 2096 1005 2149 quod
1033 2103 1169 2136 contra
1193 2096 1439 2138 iurisiurandi
1463 2099 1575 2138 fidem
1601 2113 1690 2152 ege—

142 2171 245 2205 rant.
296 2163 358 2204 De
385 2178 459 2217 quo
485 2178 570 2203 cum
595 2163 670 2203 alio
695 2163 778 2203 loco
805 2163 1036 2215 dixerimus,
1070 2163 1177 2205 iuvat
1205 2172 1331 2206 tamen
1355 2167 1487 2206 eadem
1514 2166 1692 2207 hocloco

143 2246 380 2287 proponere.
448 2230 647 2272 Eiusmodi
675 2231 813 2286 quippe
835 2238 925 2272 sunt
946 2246 1043 2286 quae
1076 2233 1111 2272 in
1136 2241 1310 2288 promptu
1336 2233 1558 2275 Manichaei
1587 2235 1692 2275 calli-

143 2300 243 2341 ditas
276 2300 405 2340 babet.
470 2298 721 2339 Praeclarum
750 2314 867 2350 vero,
903 2300 1050 2354 iuquit,
1095 2301 1191 2355 legis
1221 2302 1354 2352 deum,
1399 2303 1461 2357 qui
1494 2311 1532 2343 et
1555 2303 1691 2358 Aegy-

143 2369 311 2424 ptiorum
337 2382 432 2423 opes
461 2368 666 2422 praedatus
691 2375 774 2418 est,
815 2376 852 2408 et
879 2368 1159 2419 Amorrhaeis,
1196 2369 1438 2424 Gergezaeis
1463 2386 1507 2411 ac
1533 2371 1691 2425 reliquis

146 2436 327 2491 gentibus
351 2436 511 2485 eiectis,
547 2450 662 2489 agros
687 2436 836 2476 illarum
866 2434 1055 2477 lsraelitis
1078 2437 1266 2477 attribuit.
1331 2438 1405 2491 Qui
1438 2439 1508 2479 boc
1534 2440 1692 2479 manda-

144 2512 224 2545 tum
248 2505 373 2554 dedit,
408 2507 493 2543 Non
514 2507 766 2555 concupekces,
803 2506 995 2559 quomodo
1024 2505 1098 2545 illis
1124 2505 1250 2545 aliena
1274 2506 1432 2560 largitus
1458 2510 1544 2548 est?
1576 2508 1688 2548 Adeo
1708 2516 1801 2544 Exod.
1821 2519 1863 2546 2⁰.

144 2586 240 2613 vero
272 2573 381 2619 ,rudis
410 2580 469 2612 est
505 2579 544 2612 ut
574 2572 673 2612 istud
706 2587 781 2612 non
807 2572 958 2623 videat,
1006 2572 1206 2614 lsrai‘litas
1229 2581 1369 2614 terram
1399 2590 1506 2616 suam
1533 2590 1693 2631 reeupe-

145 2654 282 2692 rasse,
316 2655 428 2694 quam
453 2640 505 2680 illi
530 2654 598 2694 per
629 2640 704 2680 vim
730 2641 977 2695 eripuerant,
1019 2655 1141 2695 eaque
1170 2649 1302 2696 capta,
1346 2657 1443 2696 quae
1475 2644 1577 2685 inter
1607 2645 1692 2685 illos

146 2715 438 2758 convenerant,
474 2722 648 2762 quaeque
673 2708 825 2750 sincere
848 2717 886 2750 et
909 2710 1141 2764 interposito
1165 2709 1413 2751 iureiurando
1435 2713 1584 2753 sancita
1611 2714 1693 2753 sue-

146 2783 235 2817 rant
269 2791 357 2817 esse
392 2777 604 2818 vindicata.
669 2775 824 2817 Etenim
859 2776 949 2817 Not-t
984 2792 1003 2816 a
1036 2777 1181 2817 diluvio
1215 2792 1300 2818 cum
1334 2793 1457 2820 uxore
1493 2781 1693 2835 tribusque

147 2844 257 2896 filiis,
291 2859 335 2885 ac
357 2844 514 2885 totidem
539 2844 699 2885 nuribus
728 2852 909 2886 servatus
941 2845 1074 2885 orbem
1106 2852 1297 2886 terrarum
1333 2848 1554 2890 universum
1587 2849 1693 2890 solus

193 2945 271 2977 Cn.
299 2946 493 2978 LXXXIV.
527 2964 571 2970 —
634 2947 660 2980 l.
688 2945 798 2982 ἐδίδου
822 2950 888 2980 cod.
915 2948 1042 2987 Rhediy.

192 2990 223 3023 2.
248 2989 498 3034 ἐξεδικήὶῖησαν
523 2993 590 3024 cod.
616 2993 745 3034 Rhediy.
