2030 3324
456 219 637 250 PANARn
663 219 746 251 [ΑΒ.
766 220 804 251 n.
831 220 937 252 ToM.
959 221 1000 253 n.
1023 221 1155 254 HAER.
1176 222 1305 254 inx.
1583 216 1664 255 597

111 299 185 338 iam
213 312 308 339 vero
336 297 532 339 Eusebius
566 299 686 338 l'rater
719 306 807 339 tuus
833 298 1060 341 Caesareae
1096 309 1134 342 et
1163 301 1438 353 Theodosius,
1474 310 1513 343 et
1535 301 1666 343 Pauli-

111 380 207 417 nus,
243 373 281 406 et
306 365 572 417 Athanasius,
609 374 647 406 ct
671 366 912 420 Gregorius,
949 376 986 408 et
1011 369 1176 420 Ae'tius,
1212 378 1250 410 et
1282 370 1495 411 orientales
1528 385 1663 411 omnes

110 435 222 475 deum
249 441 429 475 asserunt
464 435 548 474 sine
576 435 653 475 ullo
689 436 878 490 principio
912 444 1002 476 ante
1038 437 1154 476 lilium
1180 438 1381 487 existere,
1416 439 1665 479 anathemate.

109 503 364 554 damnantur,
399 510 569 556 excepto
596 501 854 557 philogonio,
893 504 1122 554 llellanico,
1167 504 1346 545 Mat-ario
1380 506 1588 547 haereticis
1620 522 1665 547 ac

108 571 414 611 rudimentorum
449 571 534 610 fidei
567 571 714 625 ignaris
745 572 986 622 hominibus,
1032 573 1093 626 qui
1131 573 1246 613 lilium
1281 577 1418 628 partim
1453 576 1664 615 eructatio-

108 652 221 690 nem,
268 639 406 693 partim
447 639 661 693 ingenitam
696 641 989 694 productionem
1025 641 1234 695 appellant.
1299 641 1475 695 Quorum
1509 643 1664 696 quidem

108 707 316 762 impiorum
351 721 471 748 voees
509 722 557 747 ne
593 708 751 748 auribus
796 708 950 762 quidem
989 709 1194 749 admittere
1231 723 1464 763 possumus,
1512 711 1665 751 etiamsi

107 774 210 815 mille
231 775 342 815 nobis
369 783 514 816 mortes
537 776 582 815 ab
609 776 819 816 haereticis
845 776 1103 816 intententur.
1165 775 1252 817 Nos
1286 792 1306 817 e
1343 779 1541 818 contrario
1575 779 1664 833 quid

108 843 262 884 tandem
287 843 466 894 dieimus,
503 845 709 895 sentimus,
746 844 963 895 docuimus,
999 851 1036 884 et
1063 846 1272 885 docemus?
1320 844 1517 886 Nimirum
1546 847 1663 887 lilium

107 925 178 951 nec
205 911 418 966 ingenitum
444 926 556 962 esse,
593 926 663 952 nec
690 911 853 966 ingeniti
882 912 955 952 ulla
983 913 1133 953 ratione
1161 920 1335 967 partum,
1371 915 1438 954 sed
1462 928 1587 968 neque
1612 929 1664 955 ex

105 980 280 1020 subiecta
304 980 432 1034 aliqua
467 980 630 1020 materia
659 982 829 1030 sactum,
866 994 1000 1021 verum
1028 980 1087 1020 dei
1114 982 1340 1032 voluntate,
1376 983 1541 1023 consilio
1573 991 1663 1023 ante

106 1055 279 1103 tempora
310 1049 521 1102 seculaque
552 1048 798 1098 substitisse,
847 1048 960 1102 plene
994 1049 1105 1088 deum
1135 1049 1399 1102 unigenitum,
1444 1050 1663 1091 immutabi-

104 1117 203 1166 lem,
239 1116 303 1170 qni
330 1123 537 1170 antequam
572 1116 823 1170 gigneretur,
866 1116 950 1156 sive
976 1124 1203 1168 crearetur,
1249 1117 1334 1157 sive
1364 1119 1661 1169 decerneretur,

104 1191 170 1224 aut
194 1184 444 1235 fundaretur,
480 1199 555 1224 non
588 1185 672 1224 l'uit.
735 1183 879 1238 Neque
909 1184 1010 1224 enim
1037 1199 1113 1225 nou
1139 1186 1262 1225 factus
1286 1193 1360 1226 est.
1424 1185 1513 1227 Nos
1545 1187 1664 1241 igitur

104 1253 151 1292 ob
180 1253 215 1293 id
246 1253 489 1293 insectantur
523 1253 623 1307 quod
657 1253 851 1294 diximus:
898 1252 1134 1307 Principium
1167 1254 1282 1294 hahet
1309 1254 1431 1305 fitius,
1468 1256 1562 1296 deus
1595 1270 1663 1296 au-

105 1330 180 1362 tem
207 1321 396 1376 principio
433 1329 556 1362 earet.
624 1320 730 1361 llaec
757 1321 926 1361 vexandi
955 1322 1077 1362 nostri
1111 1336 1250 1362 caussa
1283 1330 1356 1362 est.
1424 1323 1528 1364 Tum
1561 1325 1662 1378 quod

103 1390 318 1431 asserimus
355 1391 489 1430 eadem
530 1404 550 1429 e
590 1389 708 1428 nihilo
743 1403 847 1429 esse.
913 1388 1026 1442 Quod
1065 1390 1209 1430 idcirco
1240 1405 1260 1430 a
1300 1391 1412 1431 nobis
1452 1400 1663 1448 usurpatur

102 1459 190 1513 quia
223 1472 348 1512 neque
379 1458 438 1498 dei
466 1472 555 1513 pars
587 1465 668 1507 est,
715 1472 786 1498 nec
813 1472 863 1497 ex
900 1458 1075 1498 subiecta
1103 1459 1177 1499 ulla
1203 1459 1380 1499 materia.
1443 1458 1662 1515 Propterea

103 1541 174 1567 nos
199 1527 251 1567 illi
281 1527 460 1567 hostilem
486 1527 521 1566 in
552 1527 703 1566 modum
731 1533 1034 1581 persequuntur.
1099 1526 1265 1582 Reliqua
1297 1535 1335 1568 tu
1367 1529 1484 1568 nosti.
1548 1528 1660 1570 Bene

105 1596 237 1636 valere
273 1602 308 1635 te
342 1609 616 1635 aerumnarum
653 1602 874 1635 nostrarum
908 1609 1119 1635 memorem
1148 1596 1347 1651 cupimus,
1395 1596 1509 1650 idque
1534 1612 1554 1637 a
1587 1597 1659 1638 deo

103 1664 296 1719 petimus,
333 1662 640 1713 Collucianista,
676 1677 770 1703 vere
801 1662 968 1714 Eusebi,
1005 1664 1076 1704 hoc
1108 1671 1169 1704 est
1201 1664 1260 1718 pie
1294 1678 1338 1704 ac
1371 1664 1571 1719 religiose.

201 1732 331 1772 Aliam
362 1740 565 1786 praeterea
589 1731 822 1772 Nicomedia
846 1732 892 1772 ad
917 1732 1205 1772 sanctissimum
1231 1746 1365 1787 papam
1385 1732 1657 1774 Alexandrum

100 1801 211 1856 quasi
235 1800 454 1841 excusandi
476 1800 533 1840 sui
559 1801 683 1855 gratia
709 1801 866 1855 scripsit
890 1801 1003 1854 longe
1030 1801 1235 1855 superiore
1259 1802 1319 1841 illa
1344 1801 1534 1856 peiorem,
1557 1816 1656 1856 quae

100 1877 219 1910 totam
255 1869 357 1909 illius
389 1876 448 1910 est
480 1884 634 1910 veneno
667 1884 711 1909 ae
739 1869 1034 1909 contumeliosis
1061 1869 1099 1909 in
1125 1868 1297 1910 divinum
1324 1884 1466 1910 numen
1494 1870 1658 1911 vocibus

99 1939 262 1990 referta,
288 1953 400 1992 quam
421 1938 703 1978 Alexandriam
729 1938 847 1978 misit.
894 1936 991 1978 Eam
1018 1951 1089 1978 nos
1113 1937 1394 1979 subiiciendam
1417 1938 1654 1993 putavimus.

498 2064 708 2096 EPISTOLA
739 2063 824 2094 ΑΒΗ
853 2063 910 2094 ΑΙ)
938 2063 1268 2095 ALEXANDRUM.

213 2143 339 2185 Beato
372 2157 493 2200 papae
526 2151 563 2182 et
595 2143 780 2197 episcopo
814 2150 947 2183 nostro
974 2142 1228 2194 Alexandro,
1263 2144 1487 2199 presbyteri
1514 2150 1552 2184 et
1577 2143 1656 2183 dia-

100 2213 188 2254 coni
221 2213 386 2253 salutem
420 2213 456 2251 in
490 2211 662 2251 domino.

215 2280 335 2321 Fides
359 2281 422 2320 illa
455 2294 566 2334 quam
601 2287 638 2319 et
672 2294 691 2319 a
721 2279 931 2320 maioribus
966 2280 1213 2335 accepimus,
1259 2287 1298 2320 et
1328 2294 1349 2320 a
1375 2288 1410 2320 te
1434 2280 1653 2332 didicimus,

100 2350 326 2391 beatissime
356 2363 474 2403 papa,
519 2348 709 2388 eiusmodi
739 2355 813 2388 est.
879 2346 1086 2390 Credimus
1121 2363 1238 2389 unum
1266 2349 1402 2398 deum,
1437 2349 1563 2388 solum
1598 2349 1656 2388 in-

99 2417 298 2472 genitum,
334 2417 457 2457 solum
483 2424 701 2467 aeternum,
736 2417 859 2457 solum
882 2417 1072 2472 principio
1096 2424 1312 2465 carentem,
1347 2417 1472 2457 solum
1498 2430 1651 2467 verum,

100 2487 224 2527 solum
255 2485 536 2535 immortalem,
572 2485 694 2525 solum
721 2485 961 2540 sapientem,
997 2486 1122 2526 solum
1148 2485 1307 2534 bonum,
1342 2485 1466 2525 solum
1489 2499 1655 2539 praepo-

101 2562 269 2604 tentem,
305 2554 429 2594 solum
460 2554 649 2603 iudicem,
685 2554 854 2593 omnium
880 2554 1183 2603 moderatorem,
1218 2560 1255 2593 et
1278 2552 1651 2604 administratorem,

100 2624 323 2673 immotum,
359 2629 397 2662 et
419 2621 717 2672 immutabilem,
753 2622 919 2672 iustum,
955 2622 1098 2662 bonum
1132 2622 1252 2675 legis,
1295 2628 1333 2660 et
1359 2620 1651 2675 prophetarum,

100 2705 145 2731 ac
173 2691 262 2731 novi
287 2690 508 2731 testamenti
533 2689 678 2744 pariter
704 2690 840 2730 deum:
882 2690 944 2744 qui
973 2689 1214 2744 unigenitum
1247 2688 1363 2729 lilium
1389 2695 1478 2729 ante
1510 2689 1653 2744 sempi-

102 2767 209 2800 terna
248 2766 422 2814 tempora
457 2757 613 2812 genuit:
659 2772 727 2811 per
760 2772 871 2812 quem
908 2765 947 2798 et
979 2758 1136 2809 secula,
1182 2764 1220 2797 et
1252 2757 1398 2811 reliqua
1433 2757 1656 2810 procreavit

102 2828 247 2867 omnia.
313 2827 509 2868 Genuisse
537 2840 652 2881 porro
681 2825 843 2866 dicimus
872 2827 1023 2881 reipsa,
1061 2841 1136 2865 non
1165 2826 1294 2880 speeie
1324 2832 1459 2875 tenus,
1494 2839 1539 2865 ac
1562 2825 1654 2865 sub-

145 2906 176 2938 2.
202 2902 532 2949 οἷπεμπεπλησμένην
558 2907 623 2937 cod.
646 2907 774 2945 Rhediy.
947 2904 976 2938 4.
1004 2903 1100 2948 μόνον
1127 2915 1186 2936 non
1209 2906 1320 2945 leyilur
1340 2907 1371 2936 in
1397 2905 1443 2936 ed.
1465 2906 1573 2937 Petav.
1596 2906 1654 2937 Co-

146 2951 177 2981 3.
203 2948 453 2995 ἀπεσταλμένοι)
474 2954 539 2984 cod.
556 2953 704 2991 Rhetli9.:
729 2954 756 2982 et
778 2953 851 2990 1en.,
899 2954 959 2982 lon.
986 2955 1077 2990 repet.

101 3000 132 3029 nt
157 2998 259 3038 fallor.
944 2998 972 3026 ὦ.
1001 2994 1098 3037 μόνον
1132 2995 1246 3037 >asir-qv
1284 2995 1433 3033 πάντων,
1479 2993 1652 3041 διοικητήν

900 3043 1107 3074 distinxerunt
1135 3043 1304 3074 Cornarius
1328 3045 1354 3072 et
1379 3043 1536 3076 Petamus.

1687 1736 1763 1780 Cap.
1776 1738 1849 1770 Vll.
