2066 3319
452 192 629 225 PANARn
654 192 736 224 Lm.
752 193 792 224 11.
816 192 924 225 ToM.
945 193 984 225 11.
1006 193 1136 225 HAER.
1156 193 1275 224 LXVI.
1545 183 1625 223 399

397 364 794 413 ADVERSUS
832 363 1339 423 MANICHAEOS,

499 444 695 492 haeresis
720 443 912 504 XLVI„
948 446 1040 493 sive
1067 444 1232 492 LXVI.

212 543 448 596 Manichaei,
478 559 574 600 quos
591 545 804 586 Acuanitas
830 547 874 586 de
894 546 1028 587 Acuae
1048 544 1234 586 Veterani
1257 545 1452 586 cuiusdam
1477 545 1630 585 nomine
1658 550 1736 593 Cap·
1757 551 1779 581 1.

102 620 264 665 vocant,
299 613 361 668 qui
386 627 406 654 e
429 612 712 668 Mesopotamia
746 616 939 669 profectus
972 615 1160 654 letiferum
1196 613 1284 653 illud
1315 613 1420 653 virus
1450 612 1632 654 Eleuthe-

102 682 251 738 ropolin
276 682 492 733 transtulit,
526 696 702 737 magnum
730 696 796 737 per
823 683 910 723 illud
935 690 1106 736 tempus,
1142 682 1178 721 in
1204 682 1301 736 quod
1329 689 1437 721 aetas
1462 682 1631 736 ipsorum

102 751 287 801 incurrit,
321 751 606 805 praedicatione
643 765 711 791 sua
746 750 885 790 malum
918 750 955 790 in
989 750 1120 790 orbem
1156 756 1346 790 terrarum
1378 750 1629 790 invexerunt.

101 817 204 860 Nam
228 819 443 860 Aureliano
467 819 679 873 imperante
706 826 840 872 quarto
863 818 945 858 eius
970 818 1118 871 imperii
1143 831 1244 858 anno
1271 831 1471 872 emergere
1496 831 1634 873 coepe-

103 893 209 928 runt.
271 884 539 928 Celeberrima
564 887 658 928 baec
687 887 858 927 haeresis
881 893 962 937 est,
997 894 1036 926 et
1064 886 1360 941 quamplurimas
1387 887 1567 940 regiones
1591 887 1634 926 il-

103 955 176 996 lius
210 955 308 996 fama
340 955 584 1011 peragravit3
627 970 723 1009 quae
754 969 774 994 a
801 953 943 1005 Mane,
977 955 1030 995 uti
1058 955 1162 1005 dixi,
1205 955 1366 1009 quodam
1399 968 1468 1010 per
1496 954 1633 995 multas

104 1037 192 1064 oras
223 1031 429 1079 partesque
461 1031 652 1065 terrarum
685 1023 894 1078 dissipandi
925 1023 983 1064 sui
1015 1022 1164 1064 initium
1197 1022 1362 1078 accepit.

215 1159 341 1202 Porro
364 1160 505 1202 Manes
537 1174 682 1215 genere
709 1159 831 1200 Persa
858 1159 1050 1201 Cubricus
1077 1161 1238 1215 primum
1266 1160 1478 1215 appellatus
1503 1159 1634 1201 Manis

105 1229 178 1270 sibi
203 1244 344 1271 nomen
366 1229 562 1285 imposuit.
626 1229 754 1284 Atque
783 1229 854 1270 boc
877 1229 1005 1269 divina
1029 1230 1191 1283 quadam
1221 1229 1464 1284 providentia
1496 1230 1635 1269 factum

106 1298 288 1350 arbitror,
322 1299 465 1340 suroris
488 1298 541 1339 uti
562 1297 633 1338 sibi
655 1311 795 1338 nomen
816 1297 1076 1348 adscisceret,
1112 1311 1338 1351 quamquam
1361 1311 1407 1338 eo
1430 1311 1472 1338 se
1493 1312 1636 1352 cogno-

107 1367 208 1407 mine
228 1368 379 1408 afficere
403 1366 595 1421 cogitabat
615 1366 714 1421 quod
736 1364 1040 1419 Babyloniorum
1064 1365 1192 1420 lingua
1215 1369 1287 1405 Vas
1307 1367 1514 1420 significat.
1547 1364 1635 1407 Ma-

107 1449 176 1476 nes
203 1435 339 1490 quippe
361 1433 612 1490 Babyloniis,
647 1434 679 1475 si
704 1433 857 1475 Graece
891 1435 1167 1486 transferatur,
1201 1437 1360 1484 σκεῦος,
1392 1435 1428 1475 id
1459 1442 1517 1474 est
1549 1448 1634 1485 vas,

109 1503 305 1559 exprimit.
370 1501 448 1544 Sed
474 1503 526 1544 ita
545 1517 587 1543 se
611 1516 674 1543 res
697 1502 827 1553 habet,
862 1510 901 1543 ut
925 1517 944 1543 a
968 1504 1097 1543 surore
1119 1509 1157 1543 et
1179 1502 1330 1544 insania
1353 1503 1541 1543 eiusmodi
1564 1503 1637 1544 sibi

110 1572 402 1627 appellationem
430 1571 633 1622 indiderit,
668 1585 739 1625 qua
767 1571 920 1611 fanatici
943 1585 1050 1611 more
1078 1570 1245 1626 percitus
1268 1571 1403 1612 infelix
1431 1572 1636 1626 pessimum

108 1640 147 1680 in
168 1640 261 1680 orbe
281 1641 418 1694 dogma
440 1639 722 1680 disseminavit.
772 1636 849 1680 Sed
871 1636 1063 1680 Cubricus
1085 1639 1158 1679 iste
1178 1640 1316 1680 viduae
1339 1640 1534 1680 cuiusdam
1556 1653 1638 1680 ser-

109 1722 180 1748 vus
206 1708 298 1758 fuit,
331 1722 429 1762 quae
454 1709 536 1748 sine
564 1708 695 1748 liberis
720 1708 911 1748 decedens
938 1708 1122 1748 infinitam
1152 1708 1184 1748 ei
1218 1708 1466 1763 pecuniarum
1494 1708 1569 1748 vim
1603 1717 1641 1748 et

111 1776 192 1818 auri
214 1777 440 1831 argentique
463 1784 500 1816 et
521 1783 750 1828 aromatum,
779 1783 1070 1830 ceterarumque
1092 1790 1218 1816 rerum
1240 1776 1385 1831 copiam
1410 1783 1640 1817 testamento

110 1844 286 1899 reliquit,
321 1859 405 1885 cum
435 1846 595 1886 eandem
620 1845 741 1899 ipsam
768 1843 1021 1885 hereditatem
1047 1859 1068 1885 a
1090 1844 1308 1885 Terbintho
1336 1845 1521 1899 quodam,
1555 1858 1642 1900 per-

111 1912 200 1954 inde
225 1921 264 1954 et
293 1913 376 1968 ipso
400 1927 543 1964 servo,
579 1913 716 1954 mulier
744 1913 980 1968 accepisset,
1014 1913 1076 1967 qui
1105 1920 1249 1954 mutato
1278 1914 1431 1954 nomine
1456 1913 1643 1969 Assyrio-

112 1995 196 2022 rum
221 1981 350 2036 lingua
375 1979 530 2022 Buddas
553 1989 611 2022 est
634 1982 772 2022 dictus.
835 1981 964 2036 Atque
999 1981 1058 2021 hio
1083 1979 1283 2036 Scythiani
1318 1981 1529 2037 cuiuspiam
1561 1995 1644 2022 ser-

113 2063 185 2090 vus
210 2050 301 2101 fuit,
336 2050 398 2104 qui
424 2064 444 2091 e
470 2050 630 2105 regione
656 2048 941 2091 Saracenorum
965 2049 1149 2090 oriundus
1174 2051 1210 2090 in
1233 2048 1480 2091 Palaestinae
1505 2049 1643 2091 finibus

114 2117 153 2158 in
174 2117 322 2158 Arabia
342 2119 492 2159 scilicet
514 2120 698 2160 educatus
724 2119 861 2159 fuerat.
924 2117 998 2160 Ubi
1023 2117 1264 2160 Graecorum
1287 2119 1417 2173 lingua
1443 2133 1487 2159 ac
1511 2119 1641 2159 litera-

115 2200 198 2228 rum
229 2187 366 2228 studiis
390 2187 586 2228 institutus
611 2202 798 2228 summam
826 2187 1136 2228 inanissimarum
1170 2187 1282 2228 huius
1315 2188 1442 2228 mundi
1476 2187 1642 2242 discipli-

117 2269 250 2296 narum
278 2255 479 2296 scientiam
512 2257 672 2311 adeptus
701 2263 774 2296 est.
837 2253 1013 2310 Cumque
1041 2256 1245 2297 identidem
1274 2256 1493 2310 negotiandi
1521 2255 1643 2309 gratia

116 2323 155 2364 in
176 2321 323 2364 Indiam
345 2324 671 2379 proficisceretur,
705 2338 881 2378 magnam
904 2332 942 2365 et
964 2325 1158 2380 copiosam
1184 2332 1438 2365 mercaturam
1462 2323 1639 2364 faciebat.

117 2389 183 2432 Ex
219 2406 290 2446 qua
329 2392 529 2447 plurimum
568 2393 823 2448 locupletatus
855 2392 1094 2434 Thebaidem
1130 2394 1237 2435 obire
1274 2393 1438 2434 solebat.
1500 2390 1643 2432 Portus

120 2459 222 2500 enirn
244 2458 357 2501 Mare
382 2460 555 2502 Rubrum
582 2462 713 2502 varios
746 2461 881 2513 habet,
915 2462 1051 2516 quibus
1073 2463 1119 2503 ad
1141 2461 1356 2503 Romanum
1382 2461 1539 2501 limitem
1564 2460 1643 2501 adi·

119 2534 178 2569 tus
205 2528 357 2570 diverse
380 2536 498 2584 patet.
562 2529 709 2570 Horum
734 2544 832 2570 unus
856 2530 992 2571 Aelam
1015 2537 1178 2586 spectat,
1213 2543 1322 2585 qnam
1349 2543 1484 2570 sacrae
1509 2529 1643 2570 literae

119 2620 162 2651 ad
183 2622 254 2652 tom.
272 2622 323 2652 111.
370 2622 448 2654 Bibl.
475 2622 563 2654 Patr.
584 2631 617 2661 p.
637 2622 723 2653 XLII
739 2631 802 2662 sqq.
907 2623 938 2653 V.
961 2623 998 2654 de
1019 2623 1073 2654 hoc
1092 2624 1212 2654 nomine
1235 2623 1426 2661 Zacaynium
1449 2622 1468 2652 l.
1491 2623 1511 2652 l.
1539 2631 1572 2661 p.
1590 2619 1642 2654 96.

163 2662 194 2697 4.
220 2667 318 2697 Verba
338 2661 362 2708 τῖ
382 2665 509 2708 αἵρεσις
528 2677 586 2698 orn.
608 2669 638 2698 in
660 2668 708 2698 ed.
730 2669 835 2699 Petav.
905 2671 1029 2707 annot„
1053 2671 1079 2699 et
1098 2678 1129 2707 p.
1146 2666 1219 2700 709.
1246 2669 1277 2698 in
1298 2667 1454 2698 Addendis
1478 2666 1643 2709 (Galland.

165 2711 195 2740 ἦ.
220 2712 266 2743 Ita
287 2712 356 2742 libri
375 2714 490 2752 scripti.
538 2714 571 2744 ln
593 2713 682 2743 edilis
702 2716 743 2744 est
764 2713 858 2745 πολυ-
906 2715 926 2744 l.
950 2715 968 2743 l.
1003 2723 1034 2752 p.
1057 2712 1161 2751 606).
1219 2713 1297 2743 Petr.
1332 2713 1471 2743 Siculum
1503 2714 1534 2743 in
1567 2716 1644 2752 Any.

122 2753 313 2797 ξδρύλλητος.
907 2759 985 2789 Maii
1007 2760 1109 2789 Novae
1128 2760 1214 2790 Patr.
1237 2759 1313 2788 Bibl.
1335 2760 1406 2789 tom.
1429 2758 1525 2797 1⁸22.
1547 2768 1578 2797 p.
1596 2758 1643 2790 16.

167 2799 199 2834 6.
225 2803 354 2833 Voculae
384 2800 421 2835 τὸ
446 2802 503 2835 τοῦ
537 2813 595 2834 non
627 2807 801 2843 comparent
828 2806 860 2834 in
950 2802 981 2835 9.
1010 2800 1124 2836 στελλό
1156 2800 1215 2844 τήν
1246 2800 1377 2842 πορείαν
1411 2804 1477 2834 cod.
1502 2804 1563 2834 len.
1612 2804 1644 2834 ln

122 2847 302 2898 ed.-Petav.
906 2850 971 2880 cod.
986 2849 1111 2887 Rhediy.
1133 2849 1244 2878 omissa
1265 2850 1333 2878 sunt
1349 2848 1422 2879 haec
1446 2850 1551 2887 verba,
1572 2858 1646 2888 spa-

175 2902 199 2924 t.
231 2894 276 2924 lta
297 2894 371 2923 liber
390 2895 521 2933 scriptus
541 2897 674 2933 uterque.
715 2892 859 2938 ἐνεβρον-
906 2896 947 2925 tio
971 2895 1102 2933 quinque
1122 2894 1182 2932 sere.
1207 2894 1366 2923 literarum
1388 2903 1486 2925 vacuo
1507 2895 1620 2925 relicto.

124 2935 202 2978 ‘tffin
225 2938 271 2968 ed.
292 2940 396 2969 Ρειαυ.
432 2936 558 2979 ἕνευρον
579 2936 672 2981 rader,
695 2941 742 2971 ed.
761 2942 860 2979 princ.
954 2939 1003 2970 lt).
1039 2934 1192 2979 στόματα
1223 2939 1289 2969 cod.
1311 2939 1437 2979 Rhediy.
1498 2940 1532 2971 1η
1564 2948 1644 2979 seqq.

170 2983 200 3013 ὅ.
225 2983 271 3013 Ita
293 2984 362 3014 libri
380 2987 443 3015 tam
463 2985 536 3015 edili
556 2994 650 3024 quam
671 2987 785 3024 scripti.
826 2987 860 3016 In
907 2985 976 3015 libri
999 2985 1090 3023 vulyo
1114 2985 1223 3015 habent
1249 2982 1348 3017 Αἰλᾶν
1371 2987 1397 3016 et
1420 2982 1539 3018 Αἷλῶν.

126 3037 225 3068 marg.
247 3028 294 3059 ed.
313 3029 419 3061 Peleu.
442 3031 550 3070 ἱερέων
574 3041 625 3073 γρ.
648 3029 860 3074 Τερεβίνὶῑου.
