2066 3319
561 183 744 216 PANARH
768 184 849 217 ΜΒ.
870 185 910 217 11.
934 186 1041 218 ToM.
1064 187 1087 218 1.
1112 186 1242 219 HAER.
1263 187 1317 218 LI.
1659 179 1711 219 65

165 270 249 302 erut
263 276 384 314 puer.-
427 271 466 302 et
486 266 671 303 mirantes
693 266 837 303 domum
857 267 1077 305 invenerant
1092 282 1249 318 pueram
1272 282 1352 306 eam
1375 269 1526 315 Maria,-
1572 281 1648 307 non
1674 267 1712 306 in

164 331 368 386 praesepi,
403 331 465 372 vel
489 331 526 371 in
552 332 761 386 spelunca,
796 333 863 373 scd
892 333 929 372 in
954 334 1066 373 domo
1091 335 1261 387 scilice13
1296 343 1336 375 ut
1361 343 1541 376 accurata
1566 336 1623 376 rei
1647 350 1714 376 ve-

164 400 284 450 ritas,
327 414 372 440 ac
399 399 543 440 biennii
571 400 819 441 intervallum
846 402 1158 456 exprimeretur,
1202 404 1300 457 quod
1334 404 1379 443 ab
1411 404 1493 444 eius
1521 405 1637 445 natali
1665 405 1712 445 ad

163 466 373 523 Magorum
402 469 611 509 adventum
642 469 861 510 effluxerat.
923 468 1071 511 Eadem
1100 472 1161 512 illa
1200 486 1296 512 vero
1330 479 1466 523 nocte,
1513 473 1661 513 duobus
1694 487 1715 513 a

164 537 367 578 nativitate
395 538 506 578 annis
533 537 699 593 elapsis,
734 539 897 593 angelus
923 539 1124 594 apparuit,
1159 554 1202 580 ac
1229 554 1390 594 puerum
1417 555 1500 580 cum
1528 549 1649 582 matre
1674 541 1714 581 in

164 613 308 647 terram
335 606 505 661 Aegypti
531 606 644 647 iussit
672 607 881 648 abducere.
946 606 1095 648 Idcirco
1128 622 1204 648 non
1231 608 1305 648 iam
1334 607 1577 650 Nazaretum
1604 609 1715 650 Iose-

165 675 261 730 phus
293 675 537 729 regreditur,
582 676 648 716 sed
682 690 767 716 cum
793 690 912 730 puero
946 690 991 716 ac
1017 684 1138 716 matre
1168 676 1264 730 l'ugit
1294 676 1332 716 in
1360 677 1605 732 Aegyptum,
1652 678 1715 718 ubi

164 743 321 784 hiennio
347 744 470 784 altero
495 752 757 785 commoratus
783 751 865 784 est:
909 751 1022 799 atque
1053 745 1106 785 ita
1132 759 1286 785 rursum
1319 753 1405 800 post
1432 745 1601 787 Herodis
1634 746 1716 787 obi-

164 819 242 853 tum
275 813 439 868 angelus
472 813 637 854 eundem
670 821 710 853 ut
739 813 776 853 in
810 811 992 853 Iudaeam
1025 812 1171 854 rediret
1203 814 1416 855 admonuit.

278 949 431 1006 Quippe
451 948 661 991 XXXIII.
689 950 860 991 Herodis
884 965 985 992 anno
1008 958 1123 992 natus
1151 958 1210 992 cst
1234 951 1429 1002 dominus,
1465 951 1715 1005 eiusdemque

163 1017 349 1060 XXXV.
383 1018 492 1073 Magi
521 1027 730 1062 venerunt.
793 1019 945 1060 Deinde
975 1018 1202 1061 XXXVII.
1238 1020 1389 1075 imperii
1421 1034 1522 1060 anuo
1552 1021 1717 1061 moritur

164 1087 370 1139 Herodes,
405 1088 465 1128 cui
488 1090 680 1130 successit
704 1089 947 1140 Archelau83
990 1088 1100 1143 isque
1125 1103 1267 1129 novem
1297 1089 1475 1144 regnavit
1503 1088 1639 1139 annis,
1675 1096 1717 1129 ut

163 1158 239 1198 alio
266 1171 288 1198 a
312 1171 374 1198 me
399 1157 485 1197 loco
511 1157 652 1198 dictum
679 1158 851 1198 memini.
915 1155 1049 1211 Quare
1074 1172 1158 1198 cuni
1186 1159 1232 1198 de
1257 1158 1452 1199 Archelao
1480 1157 1714 1213 accepisset,

164 1229 329 1267 recessit
353 1224 541 1281 Iosephus
567 1240 610 1266 ac
637 1241 679 1266 se
703 1224 948 1267 Nazaretum
975 1226 1171 1267 habitandi
1198 1241 1334 1268 caussa
1364 1227 1541 1268 contulit.
1605 1225 1717 1268 Unde

164 1296 371 1350 quotannis
395 1294 711 1350 Hierosolymam
735 1295 927 1350 proticisci
952 1303 1229 1337 consueverat.
1294 1295 1417 1338 Vides
1440 1303 1581 1350 quanta
1605 1297 1655 1335 sit
1676 1296 1716 1336 in

163 1365 287 1406 sacris
314 1363 529 1418 evangeliis
555 1364 761 1404 cuiuslibet
792 1364 847 1404 rei
875 1365 1094 1405 narrandae
1121 1380 1312 1420 quamque
1344 1371 1527 1405 accurata
1554 1364 1717 1419 diligen-

163 1434 243 1474 tia?
302 1433 358 1473 At
389 1433 452 1473 isti
482 1433 700 1487 ignorantia
733 1433 863 1484 coeci,
909 1448 1070 1487 quorum
1105 1441 1165 1474 est
1195 1434 1367 1474 tenebris
1394 1434 1559 1474 obducta
1588 1447 1714 1485 mens,

164 1501 470 1556 uniuscuiusque
496 1502 732 1542 narrationis
755 1502 903 1542 exitum
926 1503 1130 1555 ignorant3
1165 1503 1233 1543 sed
1254 1503 1443 1543 adversus
1465 1508 1717 1542 sacrosancta

165 1585 341 1626 quaeque
374 1584 417 1610 os
445 1584 555 1611 suum
587 1578 820 1624 arroganter
848 1571 1062 1620 extollunt,
1110 1585 1153 1611 ac
1178 1571 1345 1625 linguam
1372 1571 1574 1621 relaxant3
1620 1570 1717 1610 adeo

164 1647 205 1681 ut
230 1653 354 1694 neque
378 1639 461 1680 veri
489 1639 692 1694 quicquam
717 1640 905 1690 afferant,
950 1646 989 1679 et
1013 1653 1033 1679 a
1058 1639 1136 1680 vita
1160 1639 1409 1681 nihilominus
1436 1654 1481 1681 ac
1504 1639 1630 1681 salute
1655 1652 1717 1680 se-

165 1709 350 1764 metipsos
381 1708 565 1748 alienent.

277 1776 373 1818 Post
396 1777 492 1817 haec
515 1775 646 1817 Lucas
670 1776 732 1817 ubi
759 1775 887 1832 priora
912 1783 1140 1832 persecutus
1165 1784 1248 1828 est,
1284 1777 1446 1832 exponit
1467 1777 1717 1832 quemadmo-
1742 1784 1822 1827 Cap.
1844 1784 1888 1816 X.

165 1847 251 1888 dum
277 1861 379 1887 anno
404 1844 502 1887 XII.
529 1845 805 1900 Hierosolyma
832 1845 1074 1901 perrexerit3
1116 1860 1164 1886 ne
1191 1860 1302 1900 quem
1329 1846 1482 1887 illorum
1510 1846 1636 1887 errori
1661 1846 1718 1886 lo-

164 1930 249 1956 cum
277 1915 532 1970 relinqueret,
566 1915 628 1969 qui
654 1914 759 1955 illum
783 1914 958 1955 arbitrati
981 1921 1071 1955 sunt
1094 1916 1267 1970 perfecta
1294 1929 1338 1956 ac
1364 1914 1467 1956 virili
1489 1915 1563 1956 iam
1588 1921 1717 1956 aetate

164 1985 202 2025 in
240 1984 383 2025 mundo
418 1990 580 2039 repente
622 1983 742 2024 fuisse
777 1992 1050 2039 conspectum⁷
1096 1984 1225 2038 itaque
1261 1984 1521 2025 conveniendi
1558 1982 1716 2025 Ioannis

164 2054 290 2109 gratia
318 2054 364 2095 ad
391 2051 595 2094 Iordanem
621 2051 863 2104 accessisse3
907 2067 1004 2107 quae
1030 2054 1101 2093 fuit
1124 2050 1327 2104 Cerinthi,
1371 2052 1536 2093 Ebionis
1561 2060 1598 2093 et
1623 2053 1718 2093 alio«

164 2137 249 2163 rum
282 2122 428 2178 opinio.
493 2120 692 2177 Siquidem
725 2121 884 2162 callidus
921 2122 985 2162 ille
1017 2136 1179 2178 serpens
1209 2122 1374 2177 obliquis
1406 2122 1573 2162 flexibus
1605 2123 1717 2162 adre-

165 2205 260 2247 pens
292 2191 386 2232 nihil
416 2206 533 2232 unum
565 2205 610 2231 ac
635 2198 819 2231 constans
846 2191 1002 2232 asserit.
1067 2190 1145 2233 Sed
1171 2192 1253 2231 aliis
1279 2191 1406 2246 placet
1437 2205 1487 2230 ex
1514 2189 1715 2245 utriusque

164 2260 439 2302 coniunctione
464 2274 584 2301 sexus
609 2274 653 2301 ac
679 2259 780 2301 virili
808 2260 956 2302 semine
979 2258 1179 2302 Christum
1205 2274 1292 2301 esse
1318 2266 1580 2315 procreatum.
1635 2258 1717 2299 Alii

165 2329 393 2386 simpliciter
415 2329 609 2370 hominem
632 2328 858 2384 apparuisse
881 2336 1070 2370 statuunt.
1135 2327 1248 2382 Quae
1273 2343 1411 2369 caussa
1439 2327 1508 2368 fuit
1537 2342 1605 2368 cur
1626 2327 1717 2369 sub-

166 2398 286 2440 tiliter
307 2405 565 2453 accurateque
591 2398 718 2439 omnia
741 2398 865 2439 sancti
889 2399 1155 2454 evangelistae
1177 2398 1370 2438 narrando
1396 2396 1590 2451 complexi
1612 2397 1712 2437 sint:

166 2468 373 2524 praecipue
407 2465 539 2508 Lucas
576 2467 743 2507 animum
777 2467 823 2507 ab
854 2467 1107 2508 inferioribus
1143 2468 1188 2507 ad
1222 2466 1423 2522 superiora
1455 2466 1632 2506 referens
1663 2465 1715 2506 ita

166 2536 322 2578 scribit:
365 2539 421 2576 Ec
445 2544 531 2575 erat
550 2539 656 2575 ‚Iesus
678 2539 857 2588 incipiens
884 2551 963 2576 esse
988 2539 1100 2590 quasi
1116 2551 1298 2576 annorum
1322 2536 1456 2582 XXX,
1488 2535 1626 2586 filius,
1672 2542 1714 2573 nl
1730 2544 1894 2581 Luc.3‚23.

161 2607 393 2658 putabatur,
438 2607 599 2657 Iosepla'.
665 2603 779 2659 Quod
807 2612 934 2645 autem
964 2605 1206 2645 solummodo
1239 2610 1420 2659 putatur,
1465 2601 1622 2644 minime
1656 2610 1716 2644 est

167 2674 312 2730 reipsa.
368 2672 445 2715 Sed
468 2674 589 2729 patris
613 2674 738 2714 vicem
764 2671 954 2729 Iosephus
976 2674 1139 2728 gerebat
1162 2674 1224 2713 ille
1246 2672 1414 2726 quidem,
1442 2671 1542 2725 quod
1568 2672 1618 2712 ita
1641 2672 1713 2713 deo

167 2743 387 2798 placuerat3
422 2750 532 2798 pater
554 2756 650 2783 vero
673 2757 748 2783 non
775 2750 874 2794 erat,
910 2750 950 2783 ut
973 2743 1036 2797 qui
1059 2756 1252 2795 nunquam
1275 2753 1317 2780 se
1339 2754 1424 2780 cum
1444 2737 1574 2781 Maria
1597 2755 1714 2796 copu-

168 2811 289 2864 larat,
335 2811 409 2852 nisi
436 2813 535 2866 quod
557 2811 659 2852 illius
684 2811 745 2852 vir
770 2811 982 2866 appellatus
1006 2818 1090 2861 est,
1135 2809 1235 2863 quod
1261 2822 1345 2848 eam
1369 2821 1495 2849 senex
1517 2809 1711 2861 duxisset,

170 2893 272 2921 anno
292 2880 432 2921 aetatis
458 2879 541 2935 plus
567 2880 693 2920 minus
718 2877 922 2931 LXXX.‚
957 2894 1041 2920 cum
1068 2878 1141 2918 iam
1165 2877 1310 2917 liberos
1336 2891 1410 2918 sex
1432 2891 1452 2918 e
1478 2876 1598 2933 priori
1622 2892 1714 2918 con-

169 2948 258 3002 iuge
281 2949 519 3000 sustulisset,
553 2948 652 2989 hanc
672 2962 768 2990 vero
791 2948 1047 3004 posteriorem
1069 2945 1255 3000 singulari
1276 2945 1337 2986 dei
1358 2946 1602 3001 providentia
1622 2945 1711 2997 sihi,

246 3014 361 3051 Corpus
378 3014 558 3044 naereseol.
578 3015 614 3043 11.
633 3017 659 3044 2.
1413 3019 1437 3058 5
