2066 3319
472 186 650 218 PANARu
679 186 760 217 ΜΒ.
779 187 819 217 u.
844 187 950 218 Toxi.
973 189 998 218 1.
1025 188 1154 219 HAER.
1180 188 1300 220 [ᾔειν.
1575 180 1651 220 291

118 274 203 320 post
228 265 454 319 baptismum
484 265 628 304 nullum
655 265 729 305 iam
755 265 884 305 scelus
918 274 1254 320 perpetraremus,
1291 275 1539 322 posteaquam
1570 283 1658 323 pec-

117 341 242 374 catum
270 347 288 372 a
314 333 425 372 nobis
448 333 619 373 funditus
643 338 753 372 esset·
770 347 883 372 omne
907 335 1116 375 sublatum.
1181 336 1300 388 Atqui
1324 337 1437 375 etiam
1464 344 1550 390 post
1572 350 1657 376 sus-

116 409 263 455 ceptam
299 401 408 440 tidem
435 401 680 440 sanctissima
714 402 777 440 illa
809 415 930 455 aquae
961 402 1105 442 lotione
1139 404 1282 457 perfusi
1307 404 1476 457 peccatis
1501 405 1657 459 saepius

115 469 408 523 obstringimur.
472 468 614 522 Neque
639 469 738 509 enim
763 470 859 509 adeo
885 484 928 509 se
954 470 1160 510 iunnuneni
1187 471 1233 510 ab
1257 472 1360 510 omni
1385 485 1472 511 esse
1499 480 1657 527 peccato

114 537 272 590 gloriari
306 537 494 591 quispiam
522 544 670 592 potest,
707 545 744 578 ut
770 551 816 577 ne
850 538 1085 591 cogitatione
1115 538 1265 592 quidem
1293 539 1408 578 ullum
1434 541 1561 580 scelus
1593 541 1659 580 ad-

113 606 253 645 mittat.
317 604 382 645 Ex
408 620 483 659 quo
507 619 752 659 consequens
784 613 842 646 est
871 607 1027 660 reprimi
1057 607 1207 660 quidem
1238 620 1281 646 ac
1316 607 1511 662 consopiri
1544 609 1657 648 modo

115 672 186 712 fide
209 680 433 728 peccatum,
469 688 515 713 ne
541 674 783 728 perniciosos
808 676 954 714 l'ructns
980 675 1145 723 emittat,
1181 689 1256 715 non
1281 675 1438 715 omnino
1462 683 1589 716 tamen
1614 691 1658 716 ac

113 741 298 781 radicitus
320 741 512 795 extingui.
570 740 767 794 Quocirca
791 757 892 782 nuuc
913 741 1016 781 illius
1038 741 1188 795 quidem
1211 744 1402 796 germina,
1439 758 1577 798 pravas
1602 745 1659 784 ni-

113 810 250 850 mirum
275 810 556 863 cogitationes,
590 810 830 860 inhibemus,
866 824 913 850 ne
935 824 1007 863 qua
1028 813 1142 849 radla-
1162 814 1425 850 (tttzam'lmle'm's
1448 825 1655 866 erumpens
1671 821 1862 856 Hebr12‚15.

114 877 329 918 molestiam
357 878 467 918 nobis
492 878 651 929 afferat3
687 893 757 918 nec
793 885 946 933 apertas
981 879 1026 918 ad
1061 879 1322 933 pullulandum
1350 880 1434 919 vias
1465 894 1509 920 ac
1536 880 1660 934 spira-

114 953 242 986 menta
269 946 470 986 debiscere
495 960 540 986 ac
565 947 737 1000 patelieri
763 946 950 996 sinimus,
986 948 1224 1001 proindeque
1251 948 1382 987 divino
1406 948 1527 988 verbo
1553 948 1661 988 velut

113 1014 241 1054 securi
269 1015 431 1068 quadam
458 1015 685 1055 fruticantes
706 1014 914 1055 identidem
941 1015 987 1055 ab
1008 1016 1137 1055 radice
1161 1016 1302 1070 stirpes
1325 1017 1557 1056 excidimus.
1606 1017 1662 1056 At

112 1082 150 1121 in
184 1083 314 1123 futuro
345 1082 409 1123 illo
441 1090 543 1122 statu
577 1083 664 1123 mali
698 1083 822 1123 omnis
855 1084 917 1122 vel
950 1084 1134 1137 cogitatio
1168 1085 1339 1124 tolletur.
1716 1109 1794 1149 Cap.

219 1149 360 1205 Neque
386 1165 480 1192 vero
503 1152 603 1205 quod
630 1151 791 1192 dicimus
815 1152 1092 1205 scripturarum
1119 1153 1341 1193 testimonio
1363 1159 1484 1203 caret,
1518 1153 1549 1192 si
1575 1153 1658 1206 quis
1676 1155 1842 1210 XXJ'x'JU-

112 1222 315 1259 veritatem
343 1220 496 1260 sincere
524 1220 692 1273 proliteri
719 1220 827 1260 velit.
889 1219 993 1261 Nam
1021 1228 1058 1260 et
1085 1221 1283 1275 apostolus
1317 1221 1463 1276 peccati
1491 1221 1658 1262 radicem
1679 1200 1841 1243 (XXXI)

114 1288 280 1327 nondum
319 1302 371 1328 ex
405 1288 622 1329 hominibus
656 1288 776 1328 sensit
812 1290 969 1329 omnino
1003 1289 1216 1340 sublatam,
1263 1304 1348 1329 eum
1380 1290 1434 1330 ita
1466 1290 1657 1344 loquitur:

112 1358 200 1395 Scio
226 1359 319 1395 em‘m
342 1360 441 1409 quod
458 1372 530 1396 non
555 1358 702 1395 leubilat
722 1361 759 1396 in
783 1373 852 1405 me,
887 1360 956 1397 hoe
980 1366 1035 1397 est
1053 1361 1089 1397 e‘n
1114 1373 1228 1397 carne
1249 1372 1341 1405 mea,
1378 1359 1534 1398 bonum:
1568 1361 1661 1398 velle
1676 1368 1763 1398 Rom.
1781 1370 1863 1406 7,18.

113 1429 208 1465 em'm
233 1429 380 1465 adiacet
399 1428 510 1473 me'lze',
542 1427 726 1477 perficere
746 1434 867 1464 aulem
888 1428 1020 1466 bonum
1043 1430 1211 1466 minime:
1245 1441 1318 1466 non
1341 1430 1435 1466 em'm
1459 1430 1558 1479 quod
1580 1430 1659 1467 volo

110 1496 214 1547 facio
239 1496 385 1541 bonum,
420 1497 486 1533 sed
506 1497 605 1546 quod
624 1497 709 1533 nolo
731 1497 888 1542 malam,
924 1497 993 1534 hoc
1005 1497 1139 1548 facio.-
1172 1499 1210 1533 se·
1226 1503 1346 1534 aulem
1368 1498 1468 1547 quod
1484 1498 1570 1534 nolo
1593 1498 1662 1535 hoc

111 1565 235 1615 sileio,
270 1578 343 1602 mm
367 1566 439 1601 ι’(ιηι
470 1577 538 1613 ego
564 1565 723 1614 perficio
749 1565 865 1610 illud,
900 1566 966 1601 sed
988 1566 1087 1614 quod
1121 1564 1269 1601 habitat
1298 1566 1335 1601 t'le
1367 1578 1422 1602 me
1446 1572 1654 1615 peccalum.

114 1629 221 1671 Idem
252 1631 364 1671 illud:
410 1633 653 1670 Comleleelor
676 1633 756 1682 legi
774 1634 836 1669 dee·
855 1634 1055 1670 secandune
1081 1634 1293 1670 z‘lelerz'orem
1318 1634 1522 1671 hominem:
1557 1635 1660 1672 video

113 1707 237 1738 autem
260 1702 372 1738 aliam
396 1702 512 1751 legem
540 1703 576 1738 1⁴12
602 1701 774 1738 membris
804 1703 892 1738 meis
916 1708 1183 1751 repugnantem
1210 1702 1290 1751 legi
1311 1703 1442 1739 menle‘s
1468 1715 1591 1749 meae,
1626 1708 1664 1739 et

116 1771 262 1807 omnino
294 1771 542 1820 captivantem
576 1783 631 1806 me
665 1771 745 1819 legi
767 1771 933 1819 peecali,
968 1783 1062 1820 quae
1084 1776 1139 1806 est
1169 1771 1206 1807 ιἸι
1232 1770 1403 1807 membris
1436 1773 1538 1808 meis.
1603 1766 1659 1808 Ita

116 1837 284 1876 nondum
312 1844 510 1891 peccatum
541 1836 587 1876 ab
620 1836 712 1890 ipsis
746 1836 939 1876 radicibus
977 1835 1107 1876 excidi
1136 1836 1288 1890 penitus
1320 1837 1456 1891 potuit.
1519 1835 1661 1891 Neque

118 1905 218 1944 enim
250 1904 419 1944 funditus
455 1911 515 1944 est
546 1905 786 1954 extinctum,
829 1905 895 1944 sed
923 1905 1134 1944 etiamnum
1160 1905 1270 1944 vivit.
1335 1903 1411 1958 Qui
1444 1905 1546 1945 enim
1580 1905 1661 1945 fieri

115 1972 217 2013 istud
245 1980 398 2027 posset,
435 1981 640 2027 antequam
670 1973 784 2012 liomo
809 1973 920 2012 morti
950 1979 1057 2014 esset
1081 1973 1279 2022 addictus,
1316 1981 1355 2014 ut
1380 1988 1465 2013 cum
1496 1987 1542 2013 eo
1575 1987 1661 2013 cor-

117 2048 269 2096 ruptum
297 2049 412 2096 atque
435 2048 702 2096 consumptum
728 2042 898 2081 funditus
922 2041 1072 2095 quidem
1098 2042 1221 2096 ipsum
1246 2042 1500 2095 extinguatur
1531 2049 1569 2082 et
1597 2055 1662 2096 pe-

117 2117 223 2159 reat,
257 2110 408 2163 plantae
432 2109 578 2160 instar,
616 2124 713 2164 quae
736 2110 923 2150 dissoluto
947 2109 1011 2150 illo
1034 2110 1072 2150 in
1096 2125 1171 2164 quo
1193 2110 1332 2150 abditis
1356 2125 1445 2150 sese
1467 2110 1660 2150 radicibus

117 2178 377 2219 conservabat
403 2179 606 2228 emoritur,
643 2179 756 2218 hoino
785 2192 879 2218 vero
904 2178 1044 2222 nullam
1072 2179 1145 2218 iam
1170 2178 1325 2219 insitam
1350 2179 1496 2218 liabens
1520 2178 1660 2217 amari-

119 2247 261 2287 tudinis
286 2248 454 2288 radicem
478 2249 522 2287 ad
549 2247 665 2287 vitam
692 2247 896 2301 resurgat?
957 2245 1089 2301 ltaque
1113 2247 1158 2287 ad
1184 2255 1382 2302 peccatum
1407 2247 1513 2287 velut
1539 2246 1660 2286 extir-

119 2316 283 2370 pandum
307 2316 536 2370 penitusque
559 2316 760 2356 delendum
792 2315 1000 2370 opitulator
1024 2323 1160 2356 noster
1183 2331 1227 2357 ac
1250 2330 1343 2356 vere
1368 2315 1539 2355 medicus
1566 2315 1660 2354 deus

118 2390 282 2424 mortem
304 2385 411 2439 quasi
441 2384 632 2425 auxiliare
656 2384 844 2438 quoddam
869 2384 1189 2424 medicamentum
1214 2383 1408 2433 adhibuit,
1444 2397 1491 2423 ne
1519 2383 1658 2423 malum

118 2451 157 2492 in
181 2452 308 2502 n‹›bi5‚
344 2460 476 2508 utpote
500 2452 795 2503 immortalibus,
830 2452 1040 2492 excitatum
1062 2452 1338 2507 sempiternum
1366 2458 1554 2500 maneret,
1589 2464 1660 2491 nos

120 2528 246 2561 autem
273 2522 439 2575 pessime
467 2522 592 2561 affecti
621 2528 659 2561 et
690 2536 709 2560 a
735 2521 889 2576 propria
910 2520 1055 2560 virtute
1081 2522 1364 2575 aegrotantium
1398 2534 1505 2560 inore
1536 2519 1660 2559 desci-

119 2597 276 2630 scentes
301 2590 442 2630 diutius
475 2591 511 2630 in
546 2603 592 2630 eo
627 2596 728 2629 statu
755 2603 1024 2639 maneremus,
1070 2604 1154 2629 cum
1188 2590 1384 2643 ingentem
1416 2602 1469 2629 ex
1500 2594 1659 2643 peccato

119 2657 296 2698 morbum
321 2657 358 2698 in
386 2659 581 2714 perpetuis
602 2672 646 2698 ac
669 2657 917 2713 sempiternis
947 2657 1175 2713 corporibus
1198 2658 1407 2697 alerenins.
1469 2654 1660 2697 Proinde-

121 2741 194 2781 que
213 2727 259 2767 ad
281 2726 480 2781 utriusque
500 2727 869 2782 repraesentandam
892 2726 1055 2767 salutem
1076 2727 1227 2766 animae
1248 2724 1399 2765 seilicet
1420 2738 1463 2765 ac
1484 2725 1659 2780 corporis

169 2875 220 2907 17.
246 2876 342 2916 Vulgo
373 2874 456 2918 πρὸς
484 2872 546 2914 τὰς
572 2875 682 2918 ῥίζας,
719 2881 751 2908 ut
774 2878 867 2908 eliam
914 2874 968 2918 qui
999 2873 1120 2905 securis
1156 2873 1259 2904 instar
1295 2872 1336 2904 ad
1371 2872 1496 2905 radices
1532 2872 1661 2916 positae

124 2922 269 2952 Galland.
316 2923 377 2953 Sed
397 2923 476 2953 illud
498 2920 581 2962 πρὸς
602 2923 639 2953 de
660 2925 805 2961 proxima
830 2924 867 2953 li-
913 2920 1059 2962 gei-mina
1080 2918 1157 2949 inde
1177 2917 1358 2950 identidem
1379 2918 1661 2962 progerminantia

122 2975 180 2997 nea
200 2967 330 3005 irrepsit.
378 2968 513 2998 Retimu't
536 2969 709 2999 Gataherus
729 2971 781 3007 qui
800 2977 868 2998 ver·
915 2965 1071 2996 excidit-‘¹

124 3014 178 3041 til:
203 3029 272 3048 ‚.—
292 3012 451 3043 sermonis
475 3012 576 3044 divini
599 3024 662 3055 ope
687 3012 727 3044 ad
750 3012 782 3044 id
808 3013 865 3047 nsi,
965 3013 1012 3042 15.
1037 3008 1075 3044 δὲ
1099 3021 1158 3042 uon
1181 3011 1268 3041 habet
1291 3012 1438 3042 Gcillaml.

1290 3068 1387 3109 19*
