2066 3319
499 203 679 236 PANARII
703 204 788 236 ΜΒ.
810 206 848 236 n.
870 205 979 236 ToM.
999 207 1023 236 1.
1050 205 1179 238 HAER.
1202 205 1323 237 inv.
1605 194 1684 233 313

145 282 276 323 dicare
299 283 521 324 videantur.
574 283 720 338 Aspice
743 284 907 334 semina,
943 299 1040 338 quae
1064 286 1164 325 nuda
1190 300 1233 325 ac
1256 299 1373 326 carue
1399 283 1586 325 destituta
1611 288 1687 321 ter-

143 365 208 391 rae
235 352 482 403 mandantur,
517 351 655 392 debinc
682 353 852 407 perlecta
875 361 1215 408 consummataque
1239 355 1464 394 redduntur.
1526 349 1630 392 Nam
1655 349 1686 390 si

142 427 391 460 morerentur
416 421 568 475 quidem
593 434 637 460 ac
669 427 939 475 putrescerent
960 422 1130 473 semina,
1165 436 1212 462 ne
1237 435 1286 462 ex
1312 422 1369 461 his
1396 421 1599 476 quicquam
1626 432 1689 458 re-

141 487 351 528 vivisceret
378 504 423 529 ac
451 489 655 543 pollularet
679 488 778 529 aliud
795 521 804 539 ,
840 503 938 543 quae
961 504 1047 530 sors
1072 497 1179 530 esset
1202 490 1275 529 alia
1301 504 1429 530 rerum
1454 497 1569 544 atque
1595 501 1688 527 con-

141 555 232 595 ditio
266 570 376 610 quam
412 565 450 597 ut
482 557 609 597 omnia
643 565 766 598 morte
798 566 1024 613 consumpta
1058 559 1209 613 penitus
1243 558 1494 598 occiderent?
1746 579 1826 620 Cap.

254 622 332 665 Sed
359 625 404 665 de
431 625 488 666 bis
513 625 687 680 pluribus
709 627 922 681 disputare,
957 627 1097 681 optime
1118 626 1353 681 Tbeopliile,
1391 641 1537 680 vosque
1562 625 1686 668 ceteri
1710 624 1893 701 (ἓξὲξ-Π)

139 707 362 734 sermonum
388 701 611 734 nostrorum
636 695 794 745 arbitri,
837 695 873 734 in
907 694 1126 749 praesentia
1151 694 1508 749 supersedebimus.
1572 694 1685 748 Quae

139 775 234 802 vero
257 762 304 802 iis
329 770 593 803 consentanea
619 777 662 803 ac
688 762 967 816 consequentia
1000 769 1112 813 sunt,
1146 763 1337 816 quomodo
1370 763 1518 803 scilicet
1551 765 1685 818 procul

138 830 185 870 ab
208 844 327 885 scopo
352 831 569 882 aberrarit,
605 832 788 886 deinceps
817 831 1033 871 videamus.
1097 830 1252 871 Etenim
1285 831 1348 871 ille
1375 831 1420 871 de
1446 832 1583 872 animis
1607 833 1685 872 dis-

137 912 275 940 serens
309 899 355 939 ad
386 898 582 940 Psalmum
608 897 764 948 LXV„
811 913 922 953 quem
959 899 1129 940 violenta
1165 901 1326 954 quadam
1363 900 1685 954 interpretatione.

137 967 341 1021 alienaque
364 968 551 1009 declarat,
614 967 986 1019 Resurrectionem,
1022 969 1186 1009 animam
1209 977 1249 1008 ut
1271 968 1500 1009 delictorum
1524 983 1682 1010 suorum

138 1051 283 1093 poenas
320 1037 524 1087 exsolvat,
567 1035 605 1076 in
638 1036 735 1076 banc
770 1050 927 1076 carnem
963 1037 1069 1078 velut
1098 1037 1135 1077 in
1167 1037 1343 1092 laqueum
1380 1038 1542 1090 coniici3
1584 1039 1682 1092 quod

138 1105 326 1147 stultitiae
351 1106 475 1160 magis
497 1119 609 1160 quam
633 1105 813 1145 sincerae
839 1105 924 1145 fidei
948 1106 1193 1146 tribuendum
1218 1114 1292 1146 est.
1356 1105 1458 1146 Nam
1484 1121 1568 1147 cum
1594 1114 1683 1147 ante

138 1174 320 1215 violatum
346 1174 404 1214 dei
430 1175 672 1224 mandatum,
707 1180 747 1214 ut
772 1179 886 1214 antea
912 1174 1238 1225 monstravimus,
1273 1175 1501 1230 corporibus
1535 1175 1687 1230 praedi-

138 1250 199 1284 tae
223 1243 367 1284 fuerint
392 1243 559 1294 animae,
594 1256 759 1297 quonam
782 1250 894 1297 pacto
917 1244 1128 1284 secundum
1156 1243 1333 1283 delictum
1354 1243 1497 1284 includi
1522 1258 1687 1298 corpore.

138 1318 370 1367 potuerunt,
405 1312 442 1352 in
474 1327 573 1366 qno,
608 1311 828 1366 priusquam
863 1326 1003 1367 corpus
1036 1312 1264 1362 induerent,
1298 1312 1336 1352 in
1366 1320 1564 1367 peccatum
1597 1326 1686 1366 pro-

137 1381 268 1435 lapsae
302 1381 416 1420 sunt?
475 1379 615 1434 Neque
644 1394 739 1420 vero
770 1379 829 1419 sui
853 1394 1011 1435 compos
1042 1388 1101 1421 est
1134 1381 1196 1435 qui
1227 1381 1323 1421 alias
1355 1389 1511 1436 propter
1543 1395 1683 1436 corpus

137 1462 322 1504 peccasse
348 1456 454 1503 putat
477 1449 640 1498 animas,
676 1448 787 1499 alias,
821 1456 1024 1503 postquam
1047 1449 1313 1504 peccaverint,
1349 1451 1484 1490 eodem
1508 1451 1573 1491 illo
1598 1465 1685 1490 cor-

137 1532 229 1574 pore
254 1524 434 1571 tanquam
464 1517 602 1558 vinclis
627 1531 672 1557 ac
695 1517 943 1572 compedibus
967 1518 1087 1558 fuisse
1115 1519 1332 1558 damnatas.
1396 1518 1438 1559 Si
1470 1519 1569 1559 enim
1596 1534 1686 1574 pro—

137 1594 222 1642 pter
245 1600 384 1641 corpus
407 1586 656 1640 deliquerint,
691 1600 774 1625 cum
797 1599 844 1626 eo
865 1586 926 1626 vel
950 1593 1037 1626 ante
1064 1595 1260 1642 peccatum
1285 1587 1516 1628 coniunctae
1541 1588 1685 1628 suerint

136 1662 304 1710 oportet.
366 1654 526 1709 Alioqui
557 1661 715 1709 propter
751 1655 785 1694 id
821 1656 920 1709 qnod
954 1656 1121 1695 nondum
1155 1656 1341 1696 extiterat
1372 1670 1556 1712 peccasse
1588 1671 1682 1711 quo-

135 1724 249 1764 modo
275 1724 508 1778 potuerunt?
568 1721 680 1776 Quod
707 1724 739 1763 si
768 1724 911 1763 vinculi
938 1725 1023 1764 loco
1046 1725 1320 1780 compedisque
1344 1740 1484 1780 corpus
1508 1733 1567 1766 est
1599 1725 1684 1765 ani-

136 1806 237 1842 mae,
273 1807 349 1832 non
374 1793 448 1832 iam
472 1791 625 1846 utrique
649 1792 762 1832 simul
786 1800 860 1844 est,
897 1793 964 1833 sed
986 1793 1136 1834 animae
1161 1794 1349 1834 duntaxat
1372 1794 1520 1849 peccati
1543 1808 1683 1834 caussa

135 1861 356 1902 tribuenda.
421 1860 522 1914 Quid
547 1868 604 1901 est
628 1862 729 1900 enim
754 1864 853 1915 quod
879 1862 1090 1902 secundum
1116 1869 1315 1917 peccatum
1350 1863 1383 1902 ei
1415 1863 1477 1916 qui
1511 1862 1683 1917 peccarit

133 1929 349 1984 infligitur?
410 1928 576 1969 Vincula
617 1929 796 1970 nimirum
839 1945 883 1970 ac
922 1931 1129 1985 compedes
1160 1938 1360 1986 parantur.
1432 1930 1518 1972 Nos
1551 1939 1679 1972 autem

135 2000 249 2055 paulo
275 1999 366 2038 illud
389 2005 477 2038 ante
500 1998 736 2048 fatebamur,
771 2012 910 2052 corpus
934 1999 1085 2039 animae
1108 1998 1303 2040 vinculum
1329 2014 1416 2040 esse
1442 2015 1518 2040 non
1546 2015 1678 2056 posse,

135 2068 314 2123 quoniam
347 2068 392 2108 ad
418 2075 647 2121 utrumque,
682 2074 756 2106 tam
782 2067 922 2107 iustum
947 2068 1099 2108 scilicet
1123 2082 1234 2122 quam
1262 2068 1471 2119 iniustum,
1506 2070 1682 2109 ministe-

134 2138 192 2178 rio
220 2136 395 2191 corporis
419 2136 666 2176 adiuvantur.
717 2135 771 2176 At
791 2137 985 2177 vinculum
1011 2137 1057 2177 ab
1082 2151 1128 2177 eo
1156 2138 1254 2192 quod
1281 2138 1466 2178 iniustum
1494 2146 1552 2178 est
1574 2154 1677 2178 com-

133 2206 321 2247 mittendo
347 2219 418 2245 nos
441 2204 632 2259 probibet.
698 2202 762 2245 Ex
787 2219 862 2259 quo
887 2206 1067 2257 alterum,
1103 2206 1155 2246 uti
1180 2207 1366 2257 diximus,
1402 2221 1422 2247 e
1447 2207 1594 2247 duobus
1617 2221 1680 2247 se-

133 2275 285 2329 qnitur:
321 2281 387 2315 aut
409 2274 511 2314 enim
535 2273 645 2313 initio
671 2288 756 2314 cum
782 2288 944 2329 corpore
977 2275 1248 2330 peccavimus,
1285 2289 1356 2316 nec
1384 2276 1499 2316 ullum
1529 2283 1679 2330 tempus

134 2350 296 2400 apparet
335 2357 410 2398 quo
442 2342 527 2383 sine
565 2357 729 2398 corpore
767 2343 974 2393 fuerimus,
1019 2351 1155 2399 estque
1191 2344 1381 2385 bonorum
1414 2344 1678 2399 malorumque

135 2426 273 2454 caussa
293 2426 378 2452 eum
401 2412 528 2452 anima
552 2412 808 2452 communiter
830 2427 994 2467 corpus:
1029 2420 1093 2453 aut
1116 2421 1191 2453 tum
1216 2420 1413 2468 peccatum
1435 2413 1676 2464 admisimus,

135 2497 219 2523 cum
247 2482 343 2522 eitra
375 2496 516 2536 corpus
544 2481 799 2534 degeremus,
835 2488 875 2521 nt
900 2482 946 2521 ab
978 2483 1079 2522 omni
1106 2482 1273 2522 malitiae
1297 2482 1407 2536 culpa
1433 2496 1574 2537 corpus
1605 2483 1676 2522 im-

133 2565 249 2592 mune
274 2550 339 2591 sit.
403 2550 522 2605 Atqui
553 2550 652 2589 nulla
683 2549 768 2590 sine
800 2565 964 2605 corpore
990 2551 1153 2592 rationis
1179 2558 1341 2606 experte
1367 2550 1563 2606 voluptate
1596 2553 1678 2606 capi

133 2621 261 2660 anima
293 2626 445 2674 potest3
487 2618 701 2659 cuiusmodi
735 2618 845 2673 primi
876 2620 998 2660 nostri
1026 2628 1207 2675 parentes
1230 2618 1413 2660 illecebra
1439 2621 1537 2674 capti
1562 2635 1676 2676 supe-
1697 2633 1772 2660 Gen.
1794 2634 1817 2661 3.

133 2689 286 2743 ratique
312 2695 418 2729 sunt.
483 2688 625 2728 Anima
649 2686 767 2741 igitur
795 2689 947 2742 corpori
979 2688 1185 2729 coniuncta
1220 2689 1287 2728 l'uit
1319 2688 1434 2729 etiam
1467 2697 1557 2729 ante
1591 2704 1679 2745 pec-

134 2765 278 2798 catum.

134 2862 235 2900 yenda
258 2869 345 2892 nemo
368 2871 429 2893 non
454 2862 546 2892 videt.
928 2864 1010 2902 quod
1033 2863 1180 2893 sententia
1202 2861 1347 2900 postulat.

180 2905 210 2937 4.
238 2908 345 2938 Vocem
367 2903 525 2947 ἀτοπίας,
550 2917 628 2947 qnae
648 2909 772 2948 excidit,
795 2910 881 2939 resti·
974 2907 1003 2940 7.
1030 2903 1259 2948 ἁμαρτήσασα
1291 2908 1478 2946 scripturam
1502 2909 1572 2939 libri
1594 2912 1679 2940 vetu-

136 2953 180 2981 tm'
204 2961 241 2982 ex
265 2954 330 2983 cod.
358 2955 474 2984 Veneto.
929 2956 986 2992 sti,
1020 2955 1120 2984 nescio
1152 2954 1259 2991 cuius,
1296 2956 1479 2984 annotatam
1510 2956 1612 2985 inveni
1647 2965 1679 2985 ιη

181 2997 211 3026 ς’).
236 2997 336 3038 σῶμα
360 3000 426 3030 cod.
454 3000 553 3030 l'enet.
930 3009 1028 3037 marg.
1065 2999 1198 3036 escempli
1231 2999 1411 3029 schottiani.
1478 2995 1677 3041 ἅμαρτῆςαν

181 3041 212 3074 6.
243 3044 324 3075 Libri
345 3046 436 3084 vulyo
453 3045 564 3076 habent
584 3045 644 3089 τῷ.
682 3047 809 3078 Correxi
830 3043 881 3086 τὸ,
929 3045 1056 3084 vutyata
1079 3045 1233 3082 scriptura
1258 3048 1309 3076 est.
