2030 3324
538 141 719 173 PANARH
745 141 830 172 Lm.
852 142 892 173 n.
911 142 1022 173 ΤοΜ.
1042 143 1080 173 n.
1108 142 1385 174 HAER.LX1X.
1650 134 1730 173 609

179 221 282 270 niat,
318 224 519 271 Eoesm’gat
539 222 650 267 deus,
685 229 721 258 e!
744 223 974 272 dtksepenlm·
1002 225 1147 260 sniumei
1165 225 1265 267 esus,
1301 235 1386 260 cum
1421 221 1574 261 interim
1597 221 1729 260 dome·
1758 231 1868 290 ligatqu-

177 288 263 328 stici
297 301 386 327 esse
418 287 638 328 videantur.
705 287 852 328 Verum
888 289 1015 329 nullus
1054 297 1115 329 est
1147 289 1362 329 domestico
1396 290 1506 329 hoste
1539 289 1727 329 deterior.
1787 275 1808 292 ⁴'
1832 287 1853 291 ”

178 359 328 395 Inimica·
346 359 441 396 enim
463 358 623 395 hominis
643 371 766 395 omnes
797 359 993 396 domestici
1019 361 1112 396 eius.
1180 356 1293 410 Quod
1335 358 1456 411 ipsum
1486 358 1664 398 fortassis
1693 364 1730 396 et
1752 361 1865 423 &3⁰33-

179 424 214 464 in
247 423 332 464 istis
366 424 491 464 locum
524 424 654 464 liabet.
1803 416 1810 427 ’

288 559 392 600 Nam
416 560 637 615 rapidorum
663 576 801 601 canum
826 576 934 602 more
957 570 1137 615 tanquam
1164 562 1200 601 in
1226 561 1404 601 inimicos
1428 562 1618 601 insiliunt.
1670 560 1725 602 lta
1753 564 1831 604 (Jap.
1863 562 1935 597 XV

178 641 272 670 vero
298 628 448 669 iactare
474 635 513 668 et
537 628 784 684 interrogare
812 630 963 670 solent:
1012 628 1114 682 Quid
1151 628 1246 668 dicis
1281 630 1326 668 de
1365 629 1423 668 dei
1459 630 1561 669 lilio?
1624 628 1732 670 llaec

178 697 357 737 nimirum
386 697 539 737 illorum
567 698 730 738 artilicia
757 706 870 749 sunt,
906 698 1044 752 quibus
1068 697 1175 737 virus
1203 711 1313 737 suum
1345 698 1623 751 simpliciorum
1650 699 1732 739 ani·

178 765 250 805 mis
274 764 481 806 instillant.
545 765 790 820 Quamquam
821 767 908 820 quid
934 766 979 805 ad
1007 766 1101 805 liaec
1131 765 1242 806 adiici
1268 772 1409 819 potest,
1446 774 1645 820 postquam
1673 767 1733 806 dei

179 833 278 873 filius
305 833 521 888 appellatus
549 835 635 873 est?
695 832 729 875 Ο
757 834 933 874 homines
960 834 1056 888 apud
1081 834 1315 888 semetipsos
1342 835 1557 889 sapientes,
1592 841 1629 874 et
1653 834 1734 889 opi-

180 902 298 942 nione
325 916 393 942 sua
431 916 474 942 ac
505 902 634 955 specie
667 909 781 943 tenus
808 902 972 942 eruditi!
1039 901 1140 954 Quid
1165 909 1225 941 est
1254 903 1353 956 quod
1387 903 1431 941 ad
1470 917 1610 942 nomeu
1645 901 1734 942 lesu

179 971 301 1024 possit
333 971 546 1020 accedere,
582 969 654 1009 nisi
684 970 880 1023 legitimus
915 970 1035 1024 patris
1061 970 1183 1020 lilius,
1219 970 1266 1009 ab
1293 984 1416 1024 eoque
1443 971 1652 1024 productus
1681 970 1735 1010 di-

178 1045 311 1089 catur,
346 1052 416 1078 nec
440 1038 515 1078 ulla
542 1037 693 1078 ratione
718 1038 925 1079 diversus?
987 1037 1065 1079 Sed
1092 1038 1256 1078 subinde
1282 1053 1366 1078 eum
1392 1039 1472 1078 risu
1501 1053 1545 1078 ac
1569 1037 1735 1079 ludibrio

178 1106 234 1146 sic
259 1106 471 1146 invadunt:
519 1104 726 1158 Quomodo
751 1121 773 1146 a
799 1108 871 1147 deo
896 1121 984 1148 esse
1008 1108 1162 1161 potest?
1223 1105 1336 1160 Quod
1369 1107 1401 1146 si
1438 1106 1628 1161 quispiam
1660 1106 1736 1146 sei-

177 1175 363 1225 scitetur,
409 1174 510 1214 sitne
538 1175 636 1215 filius
672 1189 819 1227 necne,
864 1175 986 1216 verbo
1018 1175 1170 1229 quidem
1208 1174 1325 1215 filium
1362 1188 1450 1215 esse
1482 1174 1733 1224 confitentur,

179 1244 309 1298 reipsa
333 1257 430 1283 vero
457 1257 502 1283 ac
527 1243 722 1283 sententia
745 1251 907 1299 negant,
943 1257 1108 1298 eumque
1136 1244 1309 1298 spurium
1338 1243 1514 1293 omnino,
1550 1257 1621 1283 nec
1646 1256 1735 1297 ger-

180 1326 335 1352 manum
370 1312 560 1351 affirmare
594 1312 766 1352 student.
828 1311 932 1353 Nam
962 1312 1018 1363 si,
1054 1311 1254 1366 inquiunt,
1297 1326 1319 1352 a
1343 1312 1415 1351 deo
1443 1318 1526 1362 est,
1571 1324 1736 1365 eumque

180 1380 275 1420 deus
300 1394 352 1420 ex
372 1394 461 1420 sese
486 1381 644 1433 genuit,
678 1380 750 1420 hoc
774 1388 834 1421 est
860 1381 1013 1435 propria
1040 1394 1093 1421 ex
1121 1380 1320 1435 hypostasi
1348 1387 1413 1420 aut
1438 1380 1612 1420 essentia
1629 1412 1638 1430 ,
1675 1380 1735 1420 vel

181 1456 333 1489 tumore
367 1449 558 1488 distentus
592 1456 674 1498 est,
720 1449 780 1489 vel
816 1456 971 1499 sectus,
1020 1449 1079 1489 vel
1117 1449 1153 1488 in
1190 1448 1415 1503 generando
1456 1448 1639 1488 dilatatus
1672 1455 1737 1488 aut

181 1524 405 1557 contractus
429 1525 505 1567 est,
533 1524 600 1556 aut
622 1517 789 1571 aliquam
816 1532 947 1558 earum
967 1517 1218 1558 affectionum
1239 1531 1336 1570 quae
1358 1516 1535 1570 corporis
1557 1516 1737 1570 propriae

181 1592 272 1626 sunt
291 1585 527 1625 sustinuisse
557 1585 744 1626 dicendus
768 1594 842 1626 est.
908 1584 987 1627 Sed
1024 1585 1175 1626 ridiculi
1215 1585 1325 1640 plane
1358 1592 1470 1635 sunt,
1505 1585 1592 1624 dum
1628 1592 1738 1624 natu-

182 1668 262 1694 ram
293 1667 403 1694 suam
434 1667 478 1693 ac
510 1654 771 1695 conditionem
810 1655 846 1694 in
877 1655 990 1695 deum
1025 1655 1291 1704 transferunt,
1327 1666 1491 1707 eumque
1520 1666 1572 1693 ex
1595 1653 1738 1708 seipsis

182 1721 329 1776 fingere
365 1728 403 1762 et
439 1721 669 1762 adumbrare
710 1730 916 1763 conantur.
990 1721 1100 1763 Nihil
1136 1722 1236 1762 enim
1275 1722 1378 1761 inest
1412 1721 1573 1761 istarum
1608 1735 1738 1761 rerum

182 1790 279 1841 deo,
313 1789 376 1844 qui
404 1790 555 1844 quidem
587 1791 746 1846 spiritus
782 1799 864 1841 est,
912 1798 950 1832 et
983 1791 1221 1845 unigenitum
1254 1789 1370 1830 [ilium
1401 1804 1545 1830 arcana
1577 1791 1738 1844 quadam

182 1858 336 1899 ratione
369 1860 574 1914 genuerit,
611 1874 708 1913 quae
737 1874 809 1900 nec
843 1859 1032 1914 explicari
1066 1859 1198 1899 verbis
1236 1859 1359 1914 possit
1398 1872 1469 1898 nec
1501 1858 1739 1913 cogitatione

183 1927 483 1982 comprehendi,
518 1935 557 1968 et
579 1928 626 1968 ab
653 1928 756 1968 omni
791 1928 876 1968 labe
900 1943 944 1968 ac
976 1928 1128 1969 macula
1162 1927 1425 1968 remotissima
1459 1927 1524 1967 sit.
1590 1925 1738 1968 Verum

182 1994 353 2047 instant,
387 2003 447 2047 et,
495 1994 539 2037 Si
567 2010 618 2036 ex
648 1997 793 2052 ipsius,
839 1996 1039 2051 inquiunt,
1084 1996 1257 2037 essentia
1290 1995 1500 2049 prodierit,
1545 1997 1740 2050 quomodo

183 2063 315 2105 iudicii
344 2064 444 2104 diem
473 2071 512 2105 et
545 2064 704 2117 horam,
750 2073 792 2106 ut
828 2065 911 2120 ipse
934 2072 1124 2116 testatur,
1159 2064 1340 2119 ignorat?
1401 2068 1455 2103 De
1482 2067 1561 2111 dle,
1598 2064 1942 2118 inquit,Ma1·e.1³,32

184 2134 250 2172 ae'llo
279 2140 317 2171 et
347 2135 441 2172 hora
475 2148 580 2172 nemo
606 2137 730 2181 novit,
765 2149 883 2186 neque
908 2136 1057 2185 angeli,
1092 2149 1211 2186 neque
1223 2135 1360 2185 filius,
1395 2135 1593 2172 ne‘sz‘solns
1611 2141 1735 2184 paler.

184 2200 246 2242 Ad
273 2201 366 2242 haec
393 2202 424 2242 si
455 2215 506 2242 ex
536 2209 643 2256 patre
669 2210 750 2254 est,
786 2203 979 2257 quomodo
1009 2203 1211 2243 descendit
1234 2202 1279 2241 ad
1311 2203 1497 2243 carnem?
1544 2207 1610 2241 aut
1641 2215 1739 2255 quae

184 2270 288 2311 nulla
312 2284 354 2311 re
379 2270 464 2325 capi
492 2270 763 2326 continerique
795 2278 935 2313 natura
969 2278 1119 2326 potest,
1155 2285 1313 2311 carnem
1340 2269 1487 2320 induit,
1523 2269 1554 2310 si
1581 2276 1739 2310 natura-

185 2338 276 2379 liter
306 2352 326 2378 a
360 2345 469 2394 patre
503 2339 723 2393 processit?

299 2405 386 2447 Nec
413 2408 503 2447 illud
530 2408 773 2462 intelligunt,
808 2415 949 2462 quanta
984 2423 1052 2449 sua
1087 2423 1172 2449 cum
1199 2406 1356 2449 infamia
1389 2406 1607 2447 istiusmodi
1636 2406 1740 2460 cogi·
1761 2409 1948 2453 Cap-XVI-

187 2475 357 2516 tationes
384 2475 614 2530 suscipiant.
666 2475 769 2517 Nam
793 2477 824 2518 si
849 2484 1007 2531 propter
1030 2491 1074 2517 ea
1100 2477 1200 2531 quod
1225 2491 1244 2516 a
1271 2476 1391 2530 patris
1416 2474 1588 2515 essentia
1614 2474 1742 2515 diver—

186 2558 254 2585 sus
277 2551 337 2585 est
367 2558 524 2584 carnem
558 2544 734 2585 induisse
759 2545 921 2595 dicitur,
968 2546 1004 2585 in
1031 2559 1153 2599 eaque
1186 2559 1322 2600 passus
1352 2551 1391 2584 et
1424 2543 1530 2583 cruci
1556 2543 1740 2593 suffixus,

186 2613 304 2654 velim
336 2612 427 2653 illud
457 2612 570 2653 nobis
595 2614 825 2664 ostendant,
868 2627 1058 2668 quaenam
1092 2627 1141 2653 ex
1169 2612 1409 2667 spiritalibus
1442 2611 1635 2652 creaturis
1667 2611 1743 2651 alia

188 2682 297 2735 (esse
336 2681 436 2721 enim
477 2681 660 2735 quasdam
698 2696 774 2722 non
806 2681 960 2722 dubium
996 2682 1074 2733 est)
1117 2694 1275 2721 carnem
1312 2680 1537 2735 sumpserit.
1599 2678 1742 2734 Neque

188 2749 289 2789 enim
319 2749 483 2790 inficiari
517 2757 681 2804 possunt
715 2750 832 2791 lilium
866 2750 1053 2804 dignitate
1088 2749 1248 2803 reliquis
1280 2748 1459 2789 omnibus
1486 2748 1740 2788 antecellere.

190 2817 250 2857 Ac
275 2818 429 2859 tametsi
454 2825 673 2859 creaturam
701 2818 805 2859 illum
833 2832 922 2859 esse
951 2818 1077 2857 (licant
1095 2850 1104 2867 ,
1139 2816 1390 2857 nihilominus
1414 2817 1594 2857 omnibus
1620 2816 1742 2871 ipsum

240 2966 317 2998 cst.
334 2967 427 2999 XVI.
452 2985 496 2991 —
547 2967 574 3000 1.
603 2963 696 3011 wius)
725 2968 791 3000 cod.
818 2967 945 3007 Rhediy.

267 3020 384 3057 Corpus
403 3021 584 3050 llaereseol.
605 3022 641 3049 11.
662 3024 686 3050 2.
1420 3027 1474 3065 39
