2056 3298
507 168 686 200 PANARn
711 168 791 200 Lm.
813 169 854 200 n.
881 168 987 201 ToM.
1010 169 1033 200 ι.
1058 168 1187 200 HAER.
1206 166 1359 198 XLvtn.
1646 155 1699 194 27

170 248 279 290 Pauli
303 261 441 289 zonam
466 248 629 302 arripuit
651 261 773 301 eaque
799 248 914 302 pedes
945 262 1037 287 suos
1065 248 1226 300 alligans
1253 247 1304 286 ita
1332 246 1482 286 locutus
1509 250 1592 284 est:
1638 246 1699 281 Vc·-

169 332 250 357 rum
278 320 383 356 cuius
413 324 468 355 est
497 318 587 354 haec
619 331 737 362 zona,
774 316 944 366 lig-abnue
968 318 1070 354 illum
1102 325 1136 354 ct
1165 318 1348 354 adducent
1379 317 1415 353 1‘11
1447 314 1693 352 Hierusalem.

168 384 231 425 Ad
268 385 361 424 haec
389 384 635 424 Antiochiam
669 384 875 438 prophetae
913 383 1061 437 quidam
1091 384 1247 423 venisse
1276 390 1504 431 narrantur,
1542 383 1698 421 samem-

170 467 241 507 que
264 453 462 493 nuntiasse
487 460 566 492 toto
592 459 783 492 terrarum
812 451 904 491 orbe
930 452 1111 491 l'utnram.
1173 449 1261 490 Nec
1288 465 1387 490 vana
1415 451 1696 504 praedictorum

169 522 262 561 tides
297 522 379 561 luit.
441 521 570 574 Atque
597 527 635 559 ut
664 534 777 560 veros
804 520 889 559 illos
925 519 1128 574 prophetas
1156 518 1275 557 l'nisse
1312 525 1568 567 monstraret,
1603 518 1699 557 scri-

169 596 279 644 ptura
304 590 429 629 statim
453 589 650 628 adiunxit:
688 592 788 639 Quae
801 590 911 641 sac-la
940 595 994 625 est
1015 589 1082 625 sub
1106 589 1260 625 Claudio
1286 590 1456 624 Caesare.
1523 588 1575 626 At
1600 585 1699 626 Pau-

169 657 228 697 lus
256 656 523 696 sanctissimus
547 656 742 710 apostolus
770 655 953 695 instinctu
979 655 1202 709 prophetico
1230 654 1349 693 dixit:
1385 650 1550 705 Spiritus
1580 659 1863 693 ‹111lem2.'1‘im.³‚
1882 659 1903 684 1-

173 727 367 778 ηιαιιζβσςῑε
389 728 501 772 dicit,
536 728 579 764 Ile
603 727 810 763 novissimis
838 724 964 762 diebus
991 724 1181 762 instabunt
1209 731 1371 774 tempora
1397 723 1568 774 dgffi'ce'le'a
1582 753 1590 769 ‚
1625 730 1695 761 ele.

170 791 266 833 Item
293 793 368 833 alio
394 793 430 833 in
458 793 567 832 loeo:
601 796 801 832 Deice-edent
829 795 974 844 quidam
1006 806 1028 830 (ι
1054 806 1146 831 sana
1170 793 1273 843 fide,
1308 793 1536 830 attendenles
1559 794 1701 841 spiriti·
1716 795 1866 829 1.'ri1n.4,
1881 796 1904 822 1.

171 863 236 901 bus
271 865 433 908 erroris,
476 869 513 900 et
542 864 723 900 doctrinis
756 863 1051 908 daemoniorum,
1088 861 1362 912 prolzz'bcnle‘elm
1395 860 1553 906 nubere,
1588 860 1702 897 absti-

170 945 257 969 nere
286 945 307 969 a
332 932 445 977 cibis,
481 945 571 982 quos
595 932 684 968 deus
707 932 847 968 creavit
873 932 923 968 ad
949 931 1225 981 percipiendum
1252 929 1379 975 nobis,
1415 930 1482 979 qete'
1500 941 1580 965 cum
1608 941 1702 977 gra—

169 1002 304 1038 tiarum
326 1002 472 1037 actione
494 1001 656 1046 ute'17mr;
690 997 725 1037 id
752 998 850 1051 quod
876 997 913 1037 in
937 997 1045 1037 vobis
1072 1011 1116 1036 ac
1139 996 1259 1036 vestri
1287 995 1474 1036 similibus
1502 1008 1587 1034 esse
1615 1008 1701 1049 per-

170 1068 310 1107 fectum
335 1080 399 1106 res
426 1065 508 1120 ipsa
534 1066 720 1106 declarat.
784 1064 937 1106 Etenim
970 1066 1178 1120 pleraeque
1208 1065 1358 1105 illarum
1387 1064 1602 1104 haerescon
1635 1077 1703 1103 nu-

168 1134 255 1190 ptiis
290 1142 402 1189 atque
437 1149 506 1174 usu
539 1135 789 1188 quorumdam
826 1134 997 1174 ciborum
1028 1133 1285 1183 interdicunt,
1321 1147 1396 1172 non
1426 1139 1465 1172 ut
1495 1131 1702 1172 sanctioris

168 1203 272 1244 vitae
298 1217 420 1257 genus
450 1203 676 1253 instituant,
711 1210 775 1242 aut
800 1204 845 1242 ad
875 1203 1197 1257 praestantiorem
1229 1202 1409 1242 virtutem
1442 1215 1485 1241 ac
1518 1200 1702 1240 coelestia

167 1272 336 1328 praemia
361 1279 398 1311 et
426 1285 591 1312 coronas
619 1279 866 1325 comparent,
901 1272 967 1312 sed
992 1271 1092 1326 quod
1121 1270 1348 1311 detestanda
1379 1283 1476 1324 quae
1502 1284 1522 1309 a
1547 1268 1703 1309 domino

170 1341 321 1381 condita
353 1347 442 1380 sunt
473 1339 712 1380 existiment.

277 1408 331 1448 At
355 1408 519 1449 ecclesia
545 1409 733 1449 catholica
763 1416 801 1448 et
829 1408 1092 1462 virginitatem
1125 1408 1319 1463 praedicat
1353 1415 1389 1448 et
1424 1406 1611 1448 coelibem
1643 1406 1700 1446 vi-
1729 1410 1885 1453 Cap.1x.

167 1484 267 1527 tam,
303 1491 346 1518 ac
381 1476 646 1517 castimoniam
680 1477 980 1530 viduitatemqne
1015 1477 1230 1526 collaudat,
1265 1483 1304 1516 et
1337 1476 1519 1516 honestas
1552 1475 1704 1530 nuptias

170 1546 259 1586 colit
283 1553 319 1586 et
346 1546 552 1601 approbat,
589 1553 720 1600 stupra
743 1559 862 1596 vero,
897 1545 1085 1585 adulteria
1110 1559 1155 1584 ac
1181 1545 1359 1585 libidines
1384 1544 1575 1599 prohibet.
1639 1542 1704 1584 Ex

169 1628 243 1669 quo
270 1628 399 1654 veram
437 1629 481 1654 ac
516 1628 738 1668 germanam
773 1613 962 1654 ecclesiae
1000 1613 1210 1653 catholicae
1240 1620 1367 1653 notam
1398 1620 1434 1652 et
1465 1613 1702 1653 adulterinos

169 1684 330 1724 aliorum
370 1682 466 1723 ritus
506 1683 595 1722 licet
631 1682 795 1733 intueri,
843 1696 887 1722 ac
925 1682 1243 1736 quemadmodum
1283 1682 1460 1722 sincerae
1502 1681 1702 1735 religionis

169 1753 347 1806 dogmata
380 1751 426 1790 ab
451 1751 552 1791 omni
579 1765 714 1791 errore
740 1765 785 1791 ac
808 1750 995 1790 flexuosis
1020 1749 1245 1804 ambagibus
1270 1757 1307 1790 et.
1333 1750 1504 1805 abruptis
1528 1764 1571 1789 ac
1603 1749 1704 1789 sale-

164 1820 292 1860 brosis
327 1819 531 1860 itineribus
569 1820 777 1860 declinent.
842 1818 927 1858 Hoc
958 1819 1058 1858 enim
1095 1826 1133 1858 et
1162 1825 1251 1859 ante
1287 1819 1416 1858 monui
1449 1818 1494 1857 ab
1527 1818 1703 1873 apostolo

166 1901 253 1928 esse
277 1887 540 1942 praedictum,
575 1896 613 1928 et
639 1888 777 1928 iterum
809 1887 999 1927 monebo:
1035 1886 1088 1927 uti
1113 1901 1185 1927 nos
1210 1887 1404 1928 cautiores
1433 1887 1625 1936 efficeret,
1659 1900 1705 1926 ac

165 1964 456 1997 sacrosanctam
494 1957 700 1997 ecclesiam
733 1956 899 2011 propriis
936 1956 1162 2009 quibusdam
1198 1956 1299 1996 notis
1335 1956 1380 1996 ab
1420 1956 1702 1996 haereticorum

166 2039 301 2066 errore
331 2026 595 2075 discerneret,
629 2025 681 2064 ita
718 2023 1014 2079 pronuntiasse:
1051 2021 1162 2076 Quae
1198 2038 1217 2063 a
1249 2026 1321 2064 deo
1356 2032 1461 2064 recte
1493 2024 1705 2064 constituta

165 2102 254 2135 sunt
290 2093 505 2134 incredibili
545 2094 704 2134 audacia
734 2093 982 2147 prohibentes
1016 2093 1113 2133 istos
1144 2093 1292 2148 privata
1325 2093 1510 2147 quaedam
1543 2093 1699 2132 decreta

165 2165 334 2204 sancire.
398 2161 511 2216 Quod
534 2163 578 2202 ad
603 2176 670 2202 eos
694 2161 860 2216 pertinet
887 2161 949 2215 qui
973 2161 1124 2216 nuptias
1147 2161 1373 2216 prohibent,
1408 2168 1445 2201 et
1469 2175 1489 2201 a
1514 2160 1608 2200 cibis
1634 2160 1700 2200 ab-

165 2232 311 2272 stinere
344 2231 598 2286 praecipiunt.
662 2230 781 2284 Atqui
805 2230 898 2270 deus
922 2230 1003 2284 ipse
1031 2230 1192 2270 verbum
1222 2230 1260 2270 in
1286 2229 1501 2283 Evangelio
1527 2230 1703 2269 modera-

166 2300 310 2340 tionem
345 2299 380 2339 ei
418 2300 472 2339 rei
506 2300 692 2354 quandam
731 2298 931 2353 apposnit:
983 2301 1067 2346 l'eie,
1104 2299 1247 2353 inquit,
1275 2300 1466 2352 perfectas
1499 2313 1590 2336 esse.
1656 2296 1701 2338 ln
1744 2303 1858 2365 {3⁸3¹}ss

167 2384 241 2423 quo
267 2382 308 2409 se
333 2368 378 2408 ad
408 2368 609 2408 humanam
637 2367 896 2407 conditionem
924 2375 961 2407 ct
989 2367 1290 2407 imbecillitatem
1312 2367 1602 2407 accommodare
1631 2381 1701 2407 vo·
1789 2359 1797 2374 ⁹

166 2438 251 2478 luit.
313 2435 365 2477 tis
405 2436 505 2477 enim
542 2437 756 2477 delectatur
795 2437 944 2490 quidem
983 2435 1047 2490 qui
1087 2436 1273 2476 eiusmodi
1312 2435 1465 2490 pietatis
1504 2435 1701 2489 specimen

168 2513 367 2561 praestare
401 2505 616 2559 potuerint,
652 2512 691 2545 ut
723 2505 1010 2558 virginitatem,
1046 2504 1313 2545 castimoniam
1350 2503 1704 2557 continentiamque

169 2575 442 2629 profiteantur:
478 2574 696 2628 singulares
721 2588 835 2628 porro
861 2574 1013 2628 nuptias
1041 2573 1306 2621 commendat,
1341 2586 1423 2611 cnm
1449 2572 1704 2612 sacerdotalia

167 2656 329 2683 munera
366 2649 402 2682 et
434 2649 661 2682 ornamenta
692 2657 776 2682 cum
811 2642 858 2682 iis
896 2643 957 2696 qui
994 2650 1081 2697 post
1113 2655 1207 2681 unas
1239 2640 1391 2694 nuptias
1423 2640 1701 2681 continentiam

170 2711 432 2761 servaverint,
467 2718 532 2751 aut
554 2711 590 2750 in
614 2710 835 2765 virginitate
858 2711 1114 2765 perstiterint,
1149 2708 1464 2750 comnmnicanda
1490 2723 1577 2749 esse
1600 2710 1706 2749 velut

169 2780 205 2820 in
239 2781 401 2834 quodam
435 2780 649 2834 exemplari
677 2779 978 2828 monstraverit3
1019 2780 1054 2819 id
1084 2779 1181 2832 quod
1216 2777 1379 2832 apostoli
1412 2776 1550 2817 deinde
1579 2778 1703 2817 eccle-

169 2848 325 2889 siastica
361 2848 567 2888 sacerdotii
602 2848 736 2901 regula
770 2847 931 2888 honeste
964 2861 1009 2887 ac
1039 2846 1221 2899 religiose
1250 2847 1522 2885 decreverunt.
1587 2844 1701 2898 Quod

171 2916 202 2956 si
228 2917 310 2970 quis
336 2924 422 2972 post
446 2916 581 2956 uxoris
603 2916 745 2956 obitum
771 2916 962 2956 secundas
985 2913 1135 2968 nuptias
1161 2928 1229 2968 pro
1254 2928 1323 2955 sua
1348 2914 1610 2954 imbecillitate
1635 2914 1701 2953 de-

111 2985 132 3020 ὶ
171 2984 331 3036 siderat,
366 2985 520 3025 minime
547 2986 583 3025 id
606 2985 756 3040 quidem
781 2983 957 3024 veritatis
988 2983 1120 3036 regula
1149 2982 1340 3037 prohibet,
1375 2983 1412 3023 in
1439 2996 1485 3022 eo
1511 2983 1699 3022 duntaxat
