2066 3319
209 445 294 486 Κεφ,
317 443 352 476 0'.

199 496 263 523 pag.
282 488 340 514 ⁶01.

200 2675 287 2717 Κεφ.
306 2672 364 2708 σοι’.

228 2760 296 2789 pag.
315 2752 372 2778 ὅθί.

375 211 454 250 368
932 216 1092 248 SANCTI
1115 216 1336 248 EPIPHANH

375 299 533 343 πιστοῦ,
573 297 650 334 τῶν
684 293 752 346 μὲν
784 294 1035 348 ἐγειρομένων
1070 295 1122 342 εἷς
1157 293 1256 347 ζωὴν
1289 292 1469 344 αἰώνιον,
1508 297 1586 334 τῶν
1615 292 1656 333 δὲ
1687 293 1741 340 εἰς
1769 293 1897 346 κρίσιν

376 361 543 403 αἰώνιον.

490 430 568 469 Καὶ
600 428 726 470 σιώπα
749 426 960 481 Βαβυλών,
990 425 1016 480 ἦ
1041 427 1179 483 ἀρχαία
1204 427 1319 469 πάλιν
1341 427 1433 481 ἡμῖν
1459 427 1778 479 ἀνακαινιζομένη
1809 423 1898 479 σύγ-

382 512 500 550 χυσις.
563 499 778 549 Πεφίμωσο
807 495 989 548 Σόδομα,
1030 497 1094 536 καὶ
1126 494 1152 548 ἡ
1182 501 1249 549 τῆς
1276 501 1418 549 πολλῆς
1446 510 1517 536 σου
1551 494 1770 546 δεινότητος
1799 491 1899 547 πρὸς

375 564 470 606 θεὸν
493 563 643 618 κραυγὴ
670 562 918 617 ἀνερχομένη·
951 562 1062 612 ’Ήξει
1086 563 1159 619 γάρ
1187 566 1228 605 ἐκ
1250 562 1358 605 Σιών
1382 561 1404 604 ὁ
1429 562 1620 616 ῥυόμενος
1650 560 1894 615 ἀποστρέψαι

376 631 550 685 ἀσεβείας
579 630 658 673 ἀπὸ
682 629 837 684 Ἰακώβ,
868 632 932 672 καὶ
961 633 1150 682 σαλπίσει,
1183 633 1248 673 καὶ
1278 634 1318 673 οἱ
1344 632 1472 685 νεκροὶ
1499 628 1802 682 ἀναστήσονται,
1833 628 1898 669 καὶ

375 699 484 751 ἡμεῖς
513 698 824 754 ἁρπαγησόμεθα
855 701 908 747 εἰς
937 698 1169 751 συνάντησιν
1199 698 1301 756 αὐτῷ
1328 701 1381 748 εἰς
1407 696 1513 752 α’έρα.
1570 695 1639 745 Ὡς
1669 697 1736 738 καὶ
1763 694 1785 737 ὁ
1811 700 1898 737 καλ-

373 771 463 809 λίων
486 770 698 822 μακαρίτης
721 766 931 815 Μεθόδιος
955 764 1054 807 εἶπε·
1086 772 1164 815 τοῖς
1187 767 1228 808 δὲ
1251 767 1385 815 αὐτοῖς
1411 767 1476 808 καὶ
1502 764 1612 806 αὐτοὶ
1644 765 1898 816 οἰκοδομοῦν-

376 853 437 883 τες
455 834 767 890 προςεθήκαμεν.
824 833 918 876 ’And
942 833 1013 889 γάρ
1034 838 1111 875 τῶν
1133 836 1440 890 συνεζευγμένων
1462 832 1624 885 ἑκάστης
1642 832 1777 881 λέξεως
1797 832 1899 872 ἔστιν

377 907 472 945 ἰδεῖν
493 903 539 944 τά
567 908 581 932 ¹
597 905 776 957 ἐπίχειρα.
837 907 1011 957 Διαιρῶν
1033 900 1106 957 γάρ
1131 900 1154 944 ὁ
1175 901 1285 957 ἅγιος
1307 901 1522 950 ἀπόστολος
1542 906 1619 942 τῶν
1642 898 1713 941 δύο
1744 897 1900 953 τρόπων

377 972 417 1013 τό
450 970 552 1020 εἶδος
582 973 635 1019 εἰς
658 973 749 1023 μίαν
776 972 910 1012 ἐλπίδα
933 969 1169 1025 συνήγαγεν,
1201 969 1277 1011 ἀπὸ
1302 975 1393 1021 τοῦ,
1430 968 1558 1022 Ἡμεῖς
1590 965 1900 1022 ἁρπαγησόμεθα

377 1043 417 1081 ἐν
443 1040 620 1091 νεφέλαις
653 1040 705 1087 εἰς
729 1040 959 1092 συνάντησιν
991 1036 1136 1088 αὐτοῦ,
1172 1040 1238 1079 ἵνα
1269 1041 1373 1095 δείξῃ
1406 1036 1527 1086 ὅντως
1557 1042 1670 1078 τοῦτο
1701 1034 1744 1077 vd
1775 1039 1899 1087 σῶμα,

377 1109 443 1149 καὶ
469 1106 537 1160 οὐχ
567 1109 697 1160 ἕτερον
721 1105 826 1160 παρά
851 1111 962 1147 τοῦτο
994 1104 1033 1158 (ὁ
1059 1104 1131 1160 γάρ
1156 1103 1342 1160 ἀρπαγεὶς
1371 1104 1482 1147 οὔπω
1511 1106 1709 1157 τέθνηκε),
1748 1100 1902 1150 δεικνύς

380 1177 420 1217 δὲ
445 1175 504 1217 ὅτι
527 1173 573 1216 οὗ
595 1174 804 1227 φθάσομεν
825 1173 895 1226 τήν
916 1179 994 1214 τῶν
1018 1178 1163 1227 νεκρῶν
1186 1171 1411 1223 ἀνάστασιν,
1449 1175 1514 1214 ἵνα
1539 1171 1581 1214 τὸ
1607 1169 1713 1226 παρὰ
1743 1168 1900 1224 ἀνθρώ-

380 1261 470 1291 ποις
499 1241 649 1297 άπορον
681 1247 762 1299 θεῷ
797 1240 1026 1294 εὐπόριστον
1058 1242 1124 1282 καὶ
1154 1239 1322 1282 δυνατόν
1353 1239 1548 1297 ἀποδείξῃ.
1605 1237 1733 1292 Ἡμεῖς
1761 1236 1834 1293 γάρ
1865 1238 1905 1278 οἷ

379 1316 513 1360 ζῶντες
537 1310 584 1351 οὐ
611 1309 664 1363 μή
693 1308 912 1361 φθάσωμεν
931 1307 1024 1356 τούς
1045 1309 1373 1361 κεκοιμημένους,
1403 1309 1469 1349 καὶ
1492 1306 1563 1360 τήν
1587 1305 1716 1348 αὐτῶν
1740 1303 1902 1347 ἀνάστα-

380 1393 455 1420 σιν·
488 1380 605 1426 ἔδειξε
626 1376 718 1426 τούς
737 1381 881 1427 ζῶντας
901 1377 967 1416 καὶ
990 1373 1300 1431 ἁρπαζομένους,
1331 1378 1396 1416 ἵνα
1420 1373 1497 1417 ἀπὸ
1521 1379 1598 1416 τῶν
1621 1372 1773 1424 ζώντων
1795 1375 1901 1430 δείξῃ

380 1446 426 1488 τά
451 1449 608 1488 ἐκείνων
631 1447 790 1497 σώματα
814 1442 997 1499 ὁλοσχερῆ
1029 1442 1268 1498 ἐγειρόμενα,
1299 1444 1366 1484 καὶ
1393 1441 1470 1484 ἀπὸ
1498 1447 1568 1484 τοῦ
1597 1444 1769 1490 ἐκείνους
1796 1458 1901 1496 πρω-

381 1513 504 1556 τεύειν
539 1518 616 1554 τῶν
652 1512 977 1567 περιλειπομένων
1011 1510 1162 1561 ζώντων
1193 1509 1236 1552 τὸ
1270 1509 1437 1552 δυνατόν
1468 1515 1540 1552 τοῦ
1572 1513 1671 1551 θεοῦ
1702 1506 1900 1566 ἀποδείξῃ.

384 1584 463 1622 Καὶ
489 1579 602 1636 ὁρᾶτε
627 1583 667 1622 οἷ
687 1585 757 1633 τῆς
779 1581 927 1621 ἑαυτῶν
953 1584 1052 1632 ζωῆς
1077 1578 1362 1632 ἐπιμελόμενοι,
1393 1577 1451 1620 ὅτι
1475 1576 1615 1626 πάντες
1643 1579 1684 1619 οἷ
1708 1574 1806 1618 κατά
1835 1580 1904 1629 τῆς

382 1650 567 1703 ἀληθείας
594 1650 811 1702 ἐνεχθέντες
834 1649 986 1695 ἑαυτοῖς
1015 1645 1085 1700 την
1117 1645 1270 1688 ἀδικίαν
1291 1649 1630 1702 προςεπορίσαντο.
1688 1642 1756 1693 Ὡς
1784 1645 1851 1686 καὶ
1881 1640 1904 1685 ὁ

381 1717 492 1773 ἷῖγιος
523 1716 728 1773 προφήτης
751 1716 880 1768 Λαβὶδ
910 1716 1027 1769 λέγει,
1067 1715 1264 1768 Συνέλαβε
1295 1714 1439 1766 πόνον,
1476 1715 1541 1756 καὶ
1569 1715 1696 1755 ἔτεκεν
1726 1710 1903 1765 ἀνομίαν.

389 1791 473 1834 Πᾶς
503 1785 576 1840 γάρ
609 1783 632 1826 ὁ
662 1786 784 1841 ἑαυτῷ
819 1782 998 1838 συνάγων
1029 1781 1096 1824 τὸν
1129 1781 1253 1824 πόνον
1286 1788 1362 1824 τῶν
1398 1781 1602 1837 ἀλλοτρίων
1635 1778 1906 1834 διανοημάτων

384 1855 506 1910 ἑαυτῷ
534 1856 650 1894 τίκτει
674 1851 746 1904 τήν
774 1850 928 1893 ἀδικίαν
958 1851 1025 1891 καὶ
1050 1856 1132 1899 τοῖς
1157 1852 1418 1904 πειθομένοις.
1477 1849 1642 1891 Λάκκον
1666 1847 1808 1903 ὤρυξε,
1839 1848 1906 1889 καὶ

385 1920 604 1973 ἀνέσκαψεν
624 1918 754 1970 αὐτόν,
784 1921 849 1960 καὶ
871 1921 1087 1972 ἐμπεσεῖται
1107 1920 1160 1968 είς
1181 1917 1334 1973 βόθρον
1354 1918 1400 1960 ὃν
1420 1917 1635 1973 εἰργάσατο.
1677 1914 1788 1957 'Al-ao}
1807 1915 1907 1971 πρὸς

383 1994 502 2030 ταῦτα
526 1987 653 2029 πάντα
685 1990 796 2036 εἴτις
822 1989 895 2040 ἔχει
918 1985 1144 2041 ἀντιλέγειν,
1184 1984 1307 2040 ἡκέτω
1339 1987 1404 2028 ἐπὶ
1427 1991 1479 2043 τῷ
1506 1990 1591 2043 θεῷ
1601 2019 1612 2037 ,
1641 1983 1907 2040 ἀντιπράττων

387 2058 581 2110 2καμέτω.
645 2054 741 2103 Θεὸς
766 2054 837 2110 γάρ
866 2053 1020 2109 ἰσχυρός
1043 2053 1090 2096 ού
1110 2052 1310 2105 κοπιάσει,
1350 2052 1440 2096 ουδὲ
1470 2053 1648 2107 διψήσει,
1681 2050 1773 2094 ουδὲ
1803 2053 1906 2094 ἔστιν

388 2124 576 2180 εξεύρεσις
594 2129 664 2176 τῆς
684 2122 906 2179 φρονήσεως
930 2121 1062 2164 αυτοῦ.
1104 2120 1167 2163 Ἐν
1189 2125 1210 2180 ᾑ
1233 2141 1280 2163 τα
1299 2123 1483 2175 λελυμένα
1505 2121 1664 2175 σώματα
1686 2122 1834 2176 ἐγείρει,
1866 2121 1907 2162 ἐν

387 2195 411 2250 ῃ
434 2211 475 2235 το
497 2191 763 2245 ἀπολλύμενον
785 2189 906 2241 σώζει,
937 2192 978 2231 ἐν
997 2209 1022 2247 η
1045 2189 1088 2231 vd
1108 2189 1299 2244 τεθνηκὸς
1321 2194 1520 2245 ζωογονεῖ,
1552 2191 1591 2231 ἐν
1611 2191 1635 2247 ᾑ
1656 2187 1699 2230 τὸ
1723 2187 1907 2244 φθαρτὸν

388 2260 613 2315 ἀφθαρσίαν
639 2258 915 2312 ἀμφιέννυσιν,
947 2259 986 2299 ἐν
1013 2276 1035 2315 ῃ
1060 2257 1127 2300 τὸν
1151 2257 1296 2300 κόκκον
1322 2257 1389 2299 τὸν
1417 2256 1586 2299 πεσόντα
1617 2258 1670 2306 εἷς
1699 2254 1909 2298 ανᾶστασιν

389 2329 518 2380 φέρει,
550 2329 633 2369 ἐν
612 2346 637 2385 ῃ
661 2325 727 2368 τὸν
751 2326 945 2379 σπαρέντα
975 2327 1041 2366 καὶ
1074 2324 1328 2368 ἀποθανόντα
1360 2327 1414 2374 εἷς
1438 2325 1711 2380 περισσοτέραν
1743 2322 1908 2379 φαιδρό-

386 2413 479 2449 τητα
509 2394 590 2451 ἄγει
621 2393 895 2444 ἀνακαινίζων·
930 2391 982 2442 ὥς
1005 2395 1045 2435 ἐν
1069 2400 1226 2444 πολλαῖς
1247 2399 1414 2450 γραφαῖς
1437 2394 1664 2449 ἐμφέρεται,
1696 2393 1907 2446 αἰνιττομέ-

388 2481 457 2516 νης
485 2468 555 2517 τῆς
583 2461 695 2517 ’ἡμῶν
725 2460 976 2510 ἀναστάσεως.

496 2665 559 2709 Ἑν
581 2667 648 2720 μὲν
668 2670 719 2724 τῷ
740 2666 870 2718 Δαβὶδ
892 2666 979 2720 περὶ
1001 2669 1070 2706 τοῦ
1093 2666 1341 2719 ἐγκαινισμοῦ
1359 2670 1429 2707 τοῦ
1451 2667 1564 2706 οἴκου
1585 2665 1718 2717 Δαβὶδ
1736 2662 1905 2717 ψαλμὸς,

395 2733 447 2783 ὥς
468 2737 700 2790 καραδοκῶν
725 2732 747 2775 ὁ
767 2732 971 2789 προφήτης
1002 2733 1066 2774 καὶ
1099 2732 1288 2785 πνεύματι
1315 2731 1410 2789 άγίῳ
1441 2737 1598 2774 σκοπῶν
1621 2730 1663 2773 τὸ
1687 2732 1822 2785 μέλλον
1845 2730 1904 2773 εὖ·

390 2801 513 2857 λόγως
543 2804 631 2857 περὶ
660 2801 906 2850 ἀναστάσεως
938 2802 1035 2854 ἔφη,
1076 2797 1245 2851 Ὑψώσω
1276 2813 1336 2851 σε,
1372 2799 1501 2855 κύριε,
1539 2799 1598 2841 ὅτι
1626 2796 1817 2852 ὑπέλαβές
1846 2815 1905 2853 με,

436 2893 512 2926 cst.
534 2895 642 2925 LXX.
667 2914 709 2918 —
744 2894 772 2926 1.
797 2894 897 2932 „Vox
916 2891 957 2926 τὰ
978 2891 1126 2936 ἐπίχειρα
1169 2890 1231 2930 66,
1255 2888 1306 2923 45.
1318 2915 1327 2931 ,
1366 2894 1417 2923 ubi
1448 2890 1596 2935 ἐπίχειρα
1624 2893 1695 2922 item
1719 2892 1779 2930 sere
1810 2893 1905 2932 siym'-

391 2950 455 2970 non
473 2939 634 2970 satishuic
645 2939 827 2971 sententiae
841 2938 1002 2970 convenit.
1038 2938 1127 2968 l'·.01t
1173 2937 1268 2976 ficat
1260 2934 1429 2979 πρόχειροι,
1453 2938 1499 2968 vel
1513 2947 1672 2978 τρου-ιτα,
1697 2937 1726 2968 h.
1738 2946 1762 2968 e.
1777 2943 1904 2979 aperta,

390 2983 533 3025 ἐτίκκιρ
526 2985 578 3016 J.“.
623 2987 777 3017 Petavius.
833 2985 1033 3016 Retinendum
1066 2991 1126 3014 esse
1171 2987 1331 3023 plompta.

390 3027 432 3062 τὰ
461 3027 513 3061 ἐπί
504 3040 608 3071 γειρα
639 3031 803 3069 persuadet
826 3031 904 3061 alter
933 3031 1015 3061 locus
1044 3029 1128 3060 haer.
