2056 3298
680 154 859 186 PANARu
884 155 965 186 Liss.
983 157 1023 188 11.
1048 158 1153 189 TOM.
1176 159 1198 189 1.
1688 153 1711 190 7

277 229 398 272 ΧΙΙΙ,
448 229 624 273 Camari.
687 231 885 273 Novatum
911 232 1128 275 Romanum
1152 237 1275 276 secuti
1298 245 1401 277 sunt.
1465 237 1512 277 IIi
1536 238 1710 292 digamos

166 300 318 355 penitus
351 300 613 354 proscribunt.
681 299 963 340 Paenitentiam
999 304 1217 356 repudiant.

278 366 396 408 XIV.
438 368 635 423 Angeliei.
688 368 734 408 Hi
759 383 946 423 nusquam
969 369 1080 409 bodie
1103 372 1364 425 reperiuntur.
1411 373 1591 427 Angeliei
1614 389 1709 415 vero

165 436 310 476 ordinis
336 450 378 476 se
408 450 496 476 esse
524 436 816 490 profitebantur.
879 438 960 477 Aut
992 445 1097 477 certe
1131 440 1227 492 quod
1258 441 1432 491 Angelos
1465 443 1706 482 invocarent.

275 503 372 544 XV.
427 504 669 559 Apostolici,
716 504 779 559 qui
813 512 849 544 et
882 505 1125 559 Apotaclici,
1174 506 1258 545 sive
1291 507 1621 559 lhenuntffitores,
1671 511 1709 550 in

163 571 306 613 Pisidia
334 572 525 637 duntazfat
552 573 817 613 irweniuntur.
881 572 930 612 Hi
957 573 1062 614 solos
1091 573 1176 613 illos
1203 575 1410 614 admittunt
1436 578 1496 629 qui
1527 592 1568 618 se
1599 579 1709 618 bonis

163 640 340 680 omnibus
365 641 647 682 abdicaverint.
712 639 896 681 Ceterum
923 640 1213 682 Eneratitarum
1238 641 1384 682 similes
1409 652 1521 695 sunt3
1554 647 1625 686 etsi
1655 647 1709 686 di-

161 723 276 749 versa
309 709 494 763 quaedam
528 709 574 749 ab
607 709 682 749 illis
713 716 902 749 statuunt.

273 775 392 817 XVI.
447 776 658 818 Sabelliani
687 791 769 817 cum
798 776 1007 817 No'e'tianis
1037 777 1073 817 in
1106 778 1282 818 omnibus
1313 780 1586 834 propemodum
1617 796 1709 821 eon-

160 845 346 894 senfiunt,
383 845 455 885 nisi
481 846 578 900 quod
605 852 750 900 patrem
774 845 896 899 Ipsum
922 854 1066 899 negant
1089 860 1177 886 esse
1201 862 1372 902 passum,
1403 848 1448 887 ab
1474 862 1597 902 eoque
1621 864 1707 903 pro-

159 914 321 954 latitium
356 914 545 954 duntaxat
575 927 734 953 manare
767 913 944 954 verbum.

270 980 411 1022 XVII.
463 980 692 1036 Origeniani
717 997 736 1021 a
758 982 920 1036 quodam
949 980 1122 1037 Origene
1147 983 1328 1023 derivati.
1385 983 1621 1039 Turpissimi
1644 986 1706 1025 isti

157 1057 268 1100 sunt,
303 1064 347 1090 ae
375 1050 562 1090 nefariam
590 1057 628 1090 et
653 1058 942 1105 praeposteram
972 1051 1168 1091 libidinem
1199 1059 1413 1103 exercent,
1449 1068 1596 1107 suaque
1621 1069 1708 1094 cor-

158 1133 251 1174 pora
283 1126 551 1174 corrumpunt.

268 1185 430 1227 XVIII.
482 1184 710 1240 Origeniani
743 1187 806 1228 alii
840 1187 885 1227 ab
915 1185 1088 1242 Origene
1116 1187 1351 1229 Adamantio
1384 1190 1590 1244 scriptore.
1654 1189 1705 1231 Hi

155 1262 394 1295 mortuorum
425 1256 753 1296 resurrectionem
789 1263 944 1309 negant.
1011 1256 1112 1296 Tam
1145 1254 1343 1297 Christum
1381 1273 1493 1312 quam
1527 1258 1703 1313 spiritum

155 1331 329 1364 sanctum
356 1324 498 1364 creatis
526 1325 562 1364 in
588 1324 704 1364 rebus
729 1332 949 1365 numerant.
1012 1323 1244 1365 Paradisum
1267 1340 1311 1366 ae
1336 1327 1469 1367 coelos
1494 1334 1703 1381 ceteraque

155 1392 283 1432 omnia
317 1393 364 1432 ad
398 1392 606 1446 allegorias
640 1395 829 1433 referunt.
895 1391 1040 1434 Cbristi
1077 1408 1238 1447 regnum
1273 1395 1558 1435 termimmdum
1596 1410 1702 1447 esse,

155 1461 426 1515 desiturosque
450 1461 628 1501 similiter
651 1463 809 1515 angelos
834 1462 998 1511 (locent,
1034 1464 1275 1517 eundemque
1299 1478 1384 1503 cum
1410 1464 1560 1504 diabolo
1589 1462 1704 1505 Cliri-

154 1537 253 1571 stum
287 1530 446 1570 alterius
479 1543 566 1569 esse
600 1544 720 1584 regno
753 1530 1050 1571 subiiciendum.

358 1620 598 1653 HACTENUS
623 1621 736 1653 TOMI
763 1621 885 1653 PRIMI
911 1621 1029 1653 LIBRI
1052 1623 1092 1653 II.
1118 1622 1341 1654 HAERESES
1363 1623 1488 1654 XVIII.

201 1723 250 1756 10.
282 1725 328 1756 lea
358 1726 476 1756 correxi
504 1734 542 1756 esc
565 1726 679 1756 Ioanne
704 1727 905 1757 Damascene.
951 1727 1138 1764 scripturam
1164 1727 1194 1757 in
1213 1735 1314 1766 marg.
1339 1728 1403 1758 iam
1420 1731 1626 1767 proposuerat
1643 1729 1702 1759 Pe-

151 1771 237 1802 Libri
267 1771 378 1801 habent
409 1769 740 1814 βασιλευὲησομένῳ.
795 1772 906 1802 l'eram
953 1773 1066 1802 [avius.
