2066 3319
388 197 468 236 254

388 279 446 322 ἐπ’
475 277 725 333 άλληγορίαν,
765 277 889 326 οὕτως
917 278 1098 330 ζητητέον
1129 282 1206 319 τῶν
1240 277 1505 329 κολαζομένων
1534 275 1602 318 τόν
1631 278 1806 334 βρυγμόν
1834 285 1912 323 τῶν

388 345 560 388 ὀδόντων
590 352 602 374 ¹
618 351 686 399 τῆς
711 350 862 398 ψυχῆς,
894 344 1057 397 δύναμιν
1081 343 1295 398 μασητικήν
1321 343 1494 398 ἐχούσης,
1524 343 1609 397 ’ἥτις
1632 347 1672 387 ἐν
1694 352 1819 405 καιρῷ
1839 353 1911 390 τοῦ

388 415 542 468 ἐλέγχου
567 415 655 469 περὶ
678 418 755 455 τῶν
785 411 1072 467 ἁμαρτημάτων
1095 411 1192 454 κατὰ
1219 412 1285 454 τόν
1315 410 1587 467 συγκρουσμόν
1615 418 1692 454 τῶν
1723 412 1911 467 ὀδόντων,

1279 479 1329 521 Τό
1358 481 1418 530 δὲ,
1455 479 1667 533 Φοβήθητε
1697 481 1765 523 τόν
1795 482 1910 525 δυνά-

388 566 505 603 μενον
523 551 590 591 καὶ
613 548 744 603 ψυχην
765 550 830 590 καὶ
851 547 893 589 τὸ
916 552 1026 600 σῶμα
1053 546 1235 589 άπολέσαι
1259 549 1298 588 ἐν
1320 548 1484 605 Γεέννῃ,
1517 547 1610 601 τάχα
1639 549 1685 602 μὲ
1669 567 1709 590 εν
1738 549 1913 593 διδάσκει

944 199 1106 232 SANCT1
1127 200 1348 232 EPIPHANH

389 480 477 530 ²055·
509 482 720 535 ἐφρόνησε,
752 480 883 535 βρύξει
915 478 1006 528 τούς
1041 478 1212 528 ὀδόντας.

386 617 447 660 ὅτι
469 615 673 671 άσωματος
695 635 718 670 η
739 615 869 670 ψυχὴ,
898 617 994 669 τάχα
1018 616 1059 656 δὲ
1085 617 1193 668 δῆλοι
1224 617 1291 656 καὶ
1312 614 1370 657 ὅτι
1392 617 1509 671 χωρὶς
1529 615 1707 669 σώματος
1729 635 1777 659 ου
1800 623 1912 661 κολα-

387 684 584 738 σθησεται.

388 770 456 795 του
487 751 749 806 ὑποκειμένου
783 752 999 806 εἰρήκειμεν.

647 686 744 739 Περὶ
769 686 817 726 οὗ
844 688 1168 738 φυσιολογοῦντες
1189 701 1234 724 τα
1261 684 1349 737 περὶ
1376 688 1446 725 τοῦ
1475 685 1604 732 εἴδους
1627 685 1692 726 καὶ
1714 690 1784 727 τοῦ
1807 703 1912 742 πρω-

225 773 292 803 pag.
311 765 369 794 539.
1060 752 1139 792 Και
1171 769 1213 792 το
1243 768 1349 805 παρα
1377 755 1429 808 τῷ
1463 750 1664 794 άποστόλω
1699 753 1760 804 δὲ,
1802 758 1911 796 Ζωο-

386 835 539 874 ποιησει
561 822 628 862 καὶ
654 839 700 862 τα
727 818 856 873 θνητα
884 817 997 872 ημῶν
1026 832 1203 871 σωματα,
1233 823 1386 872 θνητοῦ
1411 817 1523 868 ὄντος
1544 824 1614 862 τοῦ
1640 819 1819 874 σώματος
1846 822 1914 864 καὶ

389 907 436 931 ου
459 890 680 942 μετέχοντος
703 894 770 942 τῆς
799 886 991 941 ἀληθινῆς
1012 891 1131 940 ζωης,
1163 885 1324 928 δύναται
1349 885 1616 940 παριστάνειν,
1648 887 1752 930 ὅπου
1775 887 1818 930 τό
1841 903 1912 931 σω-

388 956 551 1010 ματικόν
574 955 697 1007 εἶδος,
729 957 817 1011 περὶ
839 958 887 997 οὐ
914 953 1132 1009 εἰρήκαμεν,
1163 959 1209 1012 τῆ
1233 953 1348 1006 φύσει
1367 953 1515 1008 θνητόν
1537 953 1595 1006 ὃν,
1627 954 1722 998 όταν
1745 955 1914 1012 Χριστός

388 1028 605 1082 φανερωθη
624 1043 648 1078 η
670 1023 748 1077 ζωὴ
770 1022 904 1077 ἡμῶν,
936 1023 1002 1064 καὶ
1028 1020 1122 1063 αὐτὸ
1150 1021 1370 1075 μεταβάλλει
1392 1021 1469 1064 από
1492 1027 1562 1064 τοῦ
1586 1020 1685 1065 εἶναι
1707 1028 1817 1078 σῶμα
1838 1031 1914 1066 θα-

387 1092 526 1144 νάτου,
557 1092 804 1145 ζωοποιηθὲν
828 1091 892 1132 διά
917 1090 959 1132 τὸ
985 1094 1137 1143 πνεῦμα
1164 1088 1206 1131 τὸ
1232 1095 1448 1140 ζωοποιοῦν
1478 1091 1519 1132 ἐκ
1549 1095 1620 1132 τοῦ
1651 1091 1914 1145 πνευματικόν

656 1161 736 1202 Καὶ
756 1159 819 1210 τό,
849 1157 954 1214 Ἐρεῖ
972 1158 1031 1209 δὲ,
1066 1160 1162 1206 Πῶς
1183 1159 1393 1213 ἐγείρονται
1414 1160 1454 1200 οἷ
1469 1160 1621 1214 νεκροὶ,
1650 1162 1751 1218 ποίῳ
1775 1160 1817 1202 δὲ
1838 1158 1912 1202 στό-

389 1247 480 1282 ματι
510 1230 703 1283 ἔρχονταις
745 1231 899 1282 γυμνῶς
933 1228 1162 1280 παρίστησιν
1193 1224 1253 1266 ὅτι
1286 1224 1329 1267 τὸ
1364 1230 1518 1280 πρῶτον
1554 1225 1809 1281 ὑποκείμενον
1839 1226 1914 1270 οὐκ

388 1162 595 1216 γεγονέναι.

389 1295 653 1349 ἀναστήσεται.
714 1297 770 1336 Εἰ
799 1293 871 1350 γάρ
896 1299 1022 1342 καλῶς
1052 1291 1236 1346 ἐλάβομεν
1267 1292 1309 1334 τὸ
1337 1292 1602 1350 παράδειγμα,
1633 1297 1774 1350 ῥητέον
1803 1294 1862 1338 ὅτι
1893 1293 1916 1337 ὅ

390 1362 649 1419 σπερματικὸς
671 1362 784 1418 λόγος
806 1364 846 1404 ἐν
867 1366 920 1419 τῷ
945 1360 1077 1418 κόκκῳ
1106 1365 1176 1402 τοῦ
1202 1363 1309 1402 σίτου
1332 1360 1570 1415 δραξάμενος
1593 1368 1660 1416 τῆς
1681 1364 1914 1419 παρακειμέ-

391 1449 463 1485 νης
483 1431 577 1484 ὕλης
603 1432 669 1473 καὶ
691 1429 740 1472 δι’
764 1430 856 1483 ὅλης
881 1427 1002 1482 αὐτῆς
1022 1427 1223 1483 χωρήσας,
1254 1428 1582 1483 περιδραξάμενος
1606 1428 1727 1484 αὐτῆς
1753 1436 1823 1473 τοῦ
1846 1429 1913 1473 αὖ·

390 1505 460 1542 τοῦ
491 1502 640 1550 εἴδους,
680 1494 733 1540 οἷν
766 1500 840 1552 ἔχει
871 1498 1076 1549 δυνάμεων
1108 1497 1308 1549 ἐπιτίθησι
1339 1501 1386 1554 τῇ
1419 1513 1511 1539 ποτε
1540 1503 1589 1556 γῇ
1615 1499 1682 1540 καὶ
1707 1497 1820 1540 ’ὕδατι
1848 1500 1916 1541 καὶ

393 1567 477 1623 άέρι
504 1569 571 1609 καὶ
599 1568 716 1622 πυρὶ,
753 1564 916 1619 νικήσας
948 1564 1017 1613 τάς
1047 1566 1203 1606 ἐκείνων
1232 1563 1462 1618 ποιότητας,
1500 1564 1578 1614 3ἃς
1601 1565 1824 1620 μεταβάλλει
1851 1567 1917 1608 ἐπὶ

390 1635 535 1689 ταύτην
559 1629 608 1688 ἧς
628 1636 728 1677 ἐστιν
752 1632 870 1682 αὐτὸς
893 1630 1150 1687 δημιουργὸς,
1180 1633 1247 1673 καὶ
1271 1631 1397 1682 οὕτως
1417 1637 1713 1688 συμπληροῦται
1731 1631 1754 1676 ὁ
1777 1632 1917 1688 στάχυς

392 1706 446 1753 είς
469 1701 689 1759 ὑπερβολὴν
721 1703 920 1758 διαφέρων
952 1705 1022 1743 τοῦ
1049 1702 1087 1750 ἐξ
1116 1698 1236 1756 ἀρχῆς
1263 1699 1434 1753 κόκκου,
1470 1702 1622 1757 μεγέθει
1655 1702 1720 1743 καὶ
1751 1699 1916 1756 σχήματι

391 1773 457 1814 καὶ
488 1774 672 1829 ποικιλία.

855 2099 1124 2134 *ΠΡΟΚΛΟΥ.
1171 2099 1266 2134 ΤΟΥ
1291 2098 1456 2133 ΑΥΤΟΥ.

495 2178 547 2220 “A
573 2179 642 2232 μὲν
665 2173 736 2219 οὖν
757 2175 957 2232 Ὠριγένης
984 2179 1037 2227 εἰς
1060 2176 1132 2231 τὴν
1154 2178 1242 2233 περὶ
1265 2175 1510 2225 ἀναστάσεως
1534 2177 1715 2232 ἐγχειρῶν
1742 2193 1918 2232 πραγμα-

393 2250 497 2290 τείαν
520 2245 757 2297 ἐσπούδασε,
788 2245 1071 2299 ποικιλωτάτην
1093 2245 1405 2299 ἐπιδεικνύμενος
1434 2247 1626 2300 θεωρίαν,
1657 2245 1730 2285 εἶσὶ
1752 2248 1920 2286 τοσαῦτα

214 2192 302 2235 Κεφ.
325 2191 375 2232 ιζ’.

396 2314 450 2364 ὥς
470 2317 509 2357 ἐν
531 2317 706 2372 ἐπιτομῇ.
754 2312 957 2366 Ἐνθυμοῦ
980 2314 1022 2355 δὲ
1043 2315 1108 2355 καὶ
1134 2312 1181 2355 τοὶ
1202 2312 1352 2362 τούτοις
1372 2310 1613 2367 ἀναθεωρῶν
1634 2313 1783 2365 ἐφεξῆς.
1826 2313 1919 2353 Λεί-

396 2400 506 2426 πεται
538 2383 611 2439 γάρ
644 2381 713 2431 τοὶς
745 2379 821 2423 άπὸ
851 2385 928 2422 τῶν
960 2386 1122 2435 γραφῶν
1152 2383 1207 2423 ἔτι
1233 2379 1334 2436 πρός
1362 2386 1443 2428 τοῖς
1470 2380 1685 2435 εἰρημένοις
1709 2382 1920 2434 μαρτυρίας

396 2454 654 2507 παραλαβεῖν,
693 2448 741 2491 ἵν’
775 2447 899 2504 ὥςπερ
934 2446 1094 2504 άνδριοὶς
1127 2448 1254 2490 πάντα
1287 2447 1334 2490 τοὶ
1369 2449 1465 2504 μέρη
1498 2448 1725 2503 συμμέτρως
1753 2445 1777 2490 ὅ
1806 2446 1920 2503 λόγος

1468 2565 1481 2583 ἱ

1180 2599 1458 2637 inrerpretationem
1482 2599 1529 2629 vel
1551 2599 1682 2637 ingratis
1701 2597 1854 2633 trahatur,
1874 2597 1919 2627 ita

1180 2644 1272 2674 eliam
1301 2644 1461 2682 allegorice
1483 2643 1680 2673 statuendum
1707 2651 1770 2673 esse
1790 2641 1827 2672 de
1847 2642 1920 2672 stri-

444 2602 520 2633 CAP.
543 2601 636 2632 XVI.
661 2619 705 2623 ——
755 2599 783 2630 1.
805 2598 869 2640 τῆς
892 2599 1005 2642 ψυχῆς
1036 2593 1134 2632 δυ’να-

400 2658 451 2688 μιν
476 2657 599 2689 μασητι
602 2643 662 2686 κὴ)
687 2641 747 2678 οὐκ
769 2641 912 2688 ἐχούσης
933 2645 1051 2676 volebat
1072 2645 1134 2674 Ga-

399 2693 520 2723 raherus
552 2691 694 2723 Adverss
727 2691 812 2721 Misc.
846 2690 946 2721 Posth.
987 2698 1056 2728 cop.
1080 2687 1133 2720 36.

395 2746 470 2776 pay.
493 2736 568 2768 δΟΣ5.
626 2736 688 2767 Sed
721 2735 874 2766 mutanda
909 2737 973 2765 erat
1001 2735 1065 2765 sola
1089 2735 1136 2764 in-

1181 2688 1253 2718 dore
1275 2689 1410 2718 dentium
1433 2689 1465 2718 in
1485 2689 1523 2718 iis
1544 2688 1596 2726 qui
1616 2688 1744 2718 summis
1762 2686 1921 2724 suppliciis

1181 2733 1382 2771 afficiuntur,
1414 2736 1447 2763 ut
1468 2733 1507 2762 sit
1525 2742 1586 2763 non
1616 2732 1751 2770 corporis
1781 2731 1920 2761 dentium

400 2783 586 2821 ierpunclw,
621 2791 690 2812 cum
709 2782 803 2811 verba
832 2776 888 2812 τὸν
910 2776 1054 2823 βρυγμὸν
1072 2779 1137 2810 τῶν

402 2822 544 2859 ὀδόντων
563 2835 632 2857 ωιτη
653 2824 716 2867 τῆς
736 2823 849 2867 ψυχῆς
869 2826 992 2855 omnino
1011 2825 1138 2863 iungen-

399 2871 441 2901 da
462 2880 523 2901 esse
542 2873 687 2902 sententia
707 2871 859 2901 adstruat.
893 2871 957 2901 Hoc
975 2870 1055 2900 enim
1075 2869 1139 2899 vult

399 2917 537 2954 scriptor,
560 2915 819 2954 quemadmodum
840 2915 866 2944 is
890 2916 943 2953 qui
970 2915 1139 2953 scripturae

401 2961 481 2991 locos
509 2962 580 2991 istos
607 2964 671 2991 lam
698 2968 798 2999 presse
831 2960 1040 2997 interpretetur
1073 2959 1139 2998 fieri

400 3014 460 3037 non
489 3007 586 3045 possit
617 3007 691 3044 quin
718 3005 840 3036 demum
873 3005 916 3035 ad
943 3005 1139 3043 allegoricam

1182 2778 1305 2816 stridor,
1328 2779 1380 2808 sed
1392 2778 1527 2815 animae,
1549 2777 1630 2807 velut
1647 2784 1820 2815 corporeae,
1839 2776 1921 2806 velut

1183 2823 1418 2853 commandendi
1438 2823 1501 2852 vim
1521 2821 1677 2859 habentis,
1711 2829 1789 2859 quae
1810 2820 1920 2851 videli-

1183 2870 1226 2898 cet
1257 2870 1387 2906 tempore
1417 2867 1518 2897 ultimi
1547 2866 1674 2904 iudicii,
1707 2867 1797 2904 prout
1828 2866 1921 2896 sensit

1183 2920 1252 2942 cum
1272 2913 1350 2943 inter
1370 2912 1455 2942 vivos
1476 2913 1560 2949 esset,
1582 2911 1722 2948 horrebit,
1744 2911 1835 2949 inque
1854 2918 1920 2940 mo-

1183 2957 1258 2987 dum
1280 2958 1415 2996 corporis
1436 2957 1530 3008 quasi
1549 2955 1688 2986 dentibus
1707 2955 1852 2986 stridebit.

1228 3002 1259 3033 2.
1285 3011 1332 3038 ως
1352 2999 1481 3044 ἕκφρωο
1503 2994 1548 3033 ὦ)
1570 3001 1617 3031 vel
1643 2996 1721 3037 ωςεὶ
1743 2997 1873 3041 ε’κφρων
1894 2989 1920 3041 ’ᾖ
