2066 3319
193 1551 260 1579 pag.
280 1543 339 1570 592.

364 210 443 250 350
932 215 1093 248 SANCTI
1116 215 1342 248 EP1PHAN11

365 298 436 351 πία
470 292 636 335 πάντοτε
672 294 884 346 στέμμασιν
916 292 1196 348 ἆμαραντίνοις
1227 297 1556 346 κατακοσμοῦντι,
1596 297 1679 339 τοῖς
1710 296 1780 344 τῆς
1809 288 1896 344 άλη-

367 365 478 411 θείας
517 360 774 417 κηρύγμασιν.
841 361 1028 414 Λέξωμεν
1066 364 1198 403 τοίνυν
1238 363 1304 403 καὶ
1345 360 1454 403 αὐτοὶ
1495 359 1597 416 πρός
1637 357 1760 400 αὐτόν
1799 357 1897 400 κατά

365 429 541 483 δύναμιν.

480 496 669 548 Φάσκεις,
702 492 733 538 ῶ
760 492 898 549 οὗτος,
930 495 983 546 ὥς
1007 498 1074 538 καὶ
1099 496 1179 539 ἅνω
1211 516 1277 551 μοι
1306 496 1616 554 προδεδήλωται,
1648 497 1898 549 ἐπισκωμμα-

363 569 476 617 τίζων
498 565 579 616 ὅτι,
610 564 686 618 Μή
711 564 787 620 ἄρα
812 567 1065 620 βυρσοδέψης
1093 561 1143 619 ἦν
1172 564 1194 607 ὁ
1219 565 1335 618 θεὸς,
1366 569 1431 607 ἵνα
1455 570 1618 619 χιτῶνας
1645 566 1900 619 δερματίνους

362 641 444 683 τοῖς
474 635 564 689 περὶ
593 632 662 675 τόν
684 631 808 686 Ἀδάμ
837 633 1007 691 ποιήσῃ,
1040 635 1201 687 μηδέπω
1232 633 1341 684 ζώων
1373 635 1618 687 τεθυμένων,
1679 633 1734 673 Εἰ
1761 632 1803 674 δὲ
1831 632 1900 673 καὶ

363 702 487 756 ἐτύθη
514 707 612 753 ζῶα,
647 700 720 743 οὐκ
749 698 870 755 ἦσαν,
901 703 1018 755 φησὶ,
1049 707 1206 756 χιτῶνες
1237 702 1481 756 δερμάτινοι,
1514 699 1609 743 ἄλλα
1635 698 1677 742 τό
1709 699 1847 755 γήϊνον
1876 697 1900 740 ὃ

361 773 617 827 περικείμεθα
645 775 767 824 σῶμα.
829 772 909 812 Καὶ
934 770 1184 824 πανταχόθεν
1217 772 1404 826 ἐλέγχεται
1427 775 1474 828 τῇ
1500 774 1568 812 τοῦ
1598 768 1787 822 διαβόλου
1817 769 1898 810 ἐπι-

364 843 451 897 νοίᾳ
475 841 541 881 καὶ
565 843 612 897 τῇ
634 842 703 880 τοῦ
733 837 863 890 ὄφεως
887 838 1081 892 δολιότητι
1110 843 1432 894 παρακολουθῶν
1459 836 1623 893 φθοράν
1644 835 1824 886 α’πιστίας
1851 840 1900 894 τῇ

363 907 644 964 άνθρωπότητι
671 907 943 963 ἐργαζόμενος,
974 908 1040 948 καὶ
1060 906 1131 961 τήν
1151 906 1265 949 Εὕαν
1289 906 1620 961 ἐξαπατήσαντος,
1650 907 1716 947 καὶ
1746 905 1808 946 ἀεὶ
1830 903 1900 953 τοὶς

360 980 534 1025 διανοίας
557 981 634 1018 τῶν
659 974 850 1031 ἀκεραίων
878 980 1019 1028 ψυχῶν
1044 981 1090 1034 τῇ
1121 978 1341 1032 πανουργία
1371 977 1410 1017 ἐν
1435 982 1519 1024 ταῖς
1542 972 1672 1016 αὐτῶν
1702 975 1899 1021 διανοίαις

362 1048 721 1101 παραφθείρσιντος.
779 1042 945 1097 Ἴδωμεν
978 1046 1112 1085 τοίνυν
1151 1046 1186 1084 εἰ
1220 1043 1383 1085 δύναται
1414 1042 1462 1084 τά
1492 1042 1571 1085 ὑπὸ
1607 1045 1679 1084 σοῦ
1712 1042 1897 1097 εἰρημένα

363 1116 461 1168 ἔχειν
488 1112 642 1164 στάσιν,
678 1118 695 1142 ⁶
712 1110 764 1161 ῶς
786 1117 956 1154 τοσαῦτα
982 1111 1186 1165 μοχθήσας
1212 1115 1277 1153 καὶ
1299 1114 1354 1161 εἷς
1375 1111 1500 1165 μάτην
1523 1110 1660 1160 ἐλάσας
1683 1109 1785 1152 7τόν
1807 1110 1898 1164 περὶ

361 1181 559 1224 τοσούτων
579 1184 722 1235 βίβλων
744 1185 972 1236 συγγραφῆς
993 1179 1137 1235 άγῶνα.
1199 1182 1255 1221 Εἰ
1274 1179 1346 1236 γάρ
1373 1182 1476 1222 ἐστιν
1497 1180 1644 1233 ἀληθὲς
1667 1178 1689 1221 ὃ
1714 1179 1805 1235 περὶ
1827 1181 1900 1220 σοῦ

362 1250 514 1308 ᾄδεται,
547 1249 604 1291 ὅτι
628 1251 902 1302 ἑξακισχιλίους
921 1251 1080 1301 βίβλους
1100 1248 1356 1303 συνεγράψω,
1390 1243 1420 1289 ῶ
1444 1249 1703 1302 ματαιοπόνε,
1733 1248 1800 1289 καὶ
1830 1246 1901 1289 τόν

365 1319 492 1361 πάντα
512 1318 688 1372 κάματον
709 1319 764 1365 εἰς
782 1315 938 1371 ψόγους
957 1317 1023 1358 καὶ
1044 1315 1186 1364 δόλους
1205 1316 1460 1370 ματαιότητος
1479 1315 1681 1365 άναλώσας
1700 1318 1900 1371 σφοδρῶς,

363 1389 431 1430 καὶ
453 1392 575 1435 κενῶς
598 1385 667 1439 τήν
694 1384 766 1439 σήν
791 1387 972 1440 ἐργασίαν
992 1383 1248 1437 καταστήσας,
1281 1383 1346 1426 διά
1370 1389 1445 1426 τῶν
1467 1383 1687 1440 α’ναγκαίων
1709 1379 1766 1427 ῶν
1784 1400 1901 1439 παρε-

361 1455 532 1511 χάραξας
558 1452 790 1497 α’νέλπιστον
813 1457 881 1506 τῆς
911 1455 1101 1508 ἐμπορίας
1125 1466 1196 1494 σου
1223 1451 1290 1493 τὸν
1314 1451 1490 1506 κάματον
1512 1451 1786 1508 περιεποιήσω.
1847 1454 1906 1493 Εἰ

364 1525 436 1582 γάρ
463 1523 536 1566 οὐκ
561 1521 757 1565 άνίσταται
782 1520 825 1563 τό
849 1526 974 1574 σῶμα,
1006 1522 1100 1563 οὐδὲ
1122 1518 1148 1574 ή
1171 1520 1279 1574 ψυχή
1301 1539 1337 1563 τι
1360 1520 1651 1577 κληρονομήσει.
1712 1523 1803 1562 Μία
1826 1518 1899 1576 γάρ

364 1595 430 1636 καὶ
452 1591 477 1646 ή
499 1590 596 1645 αὐτή
619 1594 804 1633 κοινωνία
827 1595 897 1632 τοῦ
923 1607 959 1631 τε
983 1591 1161 1643 σώματος
1185 1590 1249 1630 καὶ
1275 1594 1344 1643 τῆς
1364 1594 1516 1643 ψυχῆς,
1547 1590 1613 1631 καὶ
1638 1591 1706 1642 μία
1730 1591 1900 1645 ἐργασία.

364 1661 593 1704 Ἀνάστασιν
619 1661 660 1701 δὲ
688 1658 939 1712 παλιμβόλως
961 1659 1028 1700 καὶ
1050 1656 1169 1706 αὐτὸς
1191 1655 1392 1713 ὁμολογῶν
1412 1658 1805 1712 πεφαντασιασμένην
1835 1656 1901 1699 δό-

364 1745 492 1784 κησιν,
519 1731 586 1771 καὶ
608 1727 679 1770 οὐκ
701 1728 901 1781 ἀληθινῶς
922 1728 1022 1780 ἕχον,
1047 1723 1246 1784 άναγκάζῃ
1267 1725 1389 1780 μόνον
1410 1725 1452 1768 vd
1476 1725 1601 1779 ὄνομα
1620 1727 1751 1781 λέγειν.
1789 1724 1901 1767 Ἀνά-

366 1813 498 1847 στασις
528 1792 600 1839 οὖν
631 1800 725 1839 ποία
752 1798 886 1849 ψυχῆς
915 1794 1076 1836 δύναται
1105 1795 1309 1850 λέγεσθαι,
1347 1799 1418 1848 τῆς
1448 1793 1502 1848 μή
1534 1793 1775 1848 πιπτούσης,
1806 1794 1902 1848 μηδὲ

365 1867 640 1919 θαπτομένης,
700 1863 810 1906 Ἀλλά
832 1863 927 1917 δήλη
952 1864 1055 1905 ἐστὶν
1078 1864 1120 1905 ἐκ
1140 1868 1210 1905 τοῦ
1236 1861 1429 1916 ὀνόματος
1448 1862 1506 1905 ὅτι
1530 1867 1600 1905 τοῦ
1623 1862 1810 1912 πεσόντος
1828 1861 1902 1905 σώ-

366 1953 484 1989 ματος
506 1935 572 1976 καὶ
590 1934 781 1986 ταφέντος
799 1931 826 1986 ἡ
850 1930 1080 1983 ἀνάστασις,
1111 1930 1237 1990 πάντῃ
1263 1948 1301 1973 τε
1333 1933 1399 1973 καὶ
1428 1933 1469 1974 ἐν
1495 1930 1602 1989 πάσῃ
1632 1936 1769 1990 γραφῇ
1800 1932 1902 1973 ἐστιν

364 2003 628 2060 κηρυττομένη
650 2000 728 2043 ὑπὸ
753 2006 831 2043 τῶν
854 2003 952 2043 υἱῶν
973 2005 1041 2054 τῆς
1064 1999 1265 2054 ἀληθείας.
1332 2002 1382 2041 Εἰ
1406 2000 1447 2042 δὲ
1470 2000 1546 2042 οὐκ
1570 1997 1792 2051 άνίσταται,
1825 1999 1901 2042 οὐκ

365 2074 420 2114 ἔνι
452 2071 478 2125 ή
504 2070 569 2113 διά
597 2075 735 2112 πασῶν
765 2075 930 2125 γραφῶν
962 2069 1228 2123 κηρυττομένη
1259 2067 1479 2117 ἀνάστασις.
1540 2071 1597 2110 Εἰ
1626 2069 1668 2110 δὲ
1694 2067 1902 2117 ἀνάστασις

366 2140 437 2194 οὐχ
458 2137 645 2194 ὑπάρχει,
678 2141 820 2192 ματαία
841 2137 868 2192 ἦ
891 2143 960 2192 τῆς
988 2142 1066 2179 τῶν
1097 2142 1244 2192 νεκρῶν
1276 2135 1522 2186 ἀναστάσεως
1548 2139 1776 2193 προςδοκία.
1841 2134 1901 2177 Οὗ

365 2208 438 2265 γάρ
467 2213 607 2262 ψυχῶν
631 2206 839 2255 ἀνάστασίς
865 2208 943 2248 ἐστι
965 2210 1041 2247 τῶν
1068 2204 1121 2259 μή
1147 2211 1370 2257 πεσουσῶν,
1402 2203 1495 2247 άλλοέ
1518 2204 1709 2259 σωμάτων
1737 2209 1815 2247 τῶν
1843 2221 1901 2246 τε-

366 2278 592 2330 θαμμένων.
633 2277 687 2317 Εἰ
705 2276 746 2317 δὲ
763 2277 830 2316 καὶ
852 2275 967 2329 μέρος
986 2279 1054 2328 τῆς
1075 2272 1322 2323 ἀναστάσεως
1342 2275 1538 2330 ἐγείρεται,
1569 2275 1687 2329 μέρος
1707 2273 1749 2315 δὲ
1773 2270 1900 2316 8οἷπο-

368 2349 517 2387 τίθεται
543 2344 641 2401 ἄρα,
671 2349 786 2386 τοῦτο
809 2341 851 2385 τὸ
876 2344 992 2397 μέρος
1011 2347 1096 2391 πῶς
1119 2344 1246 2393 ἔσταις
1309 2341 1368 2384 Οὐ
1390 2341 1463 2398 γάρ
1487 2341 1651 2384 δύναται
1680 2343 1721 2384 ἐν
1751 2341 1902 2396 σώματι

365 2413 463 2456 εἶναι
496 2415 592 2470 μέρη
622 2411 862 2469 ἐγειρόμενα,
900 2412 967 2452 καὶ
1000 2412 1096 2466 με’ρη
1130 2407 1400 2464 α’ποτιθέμενα
1427 2412 1494 2452 καὶ
1519 2409 1898 2464 καταλιμπανόμενα.

354 2480 445 2524 ρΌτι
477 2483 518 2524 δὲ
551 2484 630 2524 ἔστι
660 2486 773 2534 σῶμα
802 2478 994 2533 ψυχικόν,
1035 2480 1098 2520 καὶ
1133 2480 1210 2520 ἔστι
1241 2484 1352 2532 σῶμα
1383 2477 1666 2533 πνευματικόν,
1707 2477 1780 2521 οὐκ
1811 2476 1900 2520 ἄλλο

367 2556 478 2603 σῶμα
500 2549 777 2604 πνευματικόν,
807 2549 873 2590 καὶ
896 2546 983 2589 ἄλλο
1006 2545 1194 2600 ψυχικόν,
1227 2546 1304 2589 ἀλλ’
1329 2546 1424 2589 αὐτὸ
1450 2546 1635 2602 ψυχικόν,
1666 2545 1762 2589 αὕτό
1785 2563 1900 2588 πνευ·

367 2620 542 2672 ματικόν.
597 2618 691 2660 ΓΌτε
723 2616 796 2674 γάρ
830 2618 943 2670 ἐσμεν
975 2616 1015 2656 ἐν
1046 2619 1100 2656 τῶ
1133 2614 1289 2673 κόσμῳ,
1329 2617 1397 2657 καὶ
1429 2615 1477 2658 τά
1509 2614 1653 2672 σαρκός
1681 2613 1900 2670 πράττομεν

410 2791 441 2824 6.
467 2784 494 2824 ὦ
516 2791 664 2825 τοσαῦτα
686 2793 805 2824 volebat
828 2790 984 2822 Petavius.
1198 2787 1229 2820 8.
1257 2789 1353 2829 Vulyo
1366 2790 1542 2821 distinctum
1554 2791 1596 2820 est
1607 2784 1811 2827 nimrffisrm,
1832 2783 1898 2830 ἄρα

411 2836 441 2871 7.
469 2839 564 2878 Vulgo
587 2839 663 2871 τῶν.
1154 2832 1250 2866 τοῦτο
1274 2831 1311 2867 τὸ
1339 2833 1438 2877 μέρος
1460 2833 1532 2871 πῶς
1557 2831 1661 2867 ἔσται.
