2066 3319
197 504 266 532 pag.
281 496 338 524 595.

163 2676 250 2719 Κεφ.

273 2673 316 2694 ζῇν

271 2695 305 2715 bb
322 2699 329 2707 ⁸

361 198 440 238 356
919 201 1081 234 SANCTI
1101 202 1325 235 EPJPHANJI

363 280 486 333 Ἀδάμ
512 282 706 334 ἐγίνοντο,
736 277 909 320 πιθανόν
931 277 978 320 ἄν
1000 293 1069 321 σου
1089 279 1131 322 w*
1157 285 1338 333 ψεῦσμα,
1368 281 1435 321 καὶ
1456 279 1673 332 δυνάμενον
1697 282 1885 334 ἐξαπατῆ-

360 364 433 390 σαι.
481 347 575 389 ’Ότε
608 348 649 389 δὲ
682 350 861 399 φαίνεται
892 345 986 399 μετά
1017 346 1088 401 τὴν
1114 348 1225 389 Εὕαν
1257 352 1498 401 πλασθῆναι,
1535 347 1663 390 πόθεν
1699 347 1777 401 1δή
1809 346 1885 403 ἄρα

359 415 582 466 ἐπλάττετο,
614 414 706 457 άλλά
732 413 810 457 α’πό
837 414 1034 468 σώματος
1094 422 1239 470 Δῆλον·
1272 417 1431 469 ἐπέβαλε
1454 415 1547 471 γάρ,
1579 418 1720 469 φησὶν,
1752 418 1884 458 ἔκστα-

360 499 421 525 σιν
452 485 514 525 ἐπὶ
546 482 614 525 τόν
637 482 759 536 Ἀδάμ
788 485 855 525 καὶ
877 482 1049 535 ὕπνωσε,
1089 486 1156 526 καὶ
1178 486 1288 538 ἔλαβε
1319 487 1410 537 μίαν
1436 489 1514 525 τῶν
1543 489 1719 539 πλευρῶν
1749 484 1884 525 αὐτοῦ.

361 551 521 607 Πλευρά
544 552 584 593 δὲ
606 550 720 593 οὐδὲν
740 553 870 606 ἕτερον
893 550 1083 607 τυγχάνει,
1116 551 1207 593 άλλά
1230 551 1372 593 ὀστέον.
1419 550 1675 605 Ώικοδόμησε
1697 552 1739 593 δὲ
1760 551 1885 607 σάρκα

359 618 438 661 ἀντ’
460 619 590 674 αὐτῆς.
651 619 809 676 Σαρκός
831 621 872 662 δὲ
896 618 1195 674 ὀνομαζομένης,
1228 625 1312 669 πῶς
1336 621 1391 661 ἔτι
1411 622 1671 675 προςὸοκᾶται
1693 618 1721 672 ἦ
1744 619 1885 673 ταύτης

358 691 534 742 ποίησις,-
582 690 662 730 Καὶ
687 687 866 740 άνωτέρω
891 689 1001 742 φησὶ,
1036 688 1266 742 Ποιήσωμεν
1291 687 1506 743 ἄνθρωπον
1532 686 1614 729 κατ’
1640 687 1772 730 εἰκόνα
1793 686 1883 742 ἦμε-

357 759 489 811 τέραν,
519 758 585 798 καὶ
605 756 698 798 καθ’
726 755 930 810 ὁμοίωσιν·
968 760 1035 798 καὶ
1059 758 1189 810 ἔλαβε,
1220 757 1337 809 φησὶ,
1368 761 1462 810 χοῦν
1494 753 1573 798 άπὸ
1597 761 1666 809 τῆς
1694 761 1787 811 γῆς,
1817 757 1884 797 καὶ

358 828 495 866 ἔπλασε
515 824 582 867 τὸν
605 824 828 881 ἄνθρωπον.
886 823 928 866 Ὁ
956 826 996 866 δὲ
1023 830 1115 879 χοῦς
1136 826 1203 866 καὶ
1227 823 1320 879 σάρξ
1348 824 1460 867 οὐδὲν
1487 823 1616 878 ἕτερόν
1639 826 1760 875 ε’στιν,
1792 822 1884 865 άλλά

358 899 479 947 σῶμα.
540 892 641 935 Εἶτα
675 894 893 947 μετέπειτα,
942 894 1022 934 Καὶ
1058 892 1225 942 άναστάς
1254 892 1374 946 Ἀὃάμ
1410 892 1489 934 ἀπὸ
1524 897 1593 933 τοῦ
1625 892 1755 934 ὕπνου
1787 890 1881 944 εἷπε,

365 968 486 1005 Τοῦτο
514 968 584 1004 νῦν
611 961 754 1004 ὀστοῦν
785 964 827 1003 ἐκ
855 966 932 1003 τῶν
962 960 1086 1004 ὀστῶν
1111 979 1206 1015 μου,
1238 963 1303 1002 καὶ
1326 959 1421 1016 σάρξ
1446 963 1488 1002 ἐκ
1518 966 1587 1014 τῆς
1617 959 1762 1016 σαρκός
1793 978 1880 1012 μου.

363 1031 485 1073 Οὔπω
514 1032 554 1073 δὲ
583 1036 737 1085 χιτῶνες
769 1033 810 1072 οἵ
837 1029 1080 1085 ὅερμάτινοι,
1110 1029 1219 1072 οὔπω
1242 1028 1285 1072 τό
1306 1028 1413 1085 παρα
1441 1034 1512 1070 σοῦ
1540 1033 1700 1082 ψεῦσμα
1723 1028 1881 1084 ἀλληγο-

359 1099 549 1155 ρούμενον
575 1097 755 1154 ύπῆρχεν.
812 1097 972 1140 Ὀστοῦν
999 1101 1129 1140 τοίνυν
1162 1100 1204 1140 ἐκ
1232 1103 1310 1140 τῶν
1337 1097 1462 1140 ὀστῶν
1485 1115 1582 1150 μου,
1618 1098 1685 1139 καὶ
1714 1095 1809 1152 σάρξ
1839 1098 1882 1138 ἐκ

357 1174 434 1210 τῶν
460 1172 614 1224 σαρκῶν
647 1185 744 1220 μου,
783 1169 901 1220 δῆλον
926 1166 984 1208 ὅτι
1015 1166 1172 1220 σώματα
1197 1161 1316 1219 ἦσαν,
1354 1167 1419 1207 καὶ
1450 1165 1522 1207 οὐκ
1552 1160 1602 1219 ἧν
1625 1164 1830 1218 ἀσώματος
1860 1162 1883 1206 ὅ

354 1235 475 1290 Ἀδάμ
496 1238 559 1278 καὶ
587 1233 612 1289 ἡ
634 1234 734 1276 Εὔα.
797 1236 876 1275 Καὶ
897 1236 1031 1287 ἔλαβεν
1054 1234 1133 1276 άπὸ
1161 1239 1231 1276 τοῦ
1253 1236 1389 1285 ξύλου,
1420 1235 1487 1275 καὶ
1519 1235 1683 1289 ἔφαγεν,
1716 1231 1768 1282 ῶς
1790 1231 1880 1274 ύπε-

355 1304 536 1358 νοθεύθη
563 1302 639 1345 ύπὸ
672 1306 741 1345 τοῦ
773 1301 902 1354 ὄφεως
932 1304 998 1343 καὶ
1024 1303 1176 1357 γέγονεν
1206 1303 1247 1344 ἐν
1276 1307 1477 1359 παρακοῇ·
1524 1303 1602 1343 Καὶ
1636 1300 1781 1355 ἤκουσε
1811 1301 1881 1355 τὴν

357 1372 493 1426 φωνην
525 1375 594 1414 τοῦ
625 1375 725 1413 θεοῦ
759 1375 1066 1421 περιπατοῦντος
1098 1372 1138 1412 ἐν
1171 1375 1222 1427 τῷ
1251 1372 1481 1427 Παραδείσῳ
1516 1368 1558 1411 τὸ
1593 1368 1775 1420 δειλινὸν,
1814 1370 1881 1410 καὶ

357 1440 501 1496 ἐκρύβη
533 1438 556 1482 ὁ
585 1438 707 1491 Ἀδάμ
737 1440 804 1479 καὶ
829 1436 856 1491 ἡ
876 1437 966 1480 Εὕα
990 1440 1029 1480 ἐν
1051 1443 1105 1495 τῷ
1128 1436 1245 1495 ξύλῳ·
1284 1439 1347 1479 καὶ
1374 1436 1395 1479 ὁ
1418 1436 1513 1486 θεός
1543 1452 1640 1491 φησι
1671 1442 1724 1495 τῷ
1745 1435 1879 1490 Ἀδάμ,

359 1514 448 1551 Ποῦ
470 1507 522 1559 εἷς
563 1505 585 1550 ὁ
611 1508 652 1548 δὲ
677 1505 916 1562 ἐλεγχόμενος
943 1506 1216 1561 ἀποκρίνεται,
1255 1504 1334 1559 Τὴν
1357 1505 1492 1559 φωνήν
1517 1520 1588 1547 σου
1611 1504 1784 1559 ἥκουσα,
1814 1506 1880 1547 καὶ

354 1575 545 1632 ἐκρύβην,
585 1575 644 1618 ὅτι
676 1574 822 1631 γυμνός
853 1577 939 1628 εἶμι.
1001 1574 1157 1628 Γυμνόν
1182 1574 1223 1615 δὲ
1246 1572 1321 1628 ὄῖρα
1345 1579 1461 1616 ποῖον
1495 1575 1612 1629 ἔλεγε,
1651 1572 1722 1627 τὴν
1750 1572 1881 1627 ψυχὴν

357 1647 498 1700 ἔλεγεν,
529 1643 555 1698 ἢ
577 1643 619 1686 τὸ
642 1649 771 1697 σῶμα,-
811 1642 857 1684 τά
886 1644 927 1685 δὲ
949 1642 1074 1695 φύλλα
1099 1648 1167 1696 τῆς
1190 1647 1311 1696 συκῆς
1337 1645 1423 1683 τίνα
1448 1643 1602 1694 ἕσκεπε,
1633 1640 1704 1695 τὴν
1733 1640 1879 1695 ψυχὴν,

356 1713 382 1766 ἢ
405 1712 447 1755 τὸ
473 1718 605 1766 σῶμα,
656 1713 748 1763 Καὶ,
785 1715 850 1761 Τίς
873 1727 935 1753 σοι
955 1709 1050 1762 εἷπε,
1082 1713 1217 1764 φησὶν,
1250 1710 1309 1753 ὅτι
1331 1708 1478 1766 γυμνὸς
1498 1708 1544 1761 εἷ,
1576 1711 1611 1751 εἰ
1634 1708 1686 1763 μὴ
1711 1708 1788 1752 άπὸ
1811 1715 1881 1752 τοῦ

357 1780 485 1832 ξύλου,
510 1775 558 1823 οῦ
580 1778 820 1834 ἐνετειλάμην
844 1795 904 1822 σοι
923 1778 1063 1821 τούτου
1083 1778 1207 1833 μόνου
1229 1778 1281 1832 μὴ
1304 1784 1456 1834 φαγεῖν,
1489 1776 1553 1820 ἀπ’
1573 1776 1695 1820 αὐτοῦ
1715 1779 1877 1834 ἕφαγεςς

360 1852 440 1891 Καί
461 1864 594 1903 φησιν,
624 1846 815 1904 Ἡγυμνή
839 1848 888 1901 ἢν
908 1847 1057 1896 ἔδωκάς
1079 1865 1145 1901 μοι
1169 1848 1314 1889 δέδωκέ
1335 1864 1414 1900 μοι,
1444 1848 1510 1888 καὶ
1535 1848 1694 1902 ἔφαγον.
1738 1846 1879 1888 Πόθεν

354 1919 395 1959 δὲ
419 1917 543 1970 ἐδόθη
566 1915 592 1970 ἦ
619 1916 735 1972 γυνὴ,
767 1916 844 1957 ἀλλ’
865 1916 891 1970 ἢ
918 1915 998 1958 ἀπὸ
1021 1921 1088 1970 τῆς
1116 1920 1305 1971 πλευρᾶς,
1335 1916 1531 1957 τουτέστιν
1554 1913 1630 1956 άπὸ
1653 1919 1722 1956 τοῦ
1750 1914 1877 1969 σῶμα·

353 2003 436 2036 τος,
468 1983 584 2039 πρινή
606 1983 698 2034 τοῦς
727 1989 886 2038 χιτῶνας
918 1983 1050 2033 αὐτοῖς
1081 1987 1270 2038 δοθῆναι,
1330 1984 1410 2024 Καὶ
1433 1988 1479 2041 τῇ
1502 1986 1657 2039 γυναικί
1677 1997 1795 2037 φησι,
1833 1986 1877 2025 Τι’

353 2058 468 2095 τοῦτο
493 2055 695 2106 ἐποίησας,-
754 2051 801 2093 Ἡ
818 2053 877 2102 δὲ,
907 2051 950 2093 Ὁ
973 2051 1065 2104 ὄφις
1085 2051 1261 2106 ἠπάτησέ
1284 2069 1349 2105 με,
1379 2053 1444 2093 καὶ
1468 2053 1630 2107 ἔφαγον,
1661 2053 1728 2093 καὶ
1749 2054 1877 2094 ἔδωκα

354 2127 407 2179 τῷ
439 2122 550 2177 ἀνδρί
577 2139 664 2174 μου.
722 2118 766 2161 Ὁ
795 2121 837 2162 δὲ
862 2120 957 2169 θεὸς
985 2120 1117 2176 ε’πάγει
1140 2119 1210 2174 τήν
1236 2119 1427 2176 κατάραν,
1457 2121 1523 2160 καὶ
1553 2124 1602 2177 τῇ
1627 2121 1777 2175 γυναικὶ
1807 2119 1878 2174 τήν

354 2188 525 2243 ὀδύνην,
556 2190 698 2245 καὶτῷ
724 2187 928 2245 ἀνθρώπῳ
960 2188 1002 2230 τὸ
1026 2191 1066 2231 ἐν
1093 2191 1227 2244 ἱδρῶτι
1256 2194 1395 2244 φαγεῖν
1418 2186 1486 2229 τὸν
1519 2186 1657 2242 ἄρτον,
1687 2189 1754 2230 καὶ
1783 2187 1874 2242 μετᾶ

352 2263 473 2299 ταῦτα
501 2258 619 2312 λέγει,
657 2255 777 2307 Ἰδού,
816 2255 937 2310 Ἀδάμ
969 2258 1124 2312 γέγονεν
1148 2255 1201 2306 ὥς
1223 2255 1278 2306 εἷς
1304 2259 1341 2306 ἐξ
1366 2254 1493 2309 ἡμῶν·
1535 2255 1588 2310 μή
1611 2273 1703 2298 ποτε
1728 2258 1876 2314 ἐκτείνῃ

353 2327 425 2379 τὴν
443 2332 549 2382 χεῖρα
571 2326 637 2367 καὶ
660 2324 810 2378 ἅψηται
834 2330 902 2366 τοῦ
930 2325 1046 2375 ξύλου
1069 2327 1136 2367 καὶ
1158 2324 1287 2383 φάγῃ,
1319 2326 1386 2366 καὶ
1406 2323 1557 2378 ζήσεται
1579 2326 1632 2373 εἰς
1652 2323 1720 2366 τὸν
1742 2326 1874 2366 αἰῶνα.

356 2395 435 2435 Καὶ
457 2393 543 2448 μεθ’
572 2395 699 2448 ἕτερα,
742 2393 820 2434 Καὶ
843 2394 1023 2446 ἐποίησεν
1047 2391 1068 2435 ὁ
1092 2393 1188 2443 θεὸς
1217 2397 1380 2447 χιτῶνας
1401 2395 1672 2448 ὅερματίνους,
1700 2394 1768 2434 καὶ
1796 2394 1875 2435 ἐνέ-

355 2466 446 2503 δυσε
475 2460 566 2511 τοῦς
594 2462 682 2517 περὶ
711 2460 778 2502 τὸν
801 2459 941 2514 Ἀδάμ,
971 2462 1038 2502 καὶ
1063 2463 1236 2515 ἐξέβαλεν
1267 2460 1412 2510 αὐτούς
1443 2463 1485 2503 ἐκ
1515 2465 1585 2503 τοῦ
1614 2463 1873 2516 Παραὸείσου.

356 2532 435 2572 Καὶ
461 2529 554 2587 ὁρᾷς
583 2529 641 2572 ὅτι
667 2528 827 2583 μάταιος
850 2527 876 2582 ἡ
902 2528 1009 2583 παρά
1031 2535 1102 2571 σοῦ
1124 2531 1460 2584 καινοτομουμένη
1489 2532 1722 2582 κενοφωνία.
1785 2528 1873 2586 Πρὸ

360 2597 516 2641 2πόσου
547 2596 620 2653 γάρ
651 2596 792 2652 χρόνου
820 2592 919 2651 ἦσαν
949 2596 1106 2650 σώματα
1135 2604 1216 2647 τοῖς
1245 2600 1334 2654 περὶ
1363 2597 1429 2640 τόν
1457 2596 1599 2650 Ἀδάμ,

467 2669 522 2707 Εἰ
541 2667 581 2708 δὲ
602 2665 716 2708 τοῦτό
741 2680 782 2707 σε
806 2666 1019 2721 ἀνακρίνει,
1050 2667 1114 2707 καὶ
1142 2666 1190 2707 οὐ
1213 2666 1375 2708 δύνασαι
1401 2670 1578 2719 ψυχικῶς
1599 2664 1874 2718 διανοούμενος

354 2739 421 2776 τοῦ
443 2733 660 2788 πνεύματος
682 2735 869 2784 δέξασθαι
891 2732 962 2788 τήν
980 2735 1103 2789 χάριν,
1135 2732 1282 2785 ἄπιστε,
1313 2735 1380 2776 καὶ
1402 2734 1580 2776 ἐπέκεινα
1602 2737 1679 2774 τῶν
1701 2732 1874 2775 ἀπίστων

195 2824 262 2852 pag.
279 2816 337 2844 596.
357 2804 572 2857 τυγχάνων,
602 2803 684 2858 λέγε
706 2820 770 2855 μοι
801 2801 966 2856 ἑκάστην
986 2800 1180 2844 ’ὑπόθεσιν
1203 2803 1245 2843 ἐκ
1272 2807 1371 2844 θεοῦ
1393 2806 1614 2857 γεγονυῖαν,
1645 2799 1771 2854 πόσην
1800 2802 1874 2854 ἔχει

393 2869 400 2882 x
846 2872 854 2886 x
1194 2869 1202 2881 r
1313 2872 1322 2886 ³
1408 2869 1418 2884 2
1473 2867 1493 2882 5}
1655 2868 1665 2882 2
1757 2867 1765 2881 1
1845 2869 1856 2884 Ι

356 2888 426 2924 την
449 2874 771 2928 θαυματουργίαν
793 2889 858 2913 και
878 2872 1073 2925 ἔκπληξιν,
1138 2874 1277 2912 Ποθεν
1306 2873 1344 2920 εξ
1373 2887 1448 2912 ουκ
1471 2886 1594 2911 οντων
1621 2885 1788 2924 ουρανος
1815 2885 1872 2910 τε-

401 3019 477 3052 Cn.
497 3020 604 3054 LXV.
629 3039 670 3046 —-
719 3022 748 3055 1.
773 3020 816 3066 δὴ
840 3031 895 3063 eye
917 3022 1069 3062 rescripsi.
1114 3020 1200 3053 Libri
1222 3020 1333 3052 habent
1356 3017 1403 3054 δὲ.
