2066 3319
1618 209 1670 250 99

134 304 290 344 cenario
319 315 506 342 annorum
535 314 719 350 numero,
753 300 798 340 ad
825 313 935 354 quem
967 300 1173 339 satvr-ioris
1202 306 1367 339 aetatem
1398 312 1442 338 ac
1466 298 1577 338 virile
1609 312 1671 338 ro-

133 372 204 412 bur
237 370 437 411 existimat
464 369 581 409 fuisse
608 369 853 422 perductum,
894 382 1001 407 suam
1034 368 1132 407 ittam
1161 368 1338 407 Aeonum
1375 367 1529 419 triginta
1565 366 1670 406 t'abu-

133 440 205 480 Iam
236 438 439 479 confinxit.
504 436 545 477 ln
578 451 652 491 quo
687 437 784 490 sugit
815 450 900 476 cum
936 436 1050 475 ratio.

519 222 699 254 PANARH
723 221 804 254 Lm.
826 221 866 251 II.
896 221 1046 252 TOM.1.
1071 221 1201 251 nanu.
1222 220 1274 251 Li.

1113 434 1204 475 Non
1244 435 1344 474 enini
1380 436 1533 487 triginta
1566 435 1671 474 sotos

133 507 247 557 vixit,
282 508 348 546 sed
375 505 572 546 tricesimo
596 519 698 545 anuo
724 505 942 559 baptizatus
970 510 1044 554 est,
1079 518 1162 543 cum
1189 503 1261 542 iani
1286 503 1472 542 decimum
1500 517 1671 542 inensem

133 590 247 630 supra
279 572 425 614 XXIX
460 588 582 614 annos
617 574 825 627 attigisset.
889 572 1015 625 Quem
1049 572 1147 611 diem
1181 578 1270 610 ante
1299 571 1541 610 delinivimus
1574 570 1670 610 XII.

135 643 255 684 fuisse
284 642 429 683 mensis
455 642 609 697 Athyr,
643 649 681 681 et
707 640 817 682 VIII.
848 640 904 680 ld.
933 639 1041 680 Nor.

134 712 275 752 domini
300 711 566 766 praedicasset
589 725 754 760 annum,
790 709 982 762 aliumque
1016 707 1145 747 itidem
1179 706 1488 746 contradictione
1522 708 1673 761 plenum

133 794 177 820 ac
202 778 385 820 LXXIV
414 786 617 834 praeterea
647 778 729 818 dies
754 778 885 817 eadem
911 774 1087 816 molestia
1120 776 1310 826 refertos,
1351 774 1396 814 ab
1431 789 1477 814 eo
1510 776 1569 815 die
1601 790 1675 829 quo

1108 637 1201 678 Post
1227 638 1320 677 Ilaec
1344 653 1427 678 cum
1451 640 1672 693 placabilem

133 846 221 888 olim
248 848 465 902 baptizatus
493 854 578 888 erat
599 853 688 887 ante
717 845 880 886 natalem
912 858 1046 893 suum,
1082 850 1121 884 ut
1147 850 1266 883 totum
1294 842 1376 883 eius
1401 843 1502 883 vitae
1528 851 1676 896 tempus

133 917 180 958 ab
205 924 292 957 ortu
318 917 363 956 ad
389 916 610 972 passionem
635 928 754 968 usqne
777 927 900 953 annos
923 910 1091 953 XXXII
1118 926 1163 952 ac
1189 912 1271 952 dics
1294 910 1478 952 LXXIV
1505 912 1675 963 colligat,

133 985 179 1026 ab
202 985 361 1026 ineunte
384 999 480 1025 vcro
499 983 623 1025 Silani
644 997 688 1023 ac
706 981 867 1023 Nervae
891 981 1094 1022 consulatu
1114 980 1202 1020 anni
1229 980 1302 1020 duo
1325 994 1369 1020 ac
1394 980 1476 1020 dies
1495 977 1678 1020 CXXIV

134 1054 334 1094 fluxerint.
401 1051 456 1094 Ita
486 1067 560 1093 non
591 1052 702 1092 modo
730 1049 984 1102 Valentinus,
1019 1050 1085 1090 scd
1114 1057 1152 1089 et
1183 1049 1318 1103 reliqui
1345 1049 1517 1088 eiusdem
1551 1055 1676 1087 secta-

135 1129 240 1163 tores
275 1122 474 1171 insaniae,
519 1119 666 1161 erroris
701 1126 929 1173 arguuntur.
1001 1117 1079 1159 Sed
1119 1125 1158 1158 et
1194 1118 1247 1157 itti
1285 1117 1355 1172 ipsi
1396 1130 1572 1172 quoque,
1615 1115 1678 1170 qui

137 1189 292 1231 Ioannis
334 1189 577 1244 evangelium
618 1188 825 1239 abiiciunt,
873 1202 970 1242 qnos
1008 1183 1192 1240 Ἀλόγους
1232 1186 1371 1226 merito
1415 1185 1675 1235 nominamus,

135 1260 314 1314 quoniam
336 1256 483 1312 Λόγον,
516 1258 587 1298 hoc
610 1264 670 1297 est
691 1257 749 1296 dei
775 1256 935 1297 verbnm
963 1256 1222 1311 praedicatum
1248 1269 1269 1295 a
1294 1252 1437 1294 Ioanne
1459 1253 1677 1309 repudiant,

136 1328 277 1383 patris,
311 1328 489 1382 inquam,
525 1326 684 1366 verbum
711 1325 800 1365 iIIud
831 1340 876 1365 ac
901 1326 1037 1375 deum,
1072 1324 1134 1379 qui
1161 1324 1206 1364 de
1233 1324 1342 1364 coeto
1374 1323 1552 1378 delapsus
1578 1321 1679 1362 satu-

136 1403 210 1437 tem
238 1396 348 1437 nobis
380 1403 460 1436 toto
483 1395 548 1435 illo
573 1409 647 1449 qno
675 1393 776 1434 iuter
800 1393 975 1433 homines
1002 1400 1182 1434 versatus
1212 1400 1272 1433 est
1299 1401 1471 1447 tempore
1497 1390 1680 1431 concilia-

135 1465 205 1505 vit.

137 1533 347 1588 prophetae
369 1532 585 1572 firmissima
608 1531 800 1585 probatio,
835 1540 872 1570 et
893 1528 1042 1580 Lucae,
1079 1528 1251 1579 Ioannis,
1279 1527 1469 1569 Matthaei
1491 1543 1535 1568 ac
1553 1526 1680 1568 Marci

137 1602 363 1656 evangelia,
398 1608 458 1651 et,
492 1608 533 1641 ut
563 1615 640 1640 uno
662 1599 782 1639 verbo
818 1599 963 1649 dicam,
998 1598 1125 1638 omnia
1162 1598 1248 1637 iIIos
1279 1597 1470 1637 rationum
1509 1598 1680 1651 pondera

267 1463 369 1505 'Nam
395 1472 432 1504 et
454 1463 682 1504 consulares
711 1462 797 1502 iIIos
822 1462 907 1502 I'asti
934 1470 972 1502 et
995 1476 1183 1502 annorum
1212 1461 1336 1501 series
1359 1460 1458 1515 ipsa,
1492 1467 1531 1500 et
1555 1457 1679 1499 Isaiae

138 1685 182 1711 ac
208 1677 400 1710 momenta
425 1669 682 1718 convincunt,
717 1669 828 1722 idque
852 1667 997 1722 ipsum,
1032 1667 1131 1720 qnod
1158 1666 1350 1715 volumus,
1385 1665 1568 1713 efficiunt,
1603 1678 1679 1704 non

138 1754 254 1780 unum
287 1737 438 1779 Pascha
476 1740 663 1777 duntaxat
697 1751 715 1775 a
751 1735 1050 1791 praedicationis
1089 1733 1254 1774 exordio
1293 1748 1421 1774 annuo
1459 1733 1682 1773 celebrasse

139 1807 326 1857 circuitu,
360 1808 425 1847 sed
453 1821 536 1846 cum
562 1806 676 1845 tertio
701 1798 859 1859 insuper
886 1804 1089 1844 consulatu
1117 1803 1221 1843 vitae
1250 1816 1342 1842 snae
1371 1816 1421 1841 ex
1447 1801 1573 1855 aliqua
1606 1801 1681 1840 sal-

137 1883 213 1916 tem
251 1883 356 1930 parte
393 1883 542 1929 tempus
581 1874 843 1927 adaequasse,
884 1879 1084 1928 postquam
1122 1886 1142 1911 a
1178 1869 1321 1911 Ioanne
1354 1870 1571 1924 baptizatus
1604 1875 1679 1909 est.

138 1943 248 1987 Unde
269 1945 535 1998 imperitorum
561 1942 754 1982 homiuum
779 1941 877 1981 ratio
898 1942 1022 1981 omnis
1045 1940 1206 1989 excidit,
1235 1953 1396 1993 quorum
1422 1945 1549 1978 tantus
1571 1951 1682 1991 gras-

139 2021 247 2054 satur
274 2026 386 2054 error
410 2027 494 2052 cum
518 2011 684 2051 amentia
711 2011 941 2065 inscitiaque
967 2009 1213 2059 coniunctus,
1249 2015 1289 2048 nt
1314 2021 1438 2061 neque
1465 2007 1580 2047 vitam
1609 2005 1681 2060 ipsi

140 2096 247 2123 suam
273 2087 512 2136 agnoscant,
546 2087 585 2120 et
607 2080 653 2120 ad
677 2081 969 2134 oppugnandam
992 2077 1195 2119 veritatem
1225 2078 1366 2117 frustra
1391 2075 1472 2116 suis
1498 2089 1540 2115 se
1573 2088 1681 2114 men-

139 2151 258 2192 daciis
291 2149 513 2204 accingant.

253 2217 331 2260 Sed
357 2218 491 2258 hocin
526 2216 631 2257 hisce
659 2217 767 2257 libris
799 2215 981 2271 scriptum
1011 2214 1232 2255 invenimus
1264 2221 1463 2255 aeternum
1497 2210 1558 2251 dei
1591 2224 1680 2250 ver·
1730 2210 1808 2253 Cap.

139 2288 228 2329 bum
251 2301 352 2327 anno
375 2286 542 2340 Augusti
565 2283 659 2325 XL.
688 2292 816 2325 natum
843 2297 946 2325 esse.
1010 2283 1122 2337 Quae
1150 2290 1209 2323 est
1237 2281 1439 2337 scriptoris
1469 2279 1679 2320 halluciua-
1704 2256 1838 2289 XXIX.

142 2357 218 2407 ti03
252 2355 326 2396 nisi
350 2356 449 2395 forte
472 2354 642 2394 binarius
665 2353 809 2393 extrita
833 2352 942 2393 litera
970 2352 995 2404 β
1018 2352 1069 2393 sit
1090 2357 1331 2407 expunctus,
1366 2357 1405 2389 et
1428 2349 1478 2388 ita
1506 2345 1585 2388 XL
1617 2361 1681 2387 so-

140 2425 216 2466 lum
241 2423 332 2464 anni
362 2421 638 2463 remanserint.
702 2420 846 2462 Natum
876 2421 1027 2475 quidem
1055 2426 1209 2461 constat
1233 2432 1321 2459 esse
1348 2415 1546 2459 Christum
1578 2429 1681 2456 anno

141 2492 310 2547 Augusti
336 2489 471 2533 XLII.
533 2490 693 2531 Addunt
716 2487 813 2529 XII.
841 2487 927 2530 Cat.
957 2488 1073 2529 tntias
1106 2489 1190 2529 sive
1227 2486 1378 2536 Iunias,
1422 2498 1546 2539 neque
1577 2484 1680 2524 enim

144 2569 252 2602 certo
281 2560 387 2610 scio,
421 2560 521 2600 istud
551 2559 764 2609 accidisse,
800 2556 974 2613 Sulpicio
998 2555 1210 2598 Camerino
1242 2562 1279 2595 et
1312 2552 1490 2594 Buteone
1518 2551 1682 2607 Pompe-

141 2656 263 2692 carum,
284 2652 393 2684 deinde
413 2652 494 2692 quod
508 2652 673 2688 imperium
687 2651 816 2690 Augusti
832 2660 889 2681 nu-

141 2702 299 2730 merorum
322 2699 360 2729 ab
384 2707 417 2729 eo
440 2707 522 2728 aimo
540 2707 598 2737 quo
618 2698 669 2727 ille
691 2697 807 2727 devicto
827 2697 889 2726 An-

141 2746 223 2776 tonio
243 2753 345 2775 rerum
365 2745 480 2783 potitus
500 2747 551 2774 est.
599 2744 620 2773 A
648 2751 707 2781 qno
728 2751 810 2772 anno
837 2750 891 2780 per

141 2790 352 2830 quadraginta
374 2798 472 2820 anrios
493 2788 676 2820 descendens
696 2796 789 2826 usque
810 2788 838 2817 in
860 2795 890 2816 a.

142 2835 217 2868 701.
237 2844 266 2866 α.
285 2835 319 2866 U.
336 2836 368 2865 C.
390 2835 591 2873 deprehendis
609 2834 746 2864 consules
760 2834 795 2863 G.
808 2833 890 2870 Pop-

141 2889 255 2919 paeum
278 2883 304 2911 et
328 2880 502 2919 Sulpicium
527 2880 736 2916 Camerinum,
761 2886 892 2917 quoru-m

143 2926 190 2956 hic
224 2927 350 2956 nomino
386 2926 478 2956 latere
509 2934 607 2964 paene
636 2925 668 2954 iu
695 2926 800 2962 aperto
831 2925 892 2962 est,-

144 2971 335 3001 solummodo
370 2971 448 3001 illud
484 2968 630 3013 βεττέω,
666 2970 714 3000 vel
747 2967 892 3011 βηττέω,

143 3016 225 3046 atius
252 3024 346 3055 quam
371 3017 430 3046 Gai
462 3016 596 3046 nominis
629 3016 760 3054 vestigia
792 3014 890 3044 habet.

147 3060 232 3098 Quae
255 3069 324 3091 cum
354 3062 397 3091 ita
428 3062 507 3099 sint,
543 3069 672 3099 cumque
696 3061 726 3090 in
747 3060 893 3089 {ermina-

935 2651 1014 2681 tione
1038 2650 1179 2680 vocabuli
1194 2643 1405 2688 ΙΙομτῑ-ηἴανῷ
1429 2645 1518 2684 facile
1532 2653 1683 2684 agnosca-

935 2699 985 2726 tur
1011 2695 1226 2734 compendium
1249 2693 1331 2722 vocis
1361 2687 1532 2742 ἅνξρωπον
1564 2686 1681 2727 (ciffi),

937 2744 963 2771 et
986 2741 1233 2771 additamentum
1262 2737 1340 2767 illud
1368 2732 1504 2773 ὁπατοις
1531 2738 1683 2767 correctu-

937 2795 1007 2817 ram
1029 2787 1132 2825 potius
1153 2783 1316 2822 magistetti
1339 2783 1471 2813 alicuius
1491 2783 1606 2820 sapiat,
1632 2781 1682 2819 sa-

938 2833 993 2862 cile
1010 2835 1052 2861 est
1074 2830 1235 2860 rescribere
1248 2826 1448 2859 Σουλπικίου
1460 2824 1681 2868 Καμμαρίνου

938 2874 996 2908 καὶ
1016 2874 1120 2907 Γαΐου
1141 2871 1315 2905 Horma-[0¹³
1340 2868 1510 2913 ἅνξρωπον
1540 2869 1684 2904 ἐδύσατο

940 2921 1003 2963 (vet
1023 2922 1114 2951 etiarn
1137 2914 1304 2960 οἱνῖρώτῑῳ
1329 2914 1533 2959 ἐνεδύσατο).
1574 2915 1683 2949 Τοῦτο

938 2970 1003 2998 cett.
1063 2965 1231 2996 Cornorius
1264 2965 1370 2994 vertit.-
1415 2962 1536 2994 Dicunt
1573 2969 1682 2993 autem

940 3009 1028 3052 quod
1050 3016 1126 3040 ante
1150 3007 1379 3040 duodecimum
1396 3007 1530 3040 calend.
1547 3006 1590 3038 tut
1628 3011 1684 3036 aut

940 3054 1042 3093 lunii,
1080 3065 1145 3085 non
1179 3053 1287 3085 habco
1323 3053 1409 3085 enim
1445 3052 1534 3097 quod
1565 3051 1683 3089 dicam,

1348 3112 1411 3152 7*
