2066 3319
546 156 724 189 PANARu
750 157 874 188 Liss.lt
912 156 1018 188 ΤΟΜ.
1037 159 1075 189 n.
1102 158 1228 190 maa.
1246 159 1367 190 vai.
1638 152 1717 190 403

196 241 254 273 ter
276 247 361 273 eum
389 234 450 287 qui
477 248 615 274 revera
647 243 705 275 cst
738 249 824 274 esse
858 236 971 275 alium
998 237 1256 288 arbitrantur,
1290 246 1403 291 atque
1428 253 1447 277 a
1476 238 1644 287 duabus,
1679 245 1714 276 nt

194 301 244 340 ita
267 301 410 351 dicam,
446 301 658 352 radicibus,
693 303 774 343 sive
798 303 1009 357 principiis,
1045 305 1223 345 universa
1250 306 1395 359 perlici,
1430 308 1527 359 quod
1550 306 1716 346 omnium

194 369 346 422 impium
380 369 548 409 maxime
582 377 641 409 est
672 384 716 410 ac
748 372 860 424 longe
889 372 1202 425 perditissimum.
1267 372 1343 413 Sed
1373 375 1417 412 de
1442 389 1486 413 ea
1512 388 1551 413 rc
1585 381 1716 428 postea

193 437 377 476 dicemus.
441 436 481 476 ln
516 437 562 477 iis
591 438 706 491 igitur
730 438 967 494 Scythianus
999 439 1062 478 ille
1090 448 1324 480 excaecatus
1359 442 1510 491 animo,
1551 449 1663 495 atque
1697 457 1714 480 a

194 502 412 558 Pythagora
442 505 587 545 erroris
617 514 844 559 argutiienta
877 513 1012 546 nactus
1045 507 1230 547 eiusmodi
1258 509 1458 562 opiniones
1492 510 1641 558 hahuit,
1675 524 1717 548 ae

191 571 309 612 libros
346 580 508 626 quatuor
542 575 793 628 conscripsit,
837 589 996 628 quorum
1039 589 1151 614 unum
1186 574 1466 629 lllysteriorum
1506 576 1715 630 inscripsit,

191 639 353 679 alterum
375 638 577 695 Capitum,
612 643 764 682 tertium
788 642 1068 696 Evangelium,
1102 651 1276 696 quartum
1303 643 1610 684 'l'liesaur‹)rum.
1673 642 1715 683 ln

191 708 236 748 iis
259 708 360 763 paria
384 715 497 762 atque
521 711 694 763 aequalia
725 712 800 751 duo
825 711 1009 765 principia
1033 725 1295 765 personasque
1327 712 1364 750 in
1397 726 1624 765 unoquoque
1657 726 1716 751 ar-

190 783 373 830 gumento
408 777 616 831 copulans,
651 779 703 818 ita
727 779 798 818 sibi
830 787 1078 833 persuaserat
1110 779 1249 829 miser,
1284 780 1410 833 itaque
1443 780 1511 819 hac
1543 779 1578 818 in
1613 788 1715 833 parte

191 845 429 896 somniabat,
464 860 642 899 magnum
672 860 691 885 a
718 860 761 886 se
792 847 967 900 quiddam
994 847 1030 886 in
1058 847 1135 886 vita
1160 854 1368 901 repertum.
1431 845 1483 886 Et
1513 860 1607 886 vero
1640 862 1717 886 ma-

189 928 305 966 gnum
330 927 423 953 sane
454 914 591 954 malum
625 914 661 953 in
692 928 798 954 suam
826 928 1035 969 eorumque
1064 915 1199 968 quibus
1230 915 1411 969 imposuit
1441 915 1647 969 perniciem
1680 915 1716 953 in

188 981 305 1022 vitam
337 981 503 1021 invexit.

302 1048 407 1089 luter
435 1049 528 1090 haec
557 1065 640 1090 eum
675 1051 846 1091 audisset
879 1050 1149 1105 prophetarum
1183 1065 1228 1090 ac
1261 1052 1357 1104 legis
1389 1051 1556 1091 oraculis
1588 1051 1715 1090 mundi

189 1118 499 1171 procreationem
532 1125 646 1172 atque
682 1134 797 1159 unum
826 1119 1026 1173 solumque
1060 1118 1227 1159 omnium
1260 1120 1468 1174 principem
1501 1120 1717 1159 moderato-

188 1200 345 1240 remque
380 1186 591 1237 celebrari,
627 1188 688 1240 qui
713 1195 751 1227 et
775 1201 928 1241 semper
960 1189 1172 1238 existeret,
1207 1202 1278 1227 nec
1307 1188 1502 1228 desineret
1533 1201 1713 1241 unquam,

188 1261 333 1308 patrem
369 1254 518 1294 seilicet
541 1269 584 1295 ac
616 1256 731 1295 lilium
761 1263 799 1295 et
827 1256 1000 1309 spiritum
1027 1263 1225 1306 sanetum,
1260 1255 1386 1296 nimiis
1409 1255 1555 1295 deliciis
1582 1256 1716 1310 impul-

187 1336 278 1372 sus,
312 1329 426 1375 atque
452 1329 491 1361 ut
520 1323 604 1362 rudi
629 1324 883 1378 imperitoque
915 1331 998 1363 erat
1021 1324 1200 1378 ingenio,
1234 1323 1418 1364 cavillans
1443 1338 1486 1364 ac
1511 1324 1717 1365 vehemen-

189 1391 286 1430 tiore
309 1391 402 1430 luxu
427 1392 586 1441 fractus,
617 1391 929 1446 Hierosolymam
954 1393 1022 1432 suh
1047 1392 1307 1446 apostolorum
1332 1399 1502 1447 tempora
1526 1391 1714 1446 proficisci

187 1459 335 1509 statuit,
371 1466 408 1498 ut
432 1459 509 1498 illic
531 1472 749 1500 sermonem
774 1474 857 1500 eum
882 1461 927 1500 iis
951 1461 1149 1500 conferret
1173 1460 1234 1513 qui
1259 1474 1303 1500 ea
1329 1461 1598 1514 praedicarent
1618 1473 1714 1513 quae

188 1528 234 1567 ad
269 1528 381 1567 unius
417 1529 693 1583 principatum,
736 1542 875 1582 resque
909 1543 930 1567 a
962 1528 1033 1568 deo
1063 1528 1235 1568 conditas
1269 1529 1520 1581 pertinerent.
1583 1526 1714 1580 ltaque

188 1595 416 1649 simulatque
441 1599 487 1636 ad
512 1596 644 1636 urbem
669 1596 770 1636 illam
793 1595 973 1646 accessit,
1007 1611 1091 1636 cum
1114 1596 1367 1651 presbyteriS‚
1401 1597 1463 1650 qui
1486 1596 1562 1636 illic
1587 1602 1712 1643 erant,

189 1664 328 1717 quique
353 1679 403 1704 ex
429 1664 525 1718 legis
549 1678 567 1703 a
593 1665 664 1704 deo
688 1663 792 1704 Mosi
827 1664 986 1704 traditae
1016 1679 1060 1704 ac
1084 1665 1328 1719 propheticae
1355 1664 1579 1718 disciplinae
1604 1677 1715 1718 prae—

187 1732 330 1786 scripto
351 1733 465 1772 vitam
490 1732 755 1782 instituebant,
786 1733 979 1787 disputare
1001 1733 1140 1786 coepit.
1184 1731 1258 1786 Qui
1281 1733 1399 1782 enim,
1427 1732 1570 1782 aiebat,
1599 1746 1712 1771 uuum

186 1813 273 1839 esse
299 1801 411 1840 deum
444 1800 642 1849 asseritis,
677 1801 739 1854 qui
768 1808 918 1840 noctem
947 1800 1121 1854 diemque
1146 1800 1385 1850 condiderit,
1419 1814 1490 1840 nec
1523 1815 1598 1840 non
1631 1814 1714 1839 car-

185 1882 272 1908 uem
293 1875 329 1908 et
349 1869 531 1917 animam,
565 1868 707 1908 siccum
732 1875 771 1908 et
790 1869 998 1919 humidum,
1033 1869 1181 1908 coelum
1203 1875 1316 1922 atque
1338 1875 1497 1919 terram,
1532 1868 1712 1908 tenebras

185 1950 230 1976 ac
252 1936 406 1976 lucem?
452 1936 564 1990 Quod
593 1952 677 1977 cum
699 1937 752 1977 illi
775 1944 907 1991 aperte
931 1937 1243 1977 demonstrarent
1275 1937 1416 1990 (neque
1438 1937 1539 1976 enim
1563 1936 1713 1976 occulta

184 2003 331 2045 veritas
361 2006 458 2059 est),
493 2013 629 2045 contra
658 2004 722 2044 illc
751 2005 834 2045 sine
868 2006 944 2044 ullo
975 2005 1119 2059 pudore
1155 2005 1407 2045 contendere.
1471 2003 1617 2044 Verum
1649 2004 1712 2044 ubi

185 2072 277 2112 nihil
308 2073 479 2126 proficit,
519 2074 557 2114 in
589 2073 720 2113 eadem
751 2073 996 2113 nihilomiuus
1028 2073 1228 2113 molestiae
1259 2072 1492 2128 impudentia
1524 2072 1709 2127 persistit.

183 2139 392 2182 Postremo
416 2156 501 2181 cum
529 2141 621 2180 nihil
645 2142 813 2181 elliceret
844 2141 1023 2192 omnino,
1057 2142 1123 2181 sed
1150 2143 1276 2182 vietus
1310 2143 1436 2196 potius
1467 2141 1708 2190 abscederet,

185 2209 344 2263 magicis
377 2209 600 2263 quibusdam
628 2209 735 2249 libris
766 2209 944 2249 adhibitis
977 2213 1077 2263 (erat
1108 2210 1208 2250 enim
1242 2211 1515 2250 maleficiorum
1550 2210 1709 2264 peritus,

185 2291 229 2317 ac
260 2277 514 2331 perniciosam
543 2278 643 2318 illam
671 2285 708 2317 et
741 2277 977 2330 exitiabilem
1008 2285 1128 2318 artem
1155 2293 1205 2318 ex
1230 2277 1410 2318 ludorum
1437 2286 1475 2318 et
1498 2278 1712 2332 Aegyptio-

185 2359 292 2396 rum,
327 2345 615 2399 Geutiliumque
646 2345 843 2400 disciplina
869 2346 973 2386 velut
1000 2347 1289 2387 mercimonium
1322 2346 1507 2400 quoddam
1543 2345 1711 2385 abstule—

185 2414 285 2468 rat),
327 2415 548 2468 praestigiis
584 2415 744 2454 illudere
779 2421 939 2455 eonatus
969 2422 1050 2465 est,
1092 2429 1137 2455 ac
1166 2417 1277 2455 domo
1309 2415 1470 2468 quadam
1498 2427 1711 2453 conscensa

185 2482 303 2522 nihilo
327 2482 449 2536 magis
482 2483 579 2536 quod
605 2482 759 2522 volebat
782 2490 985 2523 assecutus
1009 2490 1082 2523 est.
1147 2483 1298 2537 Quippe
1324 2483 1412 2522 inde
1438 2495 1620 2536 praeceps
1645 2482 1710 2521 de-

185 2551 316 2590 cidens
343 2564 395 2591 ex
421 2550 489 2590 hac
517 2551 596 2591 vita
624 2551 826 2604 migravit,
860 2565 944 2591 cum
976 2551 1115 2591 multos
1143 2551 1220 2591 illic
1245 2566 1367 2591 annos
1395 2551 1561 2603 egisset,
1596 2557 1708 2604 atque

186 2633 301 2659 unum
324 2620 585 2659 tautummodo
609 2633 739 2659 secum
762 2618 987 2673 discipulum
1010 2619 1222 2669 habuisset,
1252 2619 1507 2659 Terhinthum
1531 2618 1709 2659 videlicet

184 2686 288 2726 illum
324 2701 433 2741 quem
461 2688 650 2737 diximus,
686 2688 743 2727 cui
768 2695 806 2727 et
832 2702 899 2727 sua
925 2687 1053 2727 omnia
1079 2688 1181 2728 velut
1209 2687 1392 2727 lidissinio
1423 2686 1710 2727 benevolentis-

187 2754 358 2809 simoque
384 2757 609 2796 administro
635 2755 838 2795 commisit.
902 2755 975 2795 llic
1002 2762 1190 2795 mortuum
1216 2754 1467 2810 Scythianum
1501 2770 1611 2809 quam
1644 2755 1709 2794 ho-

187 2822 522 2865 norificentissime
545 2824 737 2879 sepelivit.
800 2823 902 2864 Tum
928 2825 1024 2878 apud
1052 2837 1094 2863 sc
1121 2823 1338 2863 deliberans
1369 2824 1501 2863 statuit
1530 2825 1574 2863 ad
1607 2823 1706 2863 illam

232 2969 262 3000 ξ’).
287 2968 340 3004 τὸν
365 2972 555 3004 desideratur
578 2975 609 3004 iu
634 2974 682 3004 ed.
705 2975 809 3005 Pelav.
1015 2969 1046 3003 4.
1073 2970 1233 3015 Τέρβιὲον
1257 2973 1326 3003 libri
1351 2982 1462 3003 onmes.

1347 3030 1438 3071 26*

1745 1052 1819 1093 Cap.
1847 1053 1900 1082 lll.
