2056 3298
362 211 427 240 XH
1009 197 1262 230 PRAEFA'rio.

362 288 404 326 ἐκ
426 290 494 338 τῆς
516 284 708 338 κατάρας,
740 298 834 339 pag.
860 287 964 337 705„
994 286 1065 328 ubi
1086 287 1170 329 Ien.
1195 283 1364 339 ὑπῆρχε,
1395 288 1570 341 Rhedig.
1596 285 1774 342 ὑπάρχει,
1804 302 1898 343 pag.

364 361 467 409 777„
498 359 567 400 ubi
595 360 679 400 Ieu.
713 355 760 398 οὐ
786 356 843 407 τὸ,
875 359 1050 412 Rhedig.
1076 357 1146 409 οὐ,
1179 364 1219 401 et
1249 360 1403 402 ibidem
1425 361 1551 413 paulo
1574 367 1693 415 post,
1724 363 1795 404 ubi
1815 364 1900 405 Ien.

364 430 442 472 ὑπό
468 435 538 471 τοῦ
569 429 737 484 πατρὸς,
783 433 959 485 Rhedig.
990 430 1098 484 παρὰ
1129 436 1198 472 τοῦ
1229 431 1397 485 πατρός,
1440 447 1533 487 pag.
1560 435 1672 487 781.,
1713 435 1785 476 ubi
1814 436 1899 477 Ien.

363 503 415 555 μή
446 507 542 544 κίνω
573 517 649 557 pro
690 502 743 556 μὴ
774 503 955 557 μηκύνω,
998 506 1174 558 Rhedig.
1211 504 1393 556 μηκύνω,
1434 519 1529 559 pag.
1557 507 1673 559 806,
1713 508 1785 549 ubi
1814 508 1900 550 Ien.

362 575 557 630 α’συρίων,
598 578 774 631 Rhedig.
803 580 968 630 συρίων,
1000 591 1095 631 pag.
1124 579 1237 629 807.,
1265 579 1336 619 ubi
1357 579 1442 620 Ien.
1469 580 1572 618 ἰἀσιν
1602 582 1678 618 τῶν
1709 580 1902 633 δεδειγμέκ

364 667 454 697 νων,
484 651 661 704 Rhedig.
684 651 786 690 ἴασιν
811 652 928 690 τῶνδε
949 654 1026 690 τῶν
1052 648 1268 704 δειγμάτων
1289 651 1428 703 habet,
1451 652 1581 693 veluti
1606 652 1732 694 etiam
1755 653 1799 694 in
1822 654 1900 706 hiS,

362 725 404 765 in
436 724 585 776 quibus
618 724 827 777 scriptura
857 724 1012 766 codicis
1042 725 1218 777 Rhedig.
1251 723 1473 765 manifesto
1504 728 1697 776 praestat
1725 726 1902 779 scriptu-

361 809 434 839 rae
466 797 620 839 codicis
653 798 757 848 Ien.,
788 810 883 849 pag.
912 797 1026 849 702,
1057 798 1126 838 ubi
1158 798 1243 838 Ien.
1276 793 1347 835 οὐκ
1379 794 1589 845 ἑλεπόλεις,
1628 798 1805 851 Rhedig.
1836 795 1902 839 013-

364 897 605 950 θελεπόλεις,
648 913 743 954 pag.
771 902 884 948 771..
927 901 999 941 ubi
1030 901 1115 941 Ien.
1149 862 1253 950 chry,
1297 900 1335 940 h.
1363 912 1396 940 e.
1425 895 1617 949 ἀλήθεια,
1658 900 1721 940 uti
1748 900 1904 953 legitur

364 973 490 1014 etiam
520 974 563 1014 in
594 973 777 1016 editione
808 974 956 1026 princ,
998 973 1173 1025 Rhedig.
1204 970 1411 1023 ἀλήθειαν,
1443 984 1540 1024 pag.
1566 972 1680 1023 779.‚
1716 973 1787 1015 ubi
1816 973 1902 1016 Ien.

362 1052 405 1092 (a
432 1059 558 1087 manu
581 1050 680 1099 sec.)
708 1048 824 1094 εἴποι,
857 1046 1033 1098 Rhedig.
1056 1046 1161 1101 εἴπῃ,
1194 1058 1288 1098 pag.
1314 1046 1418 1097 796,
1449 1045 1519 1086 ubi
1542 1045 1628 1086 Ien.
1661 1045 1766 1096 ἔστη,
1794 1033 1904 1089 Rh'e-

361 1119 444 1172 dig.
472 1119 563 1168 ἔστι,
593 1132 688 1172 pag.
713 1120 818 1170 878„
848 1120 919 1161 ubi
943 1120 1028 1160 Ien.
1055 1115 1341 1170 ὁμολογήσειεν,
1372 1119 1549 1172 Rhedig.
1570 1118 1778 1168 καλέσειεν,
1806 1132 1903 1173 pag.

360 1193 476 1244 923„
506 1193 577 1233 ubi
607 1193 693 1234 Ien.
725 1192 822 1243 σῆῖί,
853 1193 891 1233 11.
916 1205 949 1234 e.
977 1189 1125 1244 σωτὴρ,
1166 1192 1342 1244 Rhedig.
1373 1188 1524 1243 πατὴρ,
1554 1205 1649 1245 pag.
1676 1193 1792 1245 953„
1831 1193 1904 1235 ubi

360 1266 446 1307 Ien.
478 1262 657 1315 ἄμεινον,
702 1265 877 1318 Rhedig.
913 1263 1059 1315 ἀμείνω
1102 1264 1287 1317 praebet.
1356 1264 1543 1306 Notandi
1583 1265 1763 1318 denique
1803 1270 1904 1308 sunt

361 1338 488 1379 etiam
527 1337 686 1390 aliquot
723 1338 804 1379 loci
840 1339 882 1379 in
914 1338 1063 1390 quibus
1097 1338 1306 1390 scriptura
1338 1337 1493 1378 codicis
1524 1338 1700 1390 Rhedig.
1733 1338 1905 1382 diversa

362 1423 386 1451 a
419 1411 630 1463 scriptura
661 1410 815 1451 codicis
846 1412 931 1452 Ien.
958 1410 1129 1452 mirifice
1162 1411 1376 1463 conspirat
1406 1422 1499 1451 cum
1531 1411 1685 1453 codicis
1722 1412 1904 1454 Parisini

365 1483 591 1535 scriptura,
622 1483 753 1524 veluti
782 1495 878 1535 pag.
902 1484 1016 1535 878„
1045 1483 1117 1524 ubi
1141 1484 1252 1535 quod
1282 1483 1409 1524 tacite
1441 1496 1490 1524 ex
1522 1496 1570 1524 eo
1600 1485 1761 1537 recepit
1782 1485 1905 1527 Peta-

363 1556 456 1597 vius
487 1555 681 1594 καλέσειεν
711 1556 823 1596 idem
853 1556 1007 1608 legitur
1036 1556 1078 1597 in
1108 1556 1307 1608 Rhedig.,
1348 1556 1478 1597 veluti
1510 1557 1631 1598 ambo
1663 1558 1906 1610 conspirant

363 1641 459 1682 pag.
485 1629 577 1669 807.
608 1628 652 1669 in
682 1628 890 1680 scriptura
929 1630 1050 1668 τῶνδε
1081 1631 1158 1668 τῶν
1189 1628 1398 1680 δηγμάτων
1430 1629 1624 1682 (Rhedig.
1655 1627 1906 1685 ὃειγμάτων),

361 1715 456 1755 pag.
481 1701 574 1742 913.
605 1701 648 1742 in
677 1701 880 1743 vocabulo
911 1702 1042 1754 τρίτην
1063 1714 1140 1754 pro
1165 1703 1295 1753 νίτρον
1316 1702 1475 1753 posito,
1504 1715 1600 1755 pag.
1621 1703 1715 1745 976.
1745 1703 1789 1745 in
1814 1717 1907 1747 ver-

360 1775 426 1817 bis
459 1771 768 1826 συμπρεπόντως
798 1771 930 1822 ὄντος,
972 1786 1049 1826 pro
1080 1774 1231 1827 quibus
1269 1775 1355 1816 Ien.
1385 1775 1562 1827 praebet
1592 1775 1905 1828 συμπρέποντος,

362 1860 458 1901 pag.
484 1849 605 1889 1041.
635 1848 679 1889 in
708 1848 835 1889 verbo
868 1846 1096 1898 συνῆφθαι,
1128 1859 1224 1899 pag.
1252 1848 1393 1899 1067„
1425 1847 1496 1889 ubi
1524 1848 1658 1890 Paris.
1690 1848 1905 1902 ἐπτερωμέ-

365 1937 454 1971 νην,
487 1924 597 1963 teste
628 1921 822 1972 Petavio,
853 1921 1029 1973 Rhedig.
1061 1920 1332 1972 πτερωμένην,
1363 1921 1698 1973 Ιο11.πετωμε’νην
1726 1923 1867 1966 habet.

477 1993 619 2035 Codex
640 1993 872 2045 Parisinus,
903 2005 984 2046 quo
1007 1993 1207 2035 Petavius
1230 2006 1334 2035 usus
1362 1997 1439 2044 est,
1470 2006 1676 2047 quemque
1701 2008 1780 2048 ego
1806 2008 1907 2049 quo-

367 2079 446 2119 que
477 2067 608 2108 oculis
640 2067 745 2108 meis
786 2067 951 2119 inspexi
988 2078 1072 2107 non
1111 2067 1249 2108 minus
1281 2079 1406 2119 quam
1435 2067 1715 2119 Marcianum,
1758 2069 1907 2111 Ienen-

365 2152 453 2181 sem
473 2143 515 2181 et
532 2140 886 2192 Rhedigeranum,
917 2152 1093 2192 quorum
1116 2140 1336 2192 utriusque
1361 2139 1593 2192 scripturas
1615 2140 1907 2194 discrepantes

364 2225 459 2254 mea
496 2213 630 2266 ipsius
673 2213 846 2254 dextera
888 2213 1074 2264 enotavi,
1120 2216 1286 2254 centum
1323 2212 1432 2264 fere,
1472 2213 1536 2254 uti
1565 2213 1742 2265 conici0,
1784 2215 1906 2256 annis

366 2286 660 2339 Rhedigerano
691 2285 880 2337 inferior,
924 2286 1191 2337 chartaceus,
1223 2285 1386 2327 duobus
1419 2288 1586 2327 constat
1615 2286 1908 2339 voluminibus,

365 2359 549 2400 numeris
572 2358 908 2400 DCCCXXXIII.
935 2361 977 2399 et
999 2357 1306 2400 DCCCXXXV.
1331 2358 1503 2410 notatis,
1535 2358 1798 2412 diversisque
1819 2372 1908 2402 ma-

366 2431 487 2473 nibus
520 2435 716 2473 exaratus
742 2444 837 2473 esse
860 2431 1048 2483 videtur3
1078 2444 1114 2473 v.
1141 2431 1273 2473 Catal.
1297 2431 1404 2473 Bibl.
1423 2431 1583 2484 Regiae
1612 2432 1692 2474 vol.
1715 2433 1783 2484 IL,
1811 2445 1907 2487 pag.

369 2505 460 2545 162.
519 2504 646 2546 Cuius
689 2505 921 2557 scripturas
961 2516 1185 2557 excerpere
1224 2507 1324 2557 post
1364 2516 1565 2546 excussos
1607 2505 1830 2547 Ienensem
1866 2509 1909 2548 et

363 2577 742 2619 Vratislaviensem
781 2578 968 2629 codices,
1008 2582 1235 2630 postquam
1268 2589 1362 2618 eum
1400 2580 1565 2618 tantum
1593 2589 1678 2618 non
1707 2577 1751 2619 in
1777 2579 1907 2620 omni-

364 2650 444 2691 bus
478 2650 718 2702 conspirare
750 2663 843 2692 cum
873 2651 958 2702 his,
998 2650 1250 2703 praesertim
1281 2661 1375 2691 cum
1403 2649 1746 2701 Vratislaviensi,
1784 2651 1906 2693 intel-

362 2722 466 2774 lexi,
497 2734 651 2774 operae
681 2724 863 2776 pretium
893 2735 977 2764 non
1008 2723 1119 2765 duxi.

473 2794 537 2836 De
568 2795 709 2837 codice
729 2796 957 2848 Vaticano,
988 2796 1106 2838 cuius
1137 2796 1358 2849 scripturis
1386 2795 1725 2849 discrepantibus
1749 2795 1803 2838 ab
1821 2796 1907 2838 An-

363 2868 466 2909 drea
496 2867 668 2908 Schotto
700 2869 908 2921 excerptis
938 2869 1039 2910 item
1068 2869 1268 2911 Petavius
1298 2881 1403 2911 usus
1435 2872 1519 2921 est,
1550 2880 1655 2921 quas
1687 2880 1765 2921 ego
1796 2881 1907 2911 nunc

361 2939 571 2993 pleniores
603 2943 644 2980 et
676 2942 985 2984 emendatiores
1015 2942 1239 2995 proposui,
1284 2942 1430 2995 paucis
1472 2941 1695 2983 dicendum
1726 2944 1803 2982 est.
1862 2942 1905 2983 Is

360 3012 466 3055 liber
491 3012 723 3055 Vaticanus
754 3013 847 3066 quis
878 3014 935 3056 sit
964 3027 1098 3068 quove
1129 3027 1304 3057 numero
1328 3015 1522 3068 signatus
1543 3013 1671 3056 hodie
1693 3013 1737 3056 in
1757 3013 1906 3057 biblio-
