2066 3319
469 216 649 248 PANARn
673 216 756 248 Lm.
775 216 816 249 n.
841 215 948 248 TOM.
972 216 996 246 1.
1023 214 1153 246 miza.
1178 214 1299 246 wa.
1574 202 1654 241 315

232 297 345 352 Quod
371 296 472 336 enim
499 296 707 337 absurdum
733 296 798 346 sit,
834 308 982 350 poenae
1006 295 1092 334 loco
1118 307 1259 348 corpus
1283 292 1436 333 animae
1461 298 1543 347 post
1568 305 1657 346 pec-

117 372 243 406 catum
272 373 450 419 tanquam
475 364 671 404 vinculum
705 364 823 404 fuisse
856 364 1130 413 constitutum,
1165 370 1205 402 ut
1232 361 1380 401 addicta
1407 368 1558 400 mortuo
1590 372 1657 414 ge-

116 434 236 475 rendo
262 433 389 474 anima
413 446 521 473 mero
547 433 709 487 quodam
734 432 908 487 supplicii
934 445 1079 485 genere
1101 445 1146 471 ac
1167 430 1404 484 sempiterno
1428 443 1478 469 ex
1504 429 1655 468 illorum

117 502 300 558 opinione
320 501 539 552 crucietur,
573 501 710 541 videor
731 501 821 541 illud
854 501 1038 540 hactenus
1064 499 1216 540 abunde
1238 498 1472 552 copioseque
1499 497 1657 536 demon-

114 577 279 611 strasse.
343 568 475 623 Quare
509 569 665 609 minime
702 569 916 609 cohaerens
954 582 999 608 ac
1038 566 1234 622 probabile
1272 566 1425 605 videtur
1454 565 1579 619 laquei
1612 579 1655 605 ac

114 638 259 679 vinculi
284 638 407 678 instar
430 651 518 678 esse
541 652 709 692 corpus,
744 637 782 677 in
811 637 910 691 quod
934 636 1082 676 animas
1111 636 1205 674 deus
1233 633 1409 688 supplicii
1434 648 1571 674 caussa
1600 633 1655 673 ni-

115 706 322 747 hilominus
353 706 525 757 inserat,
560 719 653 759 quas
689 719 709 746 e
743 705 857 745 tertio
891 705 1001 745 coelo
1032 703 1267 752 deturbarit‚
1303 702 1402 755 quod
1435 702 1654 741 mandatnm

114 788 224 815 suum
250 774 317 814 illo
346 774 383 814 in
410 774 498 814 loco
522 773 719 815 violarint.
784 771 886 826 Quid
923 779 984 812 est
1008 772 1134 823 enim,
1169 785 1243 825 quo
1272 777 1347 810 tam
1382 777 1528 809 temere
1561 770 1655 809 baec

113 842 161 883 ab
185 842 260 883 illis
284 843 471 883 affirmata
497 841 722 897 persuaderi
747 841 924 895 possint?
970 838 1068 881 Cum
1094 838 1323 895 praesertim
1347 838 1440 878 nihil
1467 837 1657 878 eiusmodi

113 909 292 952 Psalmus
318 911 382 951 ille
409 911 630 961 contineat,
666 909 819 951 tametsi
843 923 911 964 per
937 909 1011 949 vim
1046 909 1129 948 eius
1162 907 1397 949 sententiam
1423 907 1655 960 detorquere

114 980 333 1021 conentur?
394 980 471 1020 Sed
500 979 633 1019 eadem
660 978 722 1018 illa
745 977 864 1018 verba
887 977 981 1018 libet
999 978 1158 1027 afferre,
1193 990 1268 1031 quo
1291 976 1443 1016 illorum
1466 975 1658 1029 interpre-

115 1048 207 1099 tat-io
242 1061 355 1102 quam
387 1047 566 1088 inanibus
598 1047 649 1087 sit
682 1048 828 1087 referta
860 1046 998 1087 sabulis
1031 1052 1239 1101 appareat,
1281 1044 1344 1099 qui
1376 1043 1656 1095 scripturarum

112 1123 258 1157 rectam
289 1115 586 1170 intelligentiam
620 1115 839 1170 repudiant.
901 1114 1014 1156 Haec
1042 1114 1143 1155 enim
1174 1114 1238 1154 illo
1269 1115 1306 1153 in
1333 1111 1490 1153 Psalmo
1524 1112 1657 1165 legun-

1707 294 1784 335 Cap.

1690 340 1810 373 XLVI.

115 1191 198 1225 tur:
232 1186 411 1224 Probaste'
425 1200 492 1224 nos
515 1187 626 1231 deus,
662 1188 750 1235 Igne
771 1199 837 1223 nos
861 1187 1104 1230 eoeamz'nasn',
1138 1186 1238 1222 sieut
1258 1185 1497 1221 eoeamilzalzcr
1519 1195 1658 1232 argen-
1677 1188 1726 1217 Pa.
1741 1190 1784 1223 65,
1804 1189 1847 1216 10.

115 1261 215 1293 tum:
250 1256 439 1293 beduoeisti
457 1267 524 1292 nos
547 1256 584 1292 ill
610 1255 778 1305 laqueum
792 1283 801 1300 ,
841 1256 1007 1305 posm'sli
1026 1253 1286 1291 tribulationes
1308 1255 1345 1290 in
1370 1254 1480 1290 dorso
1503 1258 1654 1289 noslro:

117 1325 330 1374 imposuisti
360 1324 523 1361 homines
559 1336 671 1373 supet·
708 1325 830 1373 capim
866 1329 1019 1360 masdra.-
1064 1323 1303 1359 transivimus
1334 1335 1406 1372 ρει·
1435 1322 1578 1370 Ignem,
1625 1325 1661 1356 et

115 1404 265 1443 aquam,
300 1398 337 1429 et
358 1393 526 1429 edna-isli
542 1405 610 1429 nos
635 1393 671 1429 in
694 1392 951 1443 refrigerium.
1018 1387 1170 1443 Quibus
1196 1388 1324 1429 statim
1352 1388 1552 1437 adiiciunt,
1588 1386 1659 1426 His

115 1458 267 1498 animae
290 1458 537 1498 sermonibus
561 1464 736 1508 utuntur,
772 1473 869 1512 quae
898 1458 935 1498 in
957 1472 1098 1513 corpus
1119 1457 1224 1497 velut
1245 1457 1281 1497 in
1305 1458 1501 1510 laqueum,
1535 1469 1554 1495 e
1581 1462 1659 1495 ter-

116 1526 168 1567 tio
195 1526 304 1567 coelo
331 1525 393 1566 ubi
426 1533 463 1566 et
487 1524 697 1566 Paradisus
721 1534 803 1577 est,
838 1527 882 1566 ad
913 1535 1111 1567 certamen
1139 1526 1289 1566 delatae
1314 1532 1418 1566 snut.
1481 1523 1583 1564 Nam
1609 1523 1658 1563 iis

116 1595 271 1646 verbis,
311 1597 564 1634 Trunsivimzcs
583 1610 656 1646 pel·
679 1597 800 1646 ignem
825 1603 862 1634 el
884 1609 1039 1648 aquam,
1076 1602 1142 1635 aut
1171 1594 1323 1634 animae
1349 1601 1564 1633 maternum
1590 1606 1660 1647 per

116 1672 268 1705 uterum
293 1663 331 1703 in
365 1663 465 1703 hunc
490 1664 672 1703 mnndum
703 1663 888 1704 transitus
915 1663 1170 1718 exprimitur,
1206 1663 1304 1717 quod
1331 1662 1368 1702 in
1394 1669 1500 1702 tanto
1526 1660 1659 1700 incen-

116 1733 178 1772 dio
202 1739 317 1785 atque
339 1732 500 1772 humore
525 1738 721 1782 versetur,
750 1738 816 1772 aut
835 1732 1007 1773 eiusdem
1033 1733 1071 1771 in
1095 1732 1193 1772 hane
1217 1731 1331 1771 vitam
1352 1744 1372 1770 e
1395 1730 1505 1770 coelo
1530 1730 1658 1783 lapsus

117 1801 357 1850 ostenditur,
391 1800 431 1840 in
459 1815 534 1855 quo
564 1814 649 1840 cum
682 1800 783 1854 ignis
812 1801 930 1842 veluti
958 1802 1108 1852 fontes,
1144 1808 1220 1841 tum
1250 1799 1377 1850 illam,
1413 1812 1511 1853 quac
1542 1811 1659 1851 supra

115 1870 400 1911 firmamentum
421 1877 496 1920 est,
531 1883 717 1923 aquarum
744 1869 818 1909 vim
847 1870 1072 1925 copiamque
1096 1868 1338 1909 transmittit.
1389 1864 1539 1908 Contra
1564 1880 1660 1920 quos

114 1938 241 1979 visum
263 1945 323 1978 est
347 1937 437 1978 mibi
460 1937 672 1992 disputare.
732 1938 817 1992 Age
843 1939 987 1993 itaque,
1022 1937 1272 1992 Aglaophon,
1307 1944 1346 1976 tn
1370 1950 1438 1990 pro
1460 1935 1534 1976 illis
1560 1948 1658 1990 quae

115 2007 247 2048 afferri
279 2006 326 2047 ab
357 2006 404 2046 iis
437 2014 601 2061 possunt
631 2007 884 2061 respondeas.

229 2073 413 2130 Inprimis
444 2075 545 2115 enim
571 2073 782 2115 Paradisus
809 2075 895 2126 ille,
929 2076 975 2116 de
1002 2090 1075 2130 quo
1102 2075 1141 2115 iu
1177 2074 1298 2130 primo
1331 2080 1465 2113 nostro
1497 2080 1659 2129 parente

115 2144 254 2185 deiecti
283 2144 423 2184 fuimus
451 2143 620 2184 eximius
645 2143 796 2198 quidam
821 2144 917 2184 baud
941 2144 1054 2184 dubie
1080 2144 1151 2184 bac
1176 2143 1212 2183 in
1239 2151 1343 2183 terra
1368 2143 1477 2182 loeus
1504 2149 1586 2191 est,
1622 2148 1661 2181 et

114 2213 161 2254 ad
185 2211 420 2266 exquisitam
448 2213 636 2267 quandam
662 2226 706 2253 ac
728 2212 1043 2254 iucundissimam
1077 2212 1224 2268 piorum
1254 2211 1426 2266 requiem
1458 2209 1660 2250 habitatio-

115 2295 281 2336 nemque
305 2287 498 2322 seeretus.
562 2279 735 2321 lndidem
757 2295 872 2336 porro
894 2280 1028 2336 Tigris
1054 2288 1092 2322 et
1114 2280 1333 2336 Euphrates
1359 2286 1566 2333 ceteraque
1590 2278 1660 2318 ssu-

115 2350 217 2391 mina
241 2350 555 2405 proficiscuntur,
591 2364 752 2404 qnorum
776 2350 812 2390 in
839 2351 1103 2391 continentem
1129 2357 1301 2391 nostram
1331 2348 1593 2388 derivationes
1615 2361 1660 2386 ac

119 2421 308 2461 decursus
335 2419 551 2459 exundant.
615 2418 707 2459 Non
742 2420 843 2459 enim
871 2420 909 2460 in
936 2427 1060 2460 terras
1095 2434 1116 2460 e
1148 2419 1258 2459 coelo
1285 2418 1440 2471 delapsa
1472 2415 1661 2470 praecipi-

116 2495 213 2530 tant.
277 2486 420 2542 Neque
446 2488 548 2528 enim
572 2495 717 2528 tantam
745 2502 930 2543 aquarum
952 2489 1090 2529 molem
1120 2503 1203 2529 cum
1231 2486 1376 2541 ingenti
1405 2499 1455 2525 ex
1483 2484 1559 2525 alto
1591 2485 1662 2524 im-

116 2564 206 2613 petu
232 2557 455 2611 depressam
481 2556 676 2597 sustinere
703 2564 808 2597 terra
838 2557 1043 2613 potuisset.
1107 2555 1187 2597 Sed
1214 2569 1284 2596 nec
1315 2554 1512 2607 apostolus
1539 2552 1661 2594 Para-

118 2626 242 2666 disum
279 2624 395 2666 tertio
430 2625 469 2665 in
504 2626 614 2666 coelo
645 2625 831 2677 collocat,
877 2627 907 2666 si
943 2627 1027 2681 quis
1056 2626 1158 2666 illius
1188 2625 1304 2664 verba
1337 2622 1464 2662 subtili
1498 2623 1658 2677 quadam

1711 2072 1787 2112 Cap.

1683 2117 1820 2150 XLVII.

115 2693 373 2748 intelligentia
396 2701 601 2748 penetrare
626 2694 762 2750 possit.
826 2697 936 2743 Novi,
972 2695 1109 2749 inquit,
1145 2695 1323 2732 homiuem
1345 2699 1491 2743 raptum
1512 2695 1563 2730 ad
1585 2699 1659 2730 ter-
1678 2699 1866 2733 ²-Cor.t²,2.

117 2767 207 2803 tium
239 2765 402 2811 coelum,
443 2771 480 2802 el
511 2766 663 2802 eundem
692 2767 781 2803 novi
806 2766 1007 2811 hominem,
1049 2766 1125 2802 sive
1154 2766 1191 2800 in
1227 2775 1403 2812 corpore,
1444 2763 1521 2799 sive
1551 2769 1661 2799 (κείνα

116 2847 273 2884 corpus,
308 2834 398 2870 deus
420 2836 514 2880 seit,
549 2835 721 2885 quoniam
752 2841 883 2885 raptus
907 2836 1022 2872 estin
1049 2833 1279 2871 Paradisum.
1345 2827 1497 2881 Quibus
1530 2829 1660 2870 verbis

118 2901 191 2940 duo
214 2900 286 2941 sibi
317 2899 477 2941 maximi
501 2902 685 2942 momenti
715 2902 906 2957 patefacta
929 2901 1145 2955 significat,
1180 2912 1266 2938 cum
1288 2897 1346 2939 bis
1370 2897 1573 2954 perspicue
1598 2911 1659 2938 es-

120 2975 181 3008 set
213 2976 457 3024 assumptus,
501 2971 662 3025 primum
699 2971 850 3011 tertium
883 2971 922 3011 in
957 2969 1131 3017 coelum,
1174 2967 1312 3008 deinde
1344 2966 1382 3008 iu
1412 2965 1656 3007 Paradisum.

163 3059 194 3092 2.
220 3061 361 3094 Fortasse
383 3059 479 3104 φασὶ.
