2066 3319
381 196 460 236 252
941 204 1102 237 SANCTI
1121 205 1343 238 EPIPHANII

381 282 622 334 ρακτηρίζετο
648 281 689 322 ἐν
711 285 757 338 τῇ
780 281 912 335 σαρκὶ,
943 284 1054 323 τοῦτο
1079 281 1475 338 χαρακτηρισθήσεται
1504 284 1545 325 ἐν
1573 286 1627 340 τῷ
1656 288 1901 340 πνευματικῷ

380 347 536 401 σώματι.

493 416 574 456 Καὶ
595 414 697 470 πρός
723 414 770 457 τά
793 414 946 471 ῥήματα
968 417 1009 458 δὲ
1035 421 1113 459 τῶν
1137 423 1301 473 γραφῶν
1327 419 1352 460 ὁὶ
1377 421 1656 472 παρατίθενται
1679 420 1719 459 οἱ
1740 417 1903 470 ἀδελφοὶ

380 480 512 536 ἡμῶν,
543 487 661 525 ταῦτα
689 485 792 525 ἔστιν
817 486 949 525 εἰπεῖν.
1011 485 1092 526 Καὶ
1122 491 1277 541 πρῶτον
1307 488 1346 528 ἐν
1368 492 1421 544 τῷ
1442 484 1620 539 Ἰεζεκιήλ
1647 490 1665 514 ⁶
1683 488 1901 539 ἐπίστησον,

383 549 443 602 ἐφ’
474 548 533 600 οἷς
559 550 764 604 βούλονται
796 553 836 593 οἱ
865 550 1138 607 άπλούστεροι,
1172 553 1270 594 κατά
1290 553 1359 603 τάς
1381 555 1498 604 λέξεις
1527 552 1670 602 ταύτας
1697 551 1787 595 οὐδὲ
1812 551 1904 595 άνά-

383 633 512 667 στασις
542 624 700 673 σαρκῶν
731 622 855 671 ἔσται,
887 619 979 661 άλλοὶ
1010 618 1152 662 ὀστέων
1180 621 1300 674 μόνον
1328 623 1394 664 καὶ
1419 620 1619 677 δερμάτων
1648 622 1715 663 καὶ
1743 621 1902 676 νεύρων.

369 685 477 740 ”Ἀμα
504 687 545 728 δὲ
569 689 637 728 καὶ
667 685 920 730 ὑποδεικτέον
949 686 1082 737 αὐτοῖς
1105 688 1164 730 ὅτι
1186 689 1478 745 συναρπάζοντα
1513 687 1565 738 ῶς
1596 687 1648 741 μὴ
1677 687 1905 742 νενοηκότες

379 753 422 796 to*
447 756 722 810 γεγραμμένον.
787 754 845 797 Οὐ
869 755 941 811 γάρ
969 758 1004 797 εἰ
1026 754 1119 798 ὀστᾶ
1149 755 1391 810 ὀνομάζεται,
1421 756 1576 806 πάντως
1596 755 1643 797 τά
1667 754 1762 798 ὀστᾶ
1783 761 1905 798 ταῦτα

222 846 288 873 pag.
305 838 363 866 538.
383 824 561 876 νοητέον·
594 823 719 878 ὥςπερ
751 822 842 865 οὐδὲ
866 826 906 866 ἐν
928 828 1002 881 τῷ,
1033 828 1327 879 Διεσκορπίσθη
1349 825 1475 867 πάντα
1506 824 1553 866 τά
1578 823 1672 866 ὀστᾶ
1695 841 1792 877 μου,
1823 826 1904 876 καὶ,

202 2114 288 2157 Κεφ.
313 2112 363 2152 ις’.

369 889 496 932 Ἴασαί
523 908 589 945 με,
628 890 688 933 ’ὅτι
711 891 908 947 ἐταράχθη
940 890 987 933 τά
1019 891 1112 934 ὀστᾶ
1144 911 1239 946 μου,
1281 898 1455 949 φανεροῦ
1484 892 1597 942 ὄντος
1625 897 1696 934 τοῦ
1721 891 1772 945 μή
1807 893 1906 948 λέγε-

382 966 478 1001 σθαι
506 958 553 1000 τά
585 957 678 1001 ὀστᾶ
709 958 808 1001 κατά
838 959 908 1014 τήν
930 959 1064 1013 κοινὴν
1097 960 1270 1014 ἐκδοχήν.
1329 960 1574 1015 Ἐπιφέρεται
1602 965 1697 1016 γοῦν
1721 965 1775 1016 τῷ
1805 959 1904 1018 λόγῳ

382 1027 461 1079 ὅτι,
499 1026 625 1069 Αὐτοὶ
652 1029 850 1083 λέγουσιν,
891 1027 950 1070 ὅτι
979 1027 1074 1083 ξηρά
1106 1029 1236 1083 γέγονε
1266 1027 1312 1070 τά
1347 1028 1440 1071 ὀστᾶ
1470 1027 1591 1082 ἡμῶν.
1651 1022 1750 1083 Ἆρά
1779 1045 1822 1083 γε
1850 1029 1906 1070 λε’-

382 1110 518 1151 γουσι,
565 1094 674 1151 Ξηρά
711 1097 839 1151 γέγονε
873 1095 920 1136 τά
957 1094 1069 1137 ὀστέα
1108 1094 1242 1149 ἡμῶν,
1292 1098 1471 1146 θέλοντες
1510 1095 1742 1138 άνίστασθαι
1789 1109 1906 1138 συνα-

382 1165 549 1218 χθέντας
607 1163 725 1205 Ἀλλά
760 1169 874 1206 τοῦτο
916 1162 1125 1217 άμήχανον.
1183 1165 1347 1220 Λέγοιεν
1378 1163 1411 1206 δ’
1447 1164 1515 1216 ἂν,
1562 1163 1671 1219 Ξηρά
1701 1165 1833 1220 γέγονε
1859 1162 1907 1205 τά

383 1231 496 1274 ὀστέα
530 1231 661 1286 ἡμῶν,
702 1233 742 1274 ἐν
769 1233 1041 1285 αἰχμαλωσίαις
1072 1231 1290 1286 γενόμενοι,
1330 1233 1397 1274 καὶ
1425 1237 1554 1274 πᾶσαν
1584 1231 1747 1286 ζωτικὴν
1775 1234 1908 1274 νοτίδα

383 1299 702 1354 άποβεβληκότες.
758 1297 1014 1354 Ἐπιφέρουσι
1035 1304 1131 1354 γοῦν
1153 1298 1216 1350 τὸ,
1245 1298 1502 1353 Ἀπόλωλενὴ
1528 1302 1632 1349 ἐλπὶς
1664 1299 1792 1354 ἡμῶν>
1823 1303 1906 1341 δια-

383 1368 683 1421 πεφωνήκαμεν.
747 1365 907 1408 Οὐκοῦν
931 1365 958 1420 ἦ
984 1369 1186 1422 ἐπαγγελία
1215 1372 1281 1420 τῆς
1308 1366 1553 1417 ἀναστάσεως
1580 1373 1650 1410 τοῦ
1680 1373 1776 1409 λαοῦ
1807 1369 1907 1409 ἐστιν

386 1435 462 1478 άπὸ
489 1440 557 1477 τοῦ
584 1434 790 1489 πτώματος
813 1436 879 1476 καὶ
909 1439 978 1488 τῆς
1000 1436 1118 1476 οἱονεὶ
1143 1436 1371 1490 νεκρότητος
1393 1434 1443 1488 ἢν
1464 1436 1734 1490 νενέκρωνται,
1766 1434 1831 1476 διά
1861 1434 1907 1476 τά

386 1502 640 1559 ἁμαρτήματα
666 1509 749 1552 τοῖς
781 1505 938 1558 ἐχθροῖς
969 1504 1272 1557 παραδοθέντες.
1332 1504 1412 1543 Καὶ
1443 1505 1484 1544 οἱ
1511 1501 1729 1558 ἁμαρτωλοὶ
1759 1503 1800 1544 δὲ
1827 1501 1905 1544 ὖπὸ

384 1578 454 1615 τοῦ
481 1578 653 1628 σωτῆρος
673 1572 846 1627 λέγονται
869 1568 965 1612 εἶναι
984 1572 1104 1622 τάφοι
1126 1572 1305 1626 γέμοντες
1327 1569 1469 1612 ὀστέων
1491 1572 1557 1612 καὶ
1578 1569 1706 1624 πάσης
1731 1568 1908 1626 άκαθαρ-

385 1644 479 1690 σίας.
543 1642 690 1696 Πρέπει
721 1640 761 1681 δὲ
794 1644 846 1696 τῷ
879 1644 961 1696 θεῷ
987 1637 1154 1695 άνοίγειν
1178 1637 1225 1680 τά
1249 1645 1417 1693 μνημεῖα
1449 1638 1634 1687 ἑκάστου,
1671 1639 1738 1680 καὶ
1764 1637 1911 1694 ἐξάγειν

385 1711 427 1751 ἐκ
451 1714 529 1750 τῶν
552 1711 748 1762 μνημείων
779 1706 882 1761 ἡμᾶς
905 1708 1258 1761 ἐζωοποιημένους,
1291 1707 1417 1763 ὥςπερ
1443 1705 1465 1749 ὁ
1487 1707 1614 1763 σωτὴρ
1639 1705 1709 1748 τὸν
1729 1706 1910 1763 Λάζαρον

384 1780 555 1820 εἵλκυσεν
583 1778 666 1827 ἔξω.

507 2105 558 2148 Τὸ
593 2106 656 2157 δὲ,
692 2104 800 2146 Ἐκεῖ
826 2107 928 2147 ἔσται
959 2102 982 2146 ὁ
1015 2104 1220 2158 κλαυθμός
1252 2105 1319 2145 καὶ
1351 2101 1374 2145 ὅ
1405 2101 1578 2158 βρυγμὸς
1612 2107 1691 2144 τῶν
1726 2100 1913 2154 ὀδόντων,

386 2174 486 2231 πρὸς
518 2173 662 2223 αὐτούς
689 2172 905 2228 άπορητέον
929 2172 986 2214 ὅτι
1014 2171 1065 2220 ῶς
1090 2174 1129 2214 ἐν
1157 2171 1281 2229 τούτῳ
1310 2175 1363 2229 τῷ
1395 2173 1468 2228 βίῳ
1494 2175 1573 2212 πᾶν
1602 2171 1715 2223 μέλος
1744 2172 1799 2219 εἴς
1827 2187 1914 2212 τινα

386 2247 515 2298 χρείαν
552 2240 573 2283 ὁ
604 2240 843 2297 δημιουργὸς
874 2240 1172 2291 κατεσκεύασεν,
1212 2239 1336 2288 οὕτως
1367 2240 1436 2281 καὶ
1464 2237 1557 2286 τούς
1594 2236 1759 2287 ὀδόντας
1787 2239 1841 2286 εἰς
1869 2237 1912 2280 vo*

387 2310 671 2354 διακόπτεσθαι
696 2309 767 2363 τὴν
795 2307 950 2363 στερεᾶν
976 2307 1141 2364 τροφήν.
1206 2312 1272 2356 Τίς
1302 2302 1371 2349 οὖν
1399 2312 1505 2361 χρεῖα
1533 2311 1617 2354 τοῖς
1645 2307 1917 2360 κολαζομένοις

389 2379 581 2430 ὀδόντων,
618 2376 676 2419 Οὔ
699 2377 771 2433 γάρ
797 2379 850 2426 εἰς
874 2376 942 2430 τὴν
963 2382 1000 2418 Γ
998 2378 1130 2418 έενναν
1159 2375 1267 2424 ὅντες
1296 2374 1376 2417 κατ’
1399 2372 1541 2423 αὐτοῦς
1570 2373 1774 2429 φάγονται.
1836 2375 1916 2415 Καὶ

389 2449 560 2490 δεικτέον
584 2446 644 2489 ὅτι
666 2444 715 2488 οὗ
738 2444 864 2487 πάντα
886 2443 1260 2499 παραλαμβάνεσθαι
1280 2445 1339 2485 δεῖ
1356 2441 1454 2484 κατά
1475 2441 1518 2484 τό
1540 2444 1724 2495 κείμενον.
1781 2440 1915 2484 Ὀδόν-

388 2535 456 2565 τας
474 2521 583 2571 γοῦν,
606 2516 741 2567 φησὶν,
767 2512 1004 2568 άμαρτωλῶν
1026 2513 1274 2564 συνέτριψας,
1297 2513 1377 2562 καὶ,
1410 2509 1488 2559 Τάς
1511 2509 1632 2564 μύλας
1653 2514 1731 2551 τῶν
1751 2508 1916 2551 λεόντων

390 2586 625 2626 συνέθλασεν
643 2581 666 2624 ὅ
686 2581 839 2637 κύριος·
865 2584 922 2630 τίς
941 2580 982 2622 δὲ
1001 2579 1125 2628 οὕτως
1144 2578 1311 2633 ἠλίθιος,
1335 2577 1387 2628 ῶς
1407 2576 1695 2630 ὑπολαμβάνειν
1712 2577 1772 2619 ὅτι
1789 2581 1916 2631 τηρῶν

390 2651 435 2694 τά
459 2651 616 2705 σώματα
639 2655 716 2693 τῶν
741 2649 980 2704 ἁμαρτωλῶν
1006 2646 1028 2689 ὁ
1051 2646 1147 2696 θεὸς
1167 2646 1260 2696 τούς
1283 2645 1448 2695 ὀδόντας
1472 2645 1603 2686 αὐτῶν
1633 2647 1825 2699 συντρίβει
1847 2643 1916 2697 μό-

392 2738 479 2771 νον,
509 2720 659 2775 ”Ώ,ςπερ
697 2714 768 2761 οὖν
800 2720 836 2760 εἷ’
854 2735 912 2766 τις
942 2717 1068 2759 θέλων
1089 2721 1208 2757 ταῦτα
1233 2714 1357 2763 οὕτως
1388 2716 1482 2768 ἔχειν
1511 2711 1746 2766 θλιβόμενος
1777 2714 1918 2754 εἵλκετο

393 2869 542 2912 figuravit
565 2874 796 2905 conservatur,
823 2865 1038 2899 circumdabit
1057 2877 1129 2897 am-
1174 2867 1296 2903 ratore,
1334 2864 1500 2902 intellexit,
1542 2862 1594 2893 sed
1629 2864 1671 2893 est
1705 2863 1921 2901 interpretatus

393 2915 477 2958 plius
502 2926 567 2945 non
595 2925 669 2945 caro
694 2912 845 2956 quidem,
873 2912 930 2943 sed
953 2910 1041 2955 quod
1064 2914 1129 2943 cett.
1178 2921 1221 2952 „q
1234 2907 1318 2939 uod
1349 2907 1484 2949 figuram
1517 2913 1550 2938 et
1580 2906 1723 2949 speciem
1747 2906 1834 2938 carni
1858 2905 1922 2937 tri-

394 2962 492 2992 Verba
525 2956 585 2992 ὑπὸ
610 2959 665 2992 τοῦ
692 2958 927 2995 εἰδοποιοῦντος
960 2958 1133 2989 Gataherus
1177 2953 1334 2987 buebat.“
1792 2992 1806 2999 ..

393 3015 458 3038 una
475 3015 543 3037 cum
561 3007 687 3038 petavio
706 3014 767 3036 non
786 3005 823 3036 de
841 3005 908 3043 deo,
932 3004 1035 3035 carnis
1053 3003 1132 3042 figu-
1222 2998 1254 3032 6.
1288 3000 1441 3039 Rescripsz·
1475 2995 1651 3040 ἐπίστησον
1688 2991 1741 3040 ἐφ’
1775 2999 1823 3035 οἱς
1855 2999 1919 3028 cett·
