2030 3324
191 663 278 705 Κεφ.
303 659 357 695 ια’.

216 2369 282 2396 pag.
301 2361 360 2389 736.

370 229 451 271 602
936 233 1095 267 SANc‘m
1120 234 1347 266 EPIPHANH

370 311 507 368 τούτῳ.
572 315 654 352 Τοῦ
677 309 750 366 γάρ
765 310 923 366 Ἀρείου
949 315 1159 365 προελθεῖν
1184 310 1282 353 κατὰ
1312 310 1381 360 τοὶς
1406 309 1554 359 νύκτας
1577 310 1826 364 ἐπειχθέντος
1847 312 1912 354 ἐπὶ

372 378 414 421 τὸ
439 383 840 432 παρασκευασθῆναι,
885 379 1071 432 διέρχεται
1104 379 1212 433 μέχρι
1239 383 1310 420 τοῦ
1336 377 1587 433 ἀφεδρῶνος,
1627 379 1696 420 καὶ
1727 379 1842 421 ἔνδον
1871 381 1913 422 ἐν

369 452 451 495 τοῖς
473 445 635 500 ἀβάτοις
653 446 917 498 καθεζόμενος
936 444 1082 500 εὑρέθη
1100 445 1288 499 λακήσας,
1309 447 1376 487 καὶ
1395 447 1568 494 ἔκπνους
1587 443 1767 501 γεγονώς.
1817 450 1828 474 ¹
1844 444 1914 496 Ὡς

370 514 412 556 δὲ
449 513 554 556 οὕτω
589 517 838 567 κατείληπται
877 515 918 555 έν
947 517 1001 570 τῷ
1033 512 1196 562 δυςώδει
1224 512 1333 570 τόπῳ
1373 511 1552 562 ἀποδούς
1581 511 1706 555 αὐτοῦ
1734 512 1782 555 τά
1811 514 1914 568 τέλη,

370 580 558 636 καθάπερ
588 583 655 624 καὶ
686 580 868 635 ἐξήμεσεν
898 579 1130 636 ἀκάθαρτον
1160 583 1428 623 κακοπιστίαν.

487 649 556 699 Ὡς
580 645 652 691 οὗν
672 654 794 691 ταῦτα
813 650 1008 702 ἐτελέσθη,
1040 647 1062 691 ὁ
1086 647 1264 702 βασιλευς
1288 649 1478 702 μέριμναν
1501 653 1516 677 1
1531 648 1916 704 συνειςενεγκάμενος

370 723 418 777 τῇ
439 720 641 774 ἐκκλησίᾳ,
682 717 746 759 διά
771 716 814 759 τὸ
840 716 917 770 ἤδη
947 715 1133 765 πολλάκις
1165 714 1333 764 πολλοὺς
1358 717 1413 764 εἰς
1437 714 1626 769 ἀλλήλους
1654 718 1916 772 διαφέρεσθαί

371 803 410 828 τε
439 788 506 828 καὶ
542 789 729 839 σχίσματα
762 784 884 827 πολλοὶ
911 783 1031 836 εἶναι,
1062 783 1344 839 συνεκρότησεν
1367 782 1643 837 οἰκουμενικὴν
1666 783 1837 826 σύνοδον
1859 779 1917 826 ὧν

372 856 438 897 καὶ
459 852 506 896 τά
535 853 712 907 ὀνόματα
736 855 789 902 εἰς
812 854 866 895 ἔτι
900 856 1016 907 δεῦρο
1041 851 1202 902 σώζεται
1225 854 1461 907 τριακοσίων
1491 852 1586 893 δέκα
1611 852 1678 892 καὶ
1707 849 1810 894 ὄκταῖ
1837 853 1919 894 ἐπι-

371 921 552 974 σκόπων,
584 923 651 964 καὶ
675 920 1002 975 ἀναθεματίζουσι
1023 919 1094 973 τὴν
1115 918 1267 973 Ἀρείου
1288 922 1416 960 πίστιν
1441 920 1482 960 έν
1504 923 1552 976 τῇ
1579 920 1764 961 Νικαέων
1787 918 1915 971 πόλει,

372 992 440 1033 καὶ
469 988 707 1045 ὁμολογοῦσι
740 988 811 1042 τὴν
842 994 918 1030 τῶν
948 989 1127 1043 πατέρων
1163 986 1387 1042 ὀρθόδοξον
1411 989 1542 1028 πίστιν
1564 987 1632 1028 καὶ
1658 984 1819 1040 ἀκλινῆ,
1848 989 1918 1029 καὶ

373 1058 454 1102 ἀπὸ
488 1063 566 1100 τῶν
599 1056 827 1099 ἀποστόλων
861 1058 924 1098 καὶ
957 1060 1176 1112 προφητῶν
1212 1057 1522 1109 παραδοθεῖσαν.
1580 1051 1918 1109 ’Υπογραψάντων

374 1130 416 1169 δὲ
445 1131 522 1168 τῶν
552 1124 779 1168 ἐπισκόπων
802 1126 857 1173 εἰς
877 1123 1044 1177 ταύτην,
1086 1125 1151 1164 καὶ
1186 1120 1561 1175 ἀναθεματισάντων
1584 1121 1654 1175 τὴν
1676 1120 1917 1177 Ἀρειομανί-

373 1198 461 1238 τιδα
485 1197 650 1249 αἵρεσιν,
683 1192 786 1235 οὕτω
817 1193 1025 1248 γεγένηται.
1072 1189 1183 1244 ’Ἀμα
1209 1191 1251 1231 δὲ
1271 1191 1338 1232 καὶ
1371 1191 1413 1231 ἐν
1442 1194 1496 1246 τῷ
1527 1188 1635 1247 αὐτῷ
1661 1189 1833 1240 κανόνας
1861 1208 1918 1232 τι-

372 1262 443 1312 νάς
465 1264 619 1315 ἔθηκαν
638 1262 680 1303 ἐν
700 1265 746 1317 τῇ
773 1259 928 1317 συνόδῳ
950 1256 1312 1311 ε’κκλησιαστικούς·
1355 1255 1457 1310 ὁμοῦ
1479 1257 1521 1298 δὲ
1544 1259 1612 1298 καὶ
1633 1260 1724 1312 περὶ
1745 1263 1817 1300 τοῦ
1844 1257 1919 1300 πά-

374 1345 444 1384 σχα
483 1329 630 1384 ὥρισαν
667 1331 794 1380 2μίαν
827 1329 964 1369 ἕνωσιν
993 1327 1060 1368 καὶ
1094 1324 1284 1378 ὁμόνοιαν
1314 1323 1386 1378 τὴν
1419 1321 1532 1379 άγίαν
1566 1329 1666 1366 θεοῦ
1697 1324 1919 1381 πανάρετον

373 1396 522 1452 ἡμέραν
551 1399 752 1451 γίνεσθαι,
795 1393 930 1448 ἐπειδὴ
956 1392 1161 1448 διαφόρως
1193 1391 1301 1446 παρά
1335 1406 1434 1434 τισιν
1464 1393 1707 1444 ἐφυλάττετο.
1771 1395 1824 1435 Οἱ
1851 1394 1921 1448 μὲν

374 1465 447 1521 γάρ
474 1462 796 1519 προελάμβανον,
836 1464 876 1504 οἷ
905 1462 947 1503 δὲ
974 1462 1179 1514 ἐμέσαζον,
1212 1462 1253 1502 οῖ
1270 1460 1311 1501 δὲ
1335 1461 1534 1513 μετέπειτα
1559 1461 1776 1503 ἐπετέλουν.
1838 1463 1919 1504 Καὶ

374 1531 506 1581 α’πλῶς
529 1530 648 1584 πολλὴ
680 1529 855 1586 3φύρσις
878 1525 926 1583 ἦν
951 1528 1036 1571 κατ’
1057 1531 1183 1571 έκεῖνο
1207 1532 1358 1583 καιροῦ.
1426 1526 1585 1569 Τούτων
1615 1528 1657 1570 δὲ
1688 1526 1711 1570 ό
1745 1528 1844 1579 θεὸς
1872 1528 1917 1572 τό

374 1599 619 1655 κατόρθωμα
640 1597 705 1640 δια
727 1603 799 1640 τοῦ
823 1600 1038 1653 μακαρίτου
1063 1598 1362 1638 Κωνσταντίνου
1396 1594 1631 1650 ἐβράβευσεν
1663 1595 1821 1651 εἰρήνης
1851 1599 1919 1651 χοί-

1025 1663 1068 1678 0„

375 1687 448 1725 ριν.
506 1665 574 1716 Ὡς
595 1662 666 1709 οὗν
693 1666 988 1720 ἄνεθεματίσθη
1014 1683 1034 1707 ο
1062 1670 1225 1720 Αρειος,
1256 1665 1323 1706 καὶ
1347 1668 1468 1705 ταῦτα
1489 1662 1615 1713 οὕτως
1640 1663 1844 1719 ἐπράχθη,
1875 1666 1918 1708 ἐν

376 1741 428 1794 τῷ
466 1733 572 1793 αυτῷ
605 1735 679 1776 ἔτει
711 1733 878 1776 παύεται
905 1732 1156 1787 Ἀλέξανδρος
1193 1737 1264 1774 τοῦ
1301 1734 1410 1785 βίου,
1452 1733 1516 1773 καὶ
1548 1732 1763 1786 διαδέχεται
1799 1731 1921 1775 αὐτον

373 1803 555 1858 Ἀχιλλᾶς.
591 1797 665 1843 ῒΗν
690 1802 731 1843 δὲ
757 1803 823 1844 καὶ
841 1805 999 1850 Θεωνᾶς
1022 1801 1284 1848 κατασταθεὶς
1308 1798 1386 1841 ὑπό
1412 1803 1490 1841 τῶν
1503 1804 1777 1853 Μελητιανῶν.
1826 1799 1922 1843 Τότε

375 1873 591 1925 διαδέχεται
615 1869 786 1923 Ἀχιλλᾶν
815 1870 883 1911 τόν
916 1872 1132 1911 ἐπίσκοπον
1165 1868 1383 1921 ποιήσαντα
1406 1873 1534 1920 μῆνας
1557 1873 1659 1923 τρεῖς
1679 1866 1918 1918 Ἀθανάσιος

378 1938 401 1981 ὁ
422 1941 656 1993 μακαρίτης,
690 1936 745 1979 ὦν
768 1937 852 1979 τότε
883 1937 1070 1986 διάκονος
1090 1934 1374 1990 Ἀλεξάνδρου,
1405 1937 1473 1977 καὶ
1494 1933 1559 1976 ὑπ’
1581 1934 1704 1978 αὐτοῦ
1735 1935 1920 1979 ἀπεσταλ-

379 2009 497 2061 μένος
524 2007 587 2047 ἐπὶ
608 2004 650 2047 τό
676 2010 696 2033 4
712 2004 958 2058 κομητάτον,
992 2000 1022 2062 ᾧ
1053 2010 1070 2033 ⁵
1088 2002 1110 2045 ὁ
1129 2002 1380 2058 Ἀλέξανδρος
1402 2005 1547 2056 μέλλων
1568 2008 1747 2045 τελευτᾶν
1769 2002 1919 2059 παρήγ-

377 2080 498 2130 γειλεν
529 2073 784 2126 ἀποδοθῆναι
818 2073 888 2126 τὴν
927 2071 1194 2125 ὒέπισκοπήν.
1251 2069 1383 2119 ’Ἑθος
1417 2071 1458 2112 δὲ
1495 2073 1536 2112 ἐν
1567 2070 1833 2129 Ἀλεξανδρεία
1867 2070 1922 2125 μὴ

376 2144 561 2197 χρονίζειν
600 2141 694 2194 μετά
732 2140 909 2195 τελευτὴν
951 2140 1171 2183 ἐπισκόπου
1212 2156 1306 2188 τους
1347 2140 1681 2192 καθισταμένους,
1721 2137 1794 2181 ἀλλ’
1839 2138 1923 2192 ἅμα

378 2213 556 2265 γίνεσθαι
582 2208 738 2263 εἰρήνης
767 2210 902 2259 ἕνεκα,
943 2213 1014 2251 τοῦ
1039 2208 1092 2262 μὴ
1116 2205 1364 2262 παρατριβάς
1396 2207 1579 2261 γενέσθαι
1612 2208 1654 2249 ἐν
1687 2212 1770 2255 τοῖς
1798 2211 1921 2257 λαοῖς,

377 2282 456 2320 τῶν
480 2277 548 2330 μὲν
574 2275 686 2319 τόνδε
708 2276 928 2328 θελόντων,
958 2281 1037 2318 τῶν
1060 2277 1101 2317 δὲ
1123 2275 1247 2318 τόνδε.
1311 2275 1560 2327 Κατέστησαν
1586 2274 1629 2316 δὲ
1656 2272 1705 2316 δι’
1728 2272 1921 2330 ἀνάγκην,

380 2345 434 2400 μή
460 2344 657 2400 παρόντος
678 2343 918 2386 Ἀθανασίου
933 2379 943 2395 ,
973 2343 1154 2398 Ἀχιλλᾶν.
1213 2341 1256 2384 ‘O
1282 2343 1324 2384 δὲ
1343 2341 1492 2396 θρόνος
1515 2337 1565 2396 ἦν
1591 2344 1658 2384 καὶ
1679 2341 1707 2395 ἦ
1728 2340 1922 2397 ἱερωσύνη

380 2413 656 2467 ἓτοιμαζομένη
676 2417 731 2470 τῷ
752 2413 794 2454 ἐκ
823 2416 923 2453 θεοῦ
946 2412 1185 2464 κεκλημένου
1216 2411 1282 2452 καὶ
1310 2408 1388 2452 ἀπό
1413 2415 1484 2452 τοῦ
1510 2412 1727 2465 μακαρίτου
1750 2407 1923 2459 Ἀλεξάν-

380 2484 477 2536 δρου
504 2479 716 2537 ὦρισμένῳ.
770 2479 882 2521 Ἐπεὶ
911 2475 983 2521 οὖν
1008 2477 1196 2527 ἐλθόντος
1222 2476 1461 2520 Ἀθανασίου
1495 2479 1562 2520 καὶ
1587 2478 1915 2526 κατασταθέντος,

382 2548 496 2598 ὄντος
519 2549 608 2604 περὶ
630 2547 701 2601 τήν
729 2551 858 2590 πίστιν
883 2551 1055 2600 ζηλωτοῦ
1085 2545 1266 2601 σφόδρα,
1306 2547 1374 2588 καὶ
1405 2550 1476 2599 τῆς
1503 2547 1708 2599 ἐκκλησίας
1740 2542 1920 2599 ὖπερπά·

381 2632 558 2670 σχοντος,
590 2615 666 2669 ἤδη
688 2615 884 2665 συνάξεων
907 2614 1036 2668 πάντη
1062 2615 1129 2656 καὶ
1154 2613 1463 2667 ἀποσπάσματος
1483 2618 1563 2655 τῶν
1582 2617 1687 2655 λαῶν
1706 2612 1921 2668 γινομένων

382 2682 461 2726 ὕπὸ
488 2689 566 2726 τῶν
590 2688 851 2737 Μελητιανῶν
871 2683 1144 2736 καλουμένων,
1188 2680 1236 2722 δι’
1265 2682 1315 2735 ἣν
1340 2683 1382 2724 ἐν
1411 2686 1458 2739 τῇ
1486 2682 1575 2736 περὶ
1599 2682 1802 2733 Μελητίου
1822 2678 1922 2722 ὑπο-

383 2753 492 2793 θέσει
515 2753 642 2793 αἰτίαν
667 2752 967 2805 προδεδήλωκα,
999 2751 1066 2792 καὶ
1089 2750 1331 2803 βουλομένου
1362 2748 1433 2803 τήν
1456 2750 1668 2791 συνένωσιν
1691 2752 1760 2801 τῆς
1788 2750 1922 2802 ἐκκλη-

383 2822 468 2868 σίας
509 2818 775 2872 ποιήσασθαι,
821 2817 1009 2869 ἐνεκάλει,
1053 2819 1117 2859 καὶ
1162 2815 1330 2870 ἠπείλει,
1379 2817 1581 2859 ἐνουθέτει
1611 2832 1651 2856 τε
1689 2816 1756 2857 καὶ
1791 2814 1923 2865 οὐδεὶς

429 2900 508 2931 6η
527 2901 569 2931 X.
592 2919 636 2924 —-
685 2901 711 2932 1.
735 2900 977 2932 Rescribeudum
999 2903 1054 2930 aut
1074 2897 1132 2932 καὶ
1177 2908 1233 2930 ms.
1255 2902 1378 2939 uterque
1406 2902 1432 2930 et
1452 2899 1496 2929 ed.
1518 2907 1568 2937 pr.
1580 2921 1590 2937 ,
1624 2897 1706 2928 unde
1728 2898 1833 2928 eodem
1856 2899 1922 2929 iure

384 2944 521 2981 &aemon
542 2956 580 2987 γε
583 2943 708 2987 γοιώς,
745 2941 831 2982 ὥςτε
855 2940 961 2984 ου’τω,
997 2948 1051 2975 aut
1074 2942 1132 2977 καὶ
1177 2953 1236 2983 quo
1260 2946 1387 2975 Petavio
1419 2938 1748 2994 συνειςενεγκάμενος
1776 2943 1864 2973 nobis
1885 2943 1922 2973 li-

385 2988 521 3026 ἔκπνους
544 2988 689 3031 γεγονώς
713 2988 751 3024 δε
773 2985 872 3023 οὕτω.
1177 2992 1253 3020 ceret
1274 2990 1392 3028 efficere
1418 2983 1741 3039 συνενενεγκάμενος.

429 3033 508 3065 Cu.
522 3034 584 3065 XI.
604 3052 646 3057 —
674 3035 700 3065 1.
723 3032 1052 3077 συνεινενεγκάμενος
1063 3035 1129 3066 cod.
1221 3032 1250 3064 2.
1278 3034 1402 3072 Repono
1423 3031 1499 3071 μίαν
1522 3027 1600 3064 καῖ
1624 3029 1737 3064 ἕνωσιν
1757 3030 1815 3064 καὶ
1840 3027 1922 3073 ὁυέ·
