2066 3319
147 680 234 723 Κεφ.
257 679 309 716 ιδ’.

165 1641 231 1670 pag.
252 1635 308 1663 13⁷.

154 2105 242 2149 Κεφ.
264 2105 312 2141 ιε’.

331 179 383 218 72
898 185 1058 218 SANCTI
1083 186 1305 218 EPlPHANn

329 268 399 305 τοῦ
428 265 690 315 βαπτίσματος
712 261 871 316 χρόνον,
913 260 1005 303 άλλοὶ
1035 261 1147 305 ἄλλον
1176 261 1265 318 παρ’
1297 264 1453 305 ἐκεῖνον.
1517 261 1615 306 Οὔτε
1638 262 1711 320 γάρ
1739 263 1862 314 εύθῦς

331 329 408 372 άπὸ
429 335 500 371 τοῦ
519 334 736 383 πειρασμοῦ
757 328 856 384 πρὸς
873 328 941 372 τόν
958 329 1148 384 Ἰωάννην
1167 330 1399 383 ἀφικνεῖται,
1429 328 1521 372 ἄλλά
1541 337 1698 388 πρῶτον
1718 333 1786 386 μὲν
1809 334 1862 382 εἰς

330 396 400 450 τὴν
423 400 646 448 Γαλιλαίαν,
689 399 819 439 ἔπειτα
845 397 886 439 δὲ
914 396 990 440 άπὸ
1017 401 1218 447 Γαλιλαίας
1242 399 1304 439 ἐπὶ
1329 396 1397 439 τόν
1419 396 1645 453 Ἰορδάνην,
1686 399 1782 455 ’ὅπερ
1812 395 1863 454 ἦν

332 468 445 506 τοῦτο
469 463 570 517 πρὸς
591 464 659 506 τόν
683 463 884 518 Ἰωάννην.
946 464 1019 508 Διὸ
1043 467 1161 521 λέγει,
1197 461 1322 514 Οῦτος
1343 461 1393 519 ἧν
1417 466 1463 508 ὃν
1489 465 1599 509 εἷπον
1619 466 1722 520 ύμῖν.
1783 468 1861 509 Καὶ

331 532 390 573 ὅτι
413 531 456 573 τὸ
481 531 699 588 εὐαγγέλιόν
719 547 836 587 φησι,
869 535 948 574 Καὶ
972 533 1233 590 ἐμαρτύρησεν
1251 532 1461 588 Ἰωάννης,
1492 534 1551 577 ὅτι
1570 536 1778 589 τεθέαμαι·
1811 533 1863 585 ὥς

330 598 407 653 ἤδη
438 605 509 642 τοῦ
539 599 767 656 πράγματος
796 600 872 657 πρὸ
903 606 1042 657 καιροῦ
1069 619 1173 651 τινος
1202 603 1413 657 γεγονότος.

446 667 562 710 Μετά
584 674 704 710 ταῦτα
723 668 821 724 άρχή
841 671 1013 723 κλήσεως
1037 673 1114 712 τῶν
1134 670 1221 723 περὶ
1246 670 1398 722 Πέτρον
1421 668 1497 712 άπὸ
1518 668 1702 725 Ἀνδρέου
1725 673 1862 725 σημαί·

332 752 446 777 νεται.
497 734 662 790 Ἀνῆλθε
681 736 754 792 γάρ
775 736 866 793 παρ’
885 736 989 795 αὐτῷ
1008 736 1191 793 Ἀνδρέας
1210 734 1264 785 εἷς
1283 742 1361 778 τῶν
1382 736 1454 779 δύο
1473 743 1550 780 τῶν
1568 737 1861 793 α’κολουθησάν-

331 821 409 845 των
431 802 533 862 ath-93
545 839 555 856 ‚
595 807 926 859 μαθητευομένων
949 806 1015 859 μὲν
1037 804 1128 860 παρ’
1150 803 1361 856 Ἰωάννου,
1402 806 1457 847 ἔτι
1482 806 1523 847 δὲ
1549 808 1588 848 ἐν
1607 810 1654 865 τῇ
1680 809 1864 865 Γαλιλαίᾳ

333 872 655 927 παραμενόντων,
693 875 760 915 καὶ
781 878 922 929 καιροῦ
945 879 997 931 τῷ
1015 871 1183 931 Ἰωάννῃ
1205 871 1475 926 σχολαζόντων.
1537 875 1617 916 Καὶ
1641 873 1763 923 εὐθύς
1784 878 1862 928 μεί-

333 957 472 989 ναντος
494 939 678 996 Ἀνδρέου
701 943 849 995 ἐκείνην
869 940 939 995 τήν
961 939 1129 996 η’μέραν,
1169 940 1251 995 ὥρα
1272 936 1320 994 ἦν
1344 939 1397 990 ὥς
1417 940 1580 995 δεκάτη,
1621 944 1865 996 συμβέβηκεν

334 1006 432 1066 αὐτῇ
453 1013 501 1066 τῇ
523 1007 648 1066 ἡμέρᾳ
669 1008 889 1063 άπαντῆσαι
909 1008 1028 1051 αὐτόν
1054 1014 1105 1067 τῷ
1130 1011 1215 1066 ἰδίῳ
1239 1007 1395 1066 α’δελφῷ
1417 1012 1569 1063 Σίμωνι
1587 1012 1652 1052 καὶ
1675 1012 1796 1052 εἰπεῖν
1817 1009 1865 1053 τά

333 1078 594 1132 προειρημένα
625 1076 702 1128 ὅτι,
747 1075 981 1131 Εὑρήκαμεν
1006 1080 1205 1128 Μεσσίαν,
1246 1078 1312 1118 καὶ
1343 1075 1497 1132 άγαγεῖν
1527 1075 1647 1120 αὐτὸν
1668 1077 1770 1134 πρός
1798 1077 1866 1121 τὸν

333 1143 492 1198 κύριον,
529 1146 595 1186 καὶ
617 1144 662 1186 τά
684 1147 789 1199 ἑξῆς,
829 1147 896 1188 καὶ
922 1144 975 1194 οἷς
998 1147 1073 1199 ἔχει
1098 1143 1124 1199 ή
1147 1144 1384 1196 άκολουθία,
1425 1144 1483 1187 ὅτι
1509 1143 1615 1187 εἶπεν
1639 1145 1764 1205 αὐτῷ,
1803 1146 1865 1188 Σῦ

333 1211 515 1270 κληθήσῃ
542 1211 699 1266 Κήφας,
731 1215 818 1264 καὶ,
856 1219 911 1272 Τῇ
934 1213 1119 1269 ἐπαύριον
1141 1212 1327 1267 ἠθέλησε,
1359 1214 1500 1267 φησὶν,
1533 1216 1703 1264 ἐξελθεῖν
1722 1216 1776 1263 εἰς
1795 1213 1866 1268 τήν

336 1282 562 1331 Γαλιλαίαν,
594 1282 659 1322 καὶ
679 1279 842 1336 εὑρίσκει
867 1285 1078 1333 Φίλιππον,
1109 1283 1175 1323 καὶ
1195 1282 1292 1337 λέγει
1312 1280 1416 1339 αὐτῷ
1437 1280 1461 1323 ὁ
1478 1280 1655 1336 Ἰησοῦς,
1683 1280 1864 1325 Ἀκολού-

334 1354 401 1389 θει
421 1365 506 1401 μοι·
537 1344 585 1402 ἦν
608 1349 648 1390 δὲ
677 1352 872 1398 Φίλιππος
894 1348 970 1391 άπὸ
998 1352 1230 1402 Βηθσαϊδᾶ,
1262 1351 1305 1391 ἐκ
1329 1354 1398 1402 τῆς
1419 1349 1568 1399 πόλεως
1588 1349 1773 1406 Ἀνδρέου
1798 1351 1864 1392 καὶ

338 1416 504 1471 Πέτρου.
566 1417 645 1457 Καὶ
666 1414 760 1473 ὁρᾷς
779 1416 837 1459 ὅτι
855 1416 898 1459 τὸ
920 1420 1185 1471 διανοηθῆναι
1204 1415 1299 1470 ἡμῖν
1321 1420 1493 1468 δίδωσιν,
1524 1417 1584 1460 ὅτι
1602 1423 1680 1474 τῶν
1700 1417 1771 1460 δύο
1789 1423 1866 1460 τῶν

336 1481 691 1537 ἀκολουθησάντων
714 1486 1045 1539 μαθητευομένων
1065 1486 1132 1539 μὲν
1150 1490 1203 1542 τῷ
1220 1483 1403 1542 Ἰωάννῃ,
1436 1487 1474 1535 ἐξ
1497 1481 1552 1527 ὦν
1571 1485 1657 1535 ἕνὸς
1675 1485 1718 1528 vd
1741 1485 1866 1540 ὄνομα

335 1554 486 1606 εἴρηκεν
516 1551 574 1594 ὅτι
597 1551 782 1608 Ἀνδρέας
811 1548 881 1606 ἧν,
922 1558 992 1595 τοῦ
1024 1554 1065 1594 δὲ
1089 1552 1203 1595 ἄλλου
1228 1551 1302 1594 οὔκ
1328 1555 1500 1607 εἴρηκεν,
1544 1552 1597 1602 ὥς
1621 1556 1867 1596 διανοεῖσθαι

333 1617 435 1673 ἡμᾶς
462 1624 602 1662 τοῦτον
632 1618 729 1662 εἶναι
758 1615 806 1662 οῦ
836 1619 879 1663 τὸ
907 1620 1031 1674 ὄνομα
1062 1619 1137 1663 ούκ
1159 1623 1287 1675 εἴρηκε
1313 1619 1378 1662 διά
1403 1620 1445 1663 τὸ
1470 1619 1691 1677 ὁμόχωρον,
1728 1620 1793 1664 διά
1820 1621 1863 1664 τό

333 1687 548 1741 σύσκηνον,
588 1687 653 1730 διά
678 1686 904 1743 ὁμότεχνον,
947 1688 1011 1730 διά
1032 1687 1075 1731 τό
1101 1687 1304 1745 ὅμοεργὲς,
1335 1687 1362 1742 ἢ
1385 1688 1452 1731 τόν
1472 1687 1663 1744 Ἰωάννην
1683 1687 1802 1742 εἶναι,
1840 1689 1868 1744 ἢ

334 1755 402 1797 τόν
425 1755 640 1810 Ἰάκωβον,
672 1758 739 1798 ἕνα
772 1762 849 1799 τῶν
878 1759 978 1798 υἷῶν
1012 1759 1232 1810 Ζεβεδαίου.
1281 1755 1390 1798 ”Edu
1419 1756 1490 1813 γάρ
1519 1759 1683 1806 τούτους
1712 1763 1867 1812 πρῶτον

333 1829 546 1877 κληθῆναι·
578 1826 708 1866 ἔπειτα
731 1824 799 1867 τὸν
826 1828 1036 1876 Φίλιππον,
1067 1824 1164 1867 κατά
1183 1824 1254 1879 τήν
1274 1823 1526 1876 ἀκολουθίαν,
1559 1824 1611 1875 ὥς
1629 1827 1804 1867 τέτακται
1826 1827 1867 1868 ἐν

333 1897 415 1940 τοῖς
435 1890 684 1947 εὐαγγελίοις·
719 1895 869 1949 Πέτρος
889 1898 1056 1949 πρῶτος,
1081 1895 1212 1935 ἔπειτα
1229 1891 1425 1948 Ἀνδρέας,
1449 1891 1527 1934 εἶτα
1545 1891 1754 1947 Ἰάκωβος,
1786 1891 1866 1935 εἶτα

334 1958 542 2013 Ἰωάννης,
574 1959 667 2013 μετά
689 1960 852 2010 τούτους
876 1964 1083 2010 Φίλιππος.
1135 1960 1253 2002 Ἀλλά
1275 1962 1363 2016 περὶ
1385 1959 1535 2003 τούτων
1561 1960 1608 2002 τά
1635 1966 1707 2003 νῦν
1732 1961 1866 2005 ἐάσθω

334 2028 465 2083 λέγειν.
528 2027 659 2082 Πολλή
690 2028 762 2084 γάρ
794 2031 895 2071 ἐστιν
923 2027 950 2083 ή
979 2034 1047 2081 τῆς
1077 2032 1338 2085 πραγματείας
1365 2028 1509 2083 ταύτης
1538 2027 1767 2072 άκολουθία.

448 2097 523 2145 Εἰς
551 2097 592 2138 δὲ
621 2096 663 2138 τό
695 2096 926 2150 ζητούμενον
954 2095 1245 2151 άνακαμπτέον,
1287 2096 1382 2152 ὅπερ
1415 2099 1494 2139 ἔστι
1520 2102 1779 2151 κατανοῆσαι,
1807 2097 1868 2140 ὅτι

334 2162 517 2218 καθάπερ
538 2169 589 2222 τῷ
615 2162 776 2222 Ἰωάννῃ
800 2164 877 2218 ἤδη
904 2164 1217 2219 μαθητευόμενοι
1239 2167 1306 2207 καὶ
1327 2171 1375 2224 τῇ
1396 2168 1591 2223 μαθητείᾳ
1615 2167 1868 2220 προςανέχον-

335 2249 396 2280 τες
420 2230 605 2282 ὦςαύτως
627 2234 694 2274 καὶ
720 2231 826 2287 παρά
848 2238 901 2290 τῷ
920 2232 1047 2287 Ἰησοῦ
1070 2232 1298 2287 ποιήσαντες
1323 2233 1481 2288 πρώτην
1508 2231 1679 2288 ἡμέραν,
1709 2238 1757 2291 τῇ
1779 2235 1868 2287 ἑξῆς

337 2298 594 2351 α’πελθόντες,
632 2300 746 2342 πάλιν
776 2302 817 2342 ἐν
842 2306 888 2359 τῇ
914 2300 1002 2359 ἆλίςι
1035 2301 1255 2355 ἐσχόλαζον,
1295 2300 1349 2350 ω”ς
1380 2303 1534 2357 ἕρουσιν
1563 2303 1607 2342 αἱ
1633 2300 1867 2344 άκολουθίαι

338 2373 414 2409 τῶν
435 2369 572 2423 ἑτέρων
597 2366 836 2424 εὐαγγελίων.
887 2369 1004 2410 Μετὰ
1025 2369 1097 2425 γάρ
1123 2368 1165 2411 τὸ
1188 2368 1256 2422 τήν
1278 2368 1415 2423 αὔριον
1439 2371 1607 2419 ἐξελθεῖν
1629 2368 1698 2410 τόν
1717 2367 1867 2422 Ἰησοῦν

339 2433 462 2484 εύθύς
492 2435 517 2489 ἡ
553 2435 769 2478 ἀκολουθία
802 2435 944 2489 φάσκει
975 2439 1052 2488 ὅτι,
1097 2442 1153 2495 Τῇ
1185 2440 1292 2494 τρίτῃ
1328 2436 1454 2494 ἡμέρα
1486 2435 1611 2492 γάμος
1643 2438 1790 2492 ἐγένετο
1826 2439 1868 2480 ἐν

342 2507 455 2560 Κανᾷ
489 2509 557 2557 τῆς
583 2508 804 2555 Γαλιλαίας,
842 2506 910 2546 καὶ
933 2501 980 2558 ἧν
1010 2507 1091 2547 ἐκεῖ
1117 2504 1144 2559 ἡ
1171 2505 1295 2560 μήτηρ
1325 2511 1394 2547 τοῦ
1417 2504 1556 2558 Ἰησοῦ.
1612 2502 1794 2558 Ἐκλήθη
1825 2506 1867 2547 δὲ

339 2572 406 2612 καὶ
428 2570 451 2612 ὁ
470 2569 618 2624 Ἰησοῦς
642 2574 707 2614 καὶ
729 2575 769 2615 οἱ
788 2575 963 2626 μαθηταὶ
986 2570 1107 2615 αύτοῦ
1131 2575 1184 2622 εἰς
1206 2572 1274 2615 τὸν
1297 2572 1432 2628 γάμον.
1490 2570 1584 2614 ’And
1608 2573 1649 2614 δὲ
1675 2573 1866 2628 ἑκατέρων

341 2642 417 2680 τῶν
443 2644 510 2692 τῆς
534 2644 778 2696 λεπτολογίας
801 2640 984 2696 ῥημάτων
1010 2643 1075 2682 καὶ
1098 2639 1326 2683 ὑποθέσεων
1350 2641 1474 2682 ἰστέον
1497 2641 1598 2682 ἐστὶν
1621 2639 1680 2682 ὅτι
1702 2642 1770 2682 καὶ
1791 2642 1867 2683 ἑτέ-

342 2724 437 2761 ρους
475 2712 764 2763 συμπαρείληφε
795 2709 975 2764 μαθητάς
1009 2712 1147 2758 οἵτινες
1182 2708 1252 2750 σύν
1289 2707 1395 2766 αὐτῷ
1422 2710 1593 2763 ἔμειναν,
1632 2707 1730 2761 τάχα
1760 2710 1801 2750 δὲ
1830 2711 1871 2751 οἷ

343 2777 431 2829 περὶ
458 2776 679 2829 Ναθαναὴλ
711 2779 778 2819 καὶ
805 2782 1021 2830 Φίλιππον,
1061 2779 1127 2819 καὶ
1161 2776 1267 2818 ἄλλοι
1297 2778 1407 2826 τινές.
1471 2778 1522 2818 Oi
1552 2775 1624 2832 γάρ
1661 2777 1748 2831 περὶ
1782 2775 1865 2818 Ἀν-

344 2845 460 2898 δρέαν
480 2842 736 2897 ἀνεχώρησαν.
787 2849 838 2887 Οἱ
858 2848 898 2888 δὲ
919 2845 1008 2902 παρ’
1029 2844 1134 2903 αύτῷ
1155 2844 1409 2899 μεμενηκότες
1429 2844 1649 2898 ἐκλήθησαν
1665 2845 1730 2885 καὶ
1753 2842 1866 2886 αὐτοὶ

345 2914 398 2961 εἰς
427 2910 519 2960 τούς
544 2910 704 2968 γάμους.
765 2916 844 2956 Καὶ
874 2914 967 2969 μετά
989 2913 1031 2957 τό
1056 2918 1216 2967 ποιῆσαι
1240 2919 1354 2956 τοῦτο
1377 2917 1534 2970 πρῶτον
1559 2917 1716 2966 σημεῖον
1739 2917 1866 2954 κατελ-
