2030 3324
153 1180 218 1207 [επις.
238 1171 296 1199 759.

133 1625 161 1657 Κ
170 1636 221 1668 εφ.
247 1624 306 1661 λς’.

313 192 393 232 644
881 195 1042 228 SANCTI
1066 196 1290 228 EPIPHANH

316 275 504 316 ἐσκέπασε
536 269 629 318 τους
665 269 777 318 υἷοῦς
799 268 970 326 Ἰσραήλ,
1012 269 1088 313 κᾶν
1118 289 1158 313 τε
1186 272 1342 324 στύλος,
1385 271 1450 314 δια
1480 271 1522 313 τὸ
1558 269 1751 322 φωτεινόν
1781 275 1853 312 τοῦ

314 339 441 395 πυρός
464 339 486 381 ὃ
513 337 702 390 ἐφώτισεν
728 340 768 379 ἐν
788 343 835 396 τῇ
864 337 1018 396 ἐρήμῳ,
1049 337 1124 380 κόἷν
1150 356 1187 380 τε
1211 339 1348 392 μάννα,
1381 339 1514 392 ἐπειδὴ
1539 337 1758 394 ἠρνήσαντο
1784 338 1856 379 αὐ-

314 407 383 450 τόν
407 406 526 462 ἄρτον
551 404 811 459 ἐπουράνιον,
851 405 926 448 κᾶν
949 423 988 447 τε
1015 404 1153 462 α’ρτος,
1195 407 1330 460 ἐπειδὴ
1363 406 1410 449 δι’
1436 406 1560 449 αὐτοῦ
1585 403 1854 461 ἰσχυροποιού-

316 482 443 528 μεθα,
484 473 558 517 κᾶν
590 493 629 518 τε
659 473 838 529 ἅγγελος,
883 473 1017 527 ἐπειδὴ
1045 473 1213 529 μεγάλης
1246 477 1394 528 βουλῆς
1423 473 1598 529 ἅγγελος·
1644 472 1858 526 ὁμώνυμον

314 543 386 598 γάρ
408 546 485 585 ἐστι
511 543 552 585 vd
577 549 648 586 τοῦ
672 543 835 597 ἀγγέλου
862 540 998 594 ὄνομα.
1057 541 1235 591 Ἐδέξατο
1258 540 1330 596 γάρ
1356 540 1518 595 ήῬαάβ
1540 540 1633 591 τούς
1656 538 1857 596 οἷγγέλους,

314 613 382 653 καὶ
405 610 478 653 οὐκ
504 608 603 664 ἦσαν
630 609 781 665 ἄγγελοι
814 612 853 652 οἵ
883 607 1183 663 ἀπεσταλμένοι,
1226 607 1298 650 ἄλλ’
1328 608 1355 662 ἢ
1385 612 1424 650 οἱ
1452 608 1740 665 ἆναγγείλαντες
1769 608 1859 663 περὶ

313 684 383 721 τοῦ
405 678 543 721 τόπου.
609 678 724 720 Οὕτω
752 679 820 719 καὶ
847 675 868 719 ὁ
895 676 1132 732 μονογενής,
1164 675 1299 729 ἐπειδὴ
1324 675 1522 732 ἀνήγγειλε
1541 676 1584 719 τό
1612 678 1764 730 θέλημα
1786 679 1858 717 τοῦ

315 746 465 802 πατρός
485 754 569 796 τοῖς
590 744 843 801 άνθρώποις,
876 744 1043 800 μεγάλης
1065 748 1212 798 βουλῆς
1234 743 1413 799 ἅγγελος,
1446 745 1487 785 ἐν
1506 748 1560 800 τῷ
1584 742 1719 797 κόσμῳ
1741 741 1858 798 άναγ-

314 816 457 870 γέλλων
489 813 561 867 τήν
588 813 756 869 μεγάλην
787 812 946 866 βουλήν.
1009 813 1090 854 Καὶ
1120 816 1253 863 λίθος,
1295 810 1368 854 οῦκ
1402 809 1645 864 α’ναίσθητος
1676 808 1700 853 ὅ
1730 813 1857 861 λίθος,

316 882 411 925 ἄλλα
433 887 772 937 καταχρηστικῶς,
804 879 868 922 ὅιοέ
893 880 935 922 τό
961 879 1198 936 πρόςκομμα
1222 881 1419 935 γεγονέναι
1440 879 1669 930 Ἰουδαίοις,
1703 876 1794 932 ἡμῖν
1818 878 1860 920 δὲ

314 952 499 1004 θεμέλιον
524 953 726 1005 σωτηρίας.
789 950 869 990 Καὶ
892 947 1178 1004 άκρογωνιαῖος
1199 951 1332 999 λίθος,
1374 945 1438 989 διά
1461 945 1504 988 τὸ
1530 948 1758 1001 ἐπισφίγξαι
1787 963 1860 987 πα-

314 1019 426 1061 λαιάν
447 1020 514 1060 καὶ
534 1019 625 1059 νέαν
646 1016 868 1070 διαθήκην,
899 1015 1114 1072 περιτομήν
1138 1033 1177 1058 τε
1199 1017 1266 1058 καὶ
1289 1014 1554 1070 ἀκροβυστίαν
1579 1015 1634 1062 εἷς
1654 1016 1746 1067 μίαν
1767 1014 1861 1055 ἕνω-

315 1102 386 1129 σιν.
446 1085 588 1139 Ἀμνός
612 1086 673 1137 δὲ,
705 1084 770 1127 διά
794 1084 836 1126 τὸ
869 1084 1039 1136 ἄκακον,
1071 1086 1136 1126 καὶ
1164 1083 1207 1126 vd
1235 1081 1282 1125 δι’
1305 1083 1430 1125 αὐτοῦ
1453 1081 1525 1136 τήν
1556 1080 1748 1136 ἁμαρτίαν
1778 1079 1858 1122 άπὸ

318 1160 394 1196 τῶν
418 1153 646 1208 ἀνθρώπων
671 1153 898 1206 ἠφανίσθαι
922 1155 963 1194 ἐν
987 1158 1040 1210 τῷ
1064 1151 1183 1193 αὐτόν
1208 1157 1260 1208 τῷ
1286 1152 1404 1206 πατρὶ
1428 1150 1737 1205 προςενηνέχθαι
1760 1147 1857 1205 πρό-

316 1227 437 1277 βατον
474 1225 527 1270 εἰς
559 1220 737 1276 σφαγήν,
781 1220 918 1274 ἐπειδὴ
941 1216 1060 1273 ἦλθεν
1092 1219 1191 1274 ὑπὲρ
1223 1217 1335 1272 ἡμῶν
1361 1224 1508 1259 παθεῖν
1533 1216 1556 1259 ὅ
1580 1215 1765 1270 ἀπαθὴς,
1797 1218 1862 1258 ἵνα

316 1290 428 1345 ἡμεῖς
455 1295 669 1343 σωθῶμεν,
700 1290 767 1330 καὶ
794 1291 884 1330 εἴτι
907 1290 1010 1330 ἔστιν
1032 1290 1163 1343 ἕτερον
1184 1293 1270 1335 ταῖς
1295 1285 1431 1335 αὐταῖς
1458 1284 1615 1340 χρήσεσι
1644 1283 1860 1338 συμβαλλό-

317 1376 433 1413 μενον
469 1360 522 1406 εἰς
559 1360 755 1411 σωτηρίαν
794 1358 890 1397 υἱῶν
927 1361 1006 1398 τῶν
1043 1354 1292 1412 ἀνθρώπων,
1334 1357 1652 1409 καταχρηστικῶς
1682 1350 1762 1394 ἀπὸ
1793 1357 1863 1406 τῆς

317 1430 432 1475 θείας
461 1429 617 1481 γραφῆς
648 1426 703 1473 εἰς
732 1422 854 1466 αὐτόν
885 1422 1132 1480 ἀναφέρεται.

437 1631 482 1671 Τί
503 1623 575 1670 οὖν
597 1627 639 1670 τὸ
663 1630 804 1682 κτίσμα
827 1626 1082 1681 ω’φελήσειενς
1112 1626 1139 1681 ἢ
1161 1629 1282 1669 ποίαν
1300 1630 1438 1681 χρῆσιν
1465 1630 1630 1667 ποιεῖται
1659 1623 1761 1680 πρός
1789 1622 1862 1678 τήν

317 1696 430 1751 ήμῶν
455 1699 670 1752 σωτηρίαν,
702 1698 770 1738 καὶ
803 1695 904 1751 πρὸς
932 1695 1004 1749 τὴν
1034 1701 1105 1738 τοῦ
1135 1700 1236 1737 θεοῦ
1266 1694 1387 1750 λόγου
1414 1695 1606 1748 ἕνσαρκον
1634 1695 1860 1748 δοξολογίαν

316 1767 382 1808 καὶ
400 1768 542 1807 τελείαν
565 1763 757 1817 θεότητας
789 1767 824 1805 τί
850 1764 994 1816 ὠφελεῖ
1011 1762 1115 1817 ήμᾶς
1135 1763 1177 1806 τό
1201 1764 1322 1818 λέγειν
1342 1760 1462 1803 αὐτὸν
1483 1764 1641 1814 κτίσμα,
1665 1763 1701 1802 τί
1719 1763 1861 1813 κτίσμα

315 1840 401 1882 ταῖς
422 1836 589 1875 κτίσεσιν
616 1830 832 1888 ἐργάζεται,·
865 1835 899 1874 τί
920 1835 1060 1885 κτίσμα
1085 1831 1231 1884 ὠφελεῖ
1251 1829 1319 1880 τάς
1341 1833 1500 1880 κτίσεις,
1540 1833 1625 1878 πῶς
1646 1828 1689 1870 δὲ
1710 1829 1858 1870 ἔκτισεν

317 1900 339 1943 ὁ
363 1900 462 1943 θεὸν
484 1900 581 1942 θεὸν
604 1903 658 1949 εἰς
682 1900 948 1955 προςκύνησιν
972 1899 1128 1951 διδοῦς,
1161 1897 1280 1941 ὁπότε
1306 1899 1424 1954 λέγει,
1457 1896 1534 1950 Μὴ
1555 1895 1724 1954 ποιήσῃς
1748 1910 1858 1937 σεαυ-

317 1975 371 2026 τῷ
395 1974 473 2010 πᾶν
497 1967 678 2022 ὁμοίωμα
701 1968 796 2021 μήτε
818 1970 882 2010 ἐπὶ
900 1973 991 2024 γῆς,
1023 1967 1118 2021 μήτε
1143 1969 1184 2009 ἐν
1204 1965 1382 2024 οὐρανῷ,
1420 1967 1488 2006 καὶ
1516 1963 1569 2018 μὴ
1608 1970 1620 1993 ¹
1638 1961 1857 2020 προςκυνή-

319 2052 390 2095 σ’ῃς
415 2035 541 2094 αὐτῷ,
585 2041 670 2085 πῶς
692 2031 764 2078 οῦν
787 2038 932 2078 ἔκτισεν
965 2037 1093 2094 ἐαυτῷ
1123 2034 1233 2086 υἵὸν,
1264 2036 1330 2076 καὶ
1355 2035 1511 2083 ἐπέταξε
1534 2037 1860 2087 προςκυνεῖσθαι,·

318 2104 483 2157 μάλιστα
508 2109 579 2145 τοῦ
600 2103 821 2145 ἀποστόλου
842 2104 1044 2159 λέγοντος,
1087 2105 1167 2145 Καὶ
1195 2102 1426 2157 ἐλάτρευσαν
1451 2106 1498 2160 τῇ
1523 2103 1643 2142 κτίσει
1665 2097 1774 2154 παρά
1794 2097 1863 2141 τόν

318 2176 523 2223 κτίσαντα,
554 2173 621 2213 καὶ
646 2171 947 2226 ἐμωράνθησαν.
1009 2171 1166 2227 Μωρόν
1189 2170 1263 2227 γάρ
1285 2170 1328 2212 τὸ
1360 2172 1484 2212 κτίσιν
1508 2173 1735 2223 θεολογεῖν,
1767 2165 1860 2208 ἄθε-

319 2247 396 2282 τεῖν
429 2240 470 2281 δὲ
497 2238 657 2294 πρώτην
681 2238 840 2292 ἐντολήν
872 2238 942 2293 τήν
974 2241 1182 2294 λέγουσαν,
1228 2238 1383 2293 Κύριον
1416 2236 1484 2279 τὸν
1514 2234 1611 2278 θεόν
1640 2250 1712 2278 σου
1745 2252 1860 2290 προς-

318 2307 521 2360 κυνήσεις,
564 2309 628 2348 καὶ
655 2307 764 2364 αὐτῷ
790 2306 899 2364 μόνῳ
932 2306 1163 2361 λατρεύσεις.
1225 2306 1301 2348 Διὸ
1327 2305 1352 2360 ἡ
1386 2304 1476 2362 ἆγία
1501 2308 1571 2346 τοῦ
1603 2307 1705 2345 θεοῦ
1728 2304 1860 2356 ἐκκλη·

320 2379 382 2417 σία
407 2375 455 2417 οὐ
477 2379 618 2428 κτίσμα
644 2381 876 2430 προςκυνεῖ,
917 2373 1011 2415 ἄλλα
1043 2374 1133 2416 υἷὸν
1157 2373 1365 2430 γεννητόν,
1405 2374 1553 2428 πατέρα
1583 2373 1623 2413 ἐν
1646 2373 1742 2428 υἱῷ,
1773 2369 1862 2412 υἷόν

321 2445 361 2484 ἐν
390 2445 529 2497 πατρὶ,
573 2442 645 2485 σῦν
678 2442 775 2500 άγίῳ
814 2441 1018 2495 πνεύματι.
1083 2441 1216 2494 Ἀλλά,
1260 2443 1365 2493 Ναὶ,
1407 2443 1515 2494 φησί.
1570 2438 1669 2481 Ἐάν
1706 2438 1777 2494 γάρ
1809 2437 1861 2492 μή

320 2513 417 2552 εἴπω
451 2511 511 2552 ὅτι
544 2515 707 2565 κτίσμα,
752 2512 895 2564 φησὶν,
938 2509 1143 2552 ἐλάττωσιν
1175 2511 1385 2565 προςφέρω
1423 2513 1476 2566 τῷ
1511 2510 1638 2561 πατρί.
1705 2505 1756 2547 Τό
1788 2504 1861 2561 γάρ

321 2577 476 2619 κτιστὸν
497 2579 571 2620 οὐκ
599 2581 754 2621 ἐλαττοῖ
781 2577 849 2620 τὸν
877 2581 1070 2619 κτίσαντα.
1137 2577 1188 2620 Τὸ
1215 2579 1256 2620 ὁὲ
1277 2577 1553 2633 γεγεννημένον
1581 2577 1624 2617 ἐκ
1650 2572 1806 2626 φύσεως
1836 2571 1863 2626 ἢ

321 2645 509 2699 συστολὴν
531 2646 741 2701 ἐργάζεται,
772 2645 800 2699 ἢ
822 2645 1063 2699 πλατυσμόν,
1093 2645 1120 2698 ἢ
1145 2649 1325 2699 μείωσιν,
1357 2644 1384 2698 ἢ
1403 2643 1548 2697 τομήν,
1579 2641 1605 2695 ἦ
1629 2659 1665 2683 τι
1686 2645 1763 2682 τῶν
1783 2657 1863 2682 τοι-

322 2711 448 2754 ούτων
470 2719 616 2756 παθῶν
635 2713 851 2770 προςάπτει
873 2719 927 2771 τῷ
953 2712 1207 2769 γεγεννηκότι.
1257 2711 1390 2766 Πολλὴ
1415 2713 1457 2753 δὲ
1480 2712 1606 2766 μωρία
1630 2713 1708 2750 τῶν
1729 2713 1858 2750 τοιαῦ-

321 2797 368 2820 τα
389 2783 660 2835 λογιζομένων,
701 2780 754 2830 ὥς
779 2779 848 2834 (ἔφ’
875 2783 1026 2823 ἑαυτῶν
1046 2780 1089 2823 τὸ
1115 2787 1231 2823 θεῖον
1262 2779 1445 2831 εἰκάζειν,
1477 2779 1540 2820 καὶ
1569 2776 1616 2818 τοὶ
1640 2778 1694 2825 εἰς
1718 2773 1862 2826 αὐτοῦς

321 2845 438 2900 πάθη
462 2854 516 2905 τῷ
537 2855 620 2907 θεῷ
646 2848 883 2905 προςάπτειν
903 2850 1168 2904 βουλομένων,
1199 2853 1270 2891 τοῦ
1291 2853 1392 2890 θεοῦ
1416 2846 1605 2894 ἀπαθοῦς
1625 2842 1741 2893 ὄντος
1760 2861 1858 2886 παν-

367 2951 444 2981 CAP.
469 2951 635 2984 XXXVI.
668 2971 712 2977 —
770 2953 798 2985 1.
833 2951 1068 2996 προςκυνήσης
1115 2952 1274 2996 κυνήσεις
1296 2953 1370 2984 edili
1391 2952 1470 2983 libri·

320 2997 527 3036 cocLRhediy.
563 2995 785 3040 προςκυνῆσις
799 3000 867 3030 cod.
880 3000 943 3031 len.
972 3010 1068 3042 τερος·
