2066 3319
179 831 245 859 pag.
266 825 322 852 ⁴156.

147 1710 234 1754 Κεφ,
253 1707 313 1744 λδ’.

345 194 422 235 108
790 188 792 190 ’
903 201 1061 234 SANCTx
1086 203 1307 234 EP1PHAN11

342 280 407 319 καὶ
436 276 676 330 χωνεύεσθαι
710 279 750 318 ἐν
781 281 829 334 τῇ
860 276 959 318 κατά
985 277 1145 334 Φρύγας
1177 280 1329 333 αἱρέσει.
1394 279 1507 321 Οὕτω
1535 278 1607 335 γάρ
1639 278 1762 328 εὐθύς
1792 283 1864 321 διε-

340 347 457 398 λέγχει
494 343 516 385 ὁ
551 343 706 397 κύριος·
750 343 916 399 Γράψον
947 350 1000 402 τῷ
1033 345 1177 403 άγγέλῳ
1215 350 1284 399 τῆς
1318 348 1359 388 ἐν
1392 350 1618 401 Θυατείροις
1648 349 1865 400 ἐκκλησίας·

341 411 431 453 τάδε
454 413 552 466 λέγει
577 410 598 453 ὁ
620 414 717 465 ἔχων
742 411 834 460 τούς
857 410 1089 466 ὀφθαλμούς
1112 412 1165 462 ὦς
1185 413 1313 468 φλόγα
1336 413 1481 468 πυρός,
1511 416 1577 455 καὶ
1597 417 1637 456 οἰ
1656 415 1775 463 πόδες
1798 413 1864 456 αὖ·

341 484 410 520 τοῦ
440 478 570 532 ὅμοιοι
604 479 887 537 χαλκολιβάνῳ·
927 478 1015 521 οἶδά
1047 496 1116 522 σου
1145 480 1214 533 τήν
1240 484 1368 522 πίστιν
1400 483 1467 522 καὶ
1498 480 1673 536 άγάπην,
1704 483 1769 523 καὶ
1798 481 1868 535 τὴν

343 550 565 598 διακονίαν,
596 549 663 588 καὶ
685 547 745 588 ὅτι
765 546 810 588 τά
835 546 972 600 ἔσχατά
997 562 1068 589 σου
1090 551 1248 589 πλείονα
1272 553 1350 589 τῶν
1372 547 1555 603 πρώτων·
1594 551 1665 603 ἔχω
1697 550 1738 591 δὲ
1768 548 1866 591 κατά

341 630 432 666 σου,
465 614 525 656 ὅτι
551 613 665 667 άφεὶς
691 614 761 668 τήν
792 621 956 669 γυναῖκα
979 613 1144 668 Ἰεζάβελ
1179 614 1331 656 άπατᾶν
1359 615 1452 664 τούς
1479 616 1646 665 δούλους
1675 635 1771 670 μου,
1808 618 1865 659 λέ-

339 697 486 737 γουσαν
517 682 657 736 ἕαυτήν
686 688 901 737 προφῆτιν,
942 682 1204 724 διδάσκουσαν
1233 689 1373 737 φαγεῖν
1404 683 1645 725 εἰδωλόθυτα
1675 687 1742 726 καὶ
1771 703 1866 740 πορ-

340 748 482 791 νεύειν·
514 751 580 791 καὶ
611 752 739 792 ἔδωκα
769 749 866 808 αὐτῇ
891 750 1031 804 χρόνον
1055 756 1309 803 μετανοῆσαι,
1341 751 1406 792 καὶ
1430 750 1477 792 οὗ
1501 753 1604 792 θέλει
1635 758 1868 806 μετανοῆσαι

344 819 386 859 ἐκ
409 822 477 870 τῆς
504 821 687 872 πορνείας
711 816 850 871 αὐτῆς,
882 817 950 871 οὐχ
979 817 1112 873 ὁρᾶτε,
1145 813 1176 859 ὦ
1202 813 1332 868 οὗτοι,
1364 817 1423 859 ὅτι
1451 819 1537 872 περὶ
1566 824 1643 860 τῶν
1670 825 1868 874 γυναικῶν

338 887 435 940 λέγει
464 891 542 927 τῶν
572 887 612 927 ἐν
639 885 761 939 οἰήσει
790 889 1028 941 προφητείας
1054 884 1319 938 άπατωμένων
1343 887 1408 927 καὶ
1435 884 1649 928 άπατωσῶν
1679 887 1866 937 πολλούς;

343 955 452 1007 Φημὶ
480 954 521 994 δὲ
547 955 636 1008 περὶ
660 956 895 1006 Πρισκίλλας
918 955 985 994 καὶ
1008 956 1253 1006 Μαξιμίλλας
1281 955 1347 995 καὶ
1371 957 1620 1004 Κυϊντίλλας,
1653 949 1708 995 ὧν
1736 953 1782 996 οὗ
1811 956 1868 997 λε’-

338 1028 435 1074 ληθε
459 1020 501 1063 τό
525 1025 677 1074 πνεῦμα
700 1020 742 1062 τό
775 1021 885 1076 ἅγιον
910 1022 975 1062 καὶ
1000 1020 1025 1075 ἡ
1050 1020 1177 1063 αὐτῶν
1199 1020 1344 1075 ἀπάτη*
1377 1020 1467 1062 ἄλλα
1491 1022 1751 1076 προεθέσπισε
1774 1040 1867 1077 προ-

341 1095 517 1143 φητικῶς
551 1091 590 1131 ἐν
619 1094 672 1145 τῷ
702 1088 863 1142 στόματι
893 1094 963 1130 τοῦ
995 1088 1106 1145 άγίου
1133 1087 1336 1140 Ἰωάννου,
1373 1089 1467 1142 ὅπερ
1499 1091 1644 1145 ἐγένετο
1675 1089 1769 1143 μετά
1798 1089 1868 1143 τὴν

338 1163 407 1199 τοῦ
433 1155 545 1213 άγίου
567 1155 759 1198 Ἰωάννου
792 1160 983 1210 κοίμησιν.
1040 1156 1176 1199 Αὐτοῦ
1204 1158 1243 1199 δὲ
1273 1157 1617 1212 προφητεύσαντος
1646 1159 1685 1198 ἐν
1714 1157 1869 1212 χρόνοις

345 1231 358 1254 ¹
377 1228 579 1266 Κλαυδίου
607 1227 806 1279 Καίσαρος
833 1223 1037 1276 α’νωτάτω,
1078 1226 1140 1267 ὅτε
1173 1228 1226 1273 εἰς
1255 1225 1325 1279 τὴν
1353 1225 1518 1279 Πάτμον
1547 1231 1667 1279 νῆσον
1695 1224 1868 1280 ὑπῆρξεν

339 1291 588 1349 (ὁμολογοῦσι
617 1293 689 1348 γάρ
721 1295 784 1334 καὶ
821 1288 929 1335 οὗτοι
952 1295 992 1335 ἐν
1017 1297 1243 1346 Θυατείροις
1267 1299 1386 1334 ταῦτα
1408 1299 1724 1348 πεπληρῶσθαι),
1758 1293 1868 1349 2ἄρα

339 1367 434 1417 γοῦν
452 1360 551 1403 κατά
565 1364 808 1414 προφητείαν
825 1362 970 1416 ἔγραφε
986 1368 1064 1409 τοῖς
1080 1363 1160 1403 ἐκεῖ
1174 1363 1214 1403 ἓν
1231 1366 1386 1418 Χριστῷ
1410 1360 1493 1403 κατ’
1508 1364 1630 1403 ἐκεῖνο
1645 1368 1865 1404 πεπολιτευ-

339 1431 481 1482 μένοις,
507 1430 565 1470 Su
586 1428 740 1482 ἤμελλεν
756 1428 896 1481 ἑαυτὴν
911 1428 1009 1484 γυνὴ
1032 1433 1228 1483 προφῆτιν
1248 1435 1388 1470 καλεῖν.
1434 1431 1513 1470 Καὶ
1531 1432 1706 1472 διέπεσεν
1726 1429 1749 1472 ό
1769 1430 1868 1472 κατά

336 1503 405 1550 τῆς
429 1495 615 1549 άληθείας
639 1495 929 1551 ἐπεγειρόμενος
958 1496 1205 1549 πανταχόθεν
1235 1499 1531 1550 ἐπινενοημένος
1553 1497 1686 1552 λόγος,
1718 1500 1867 1540 δεικνυ-

338 1566 457 1618 μένου
482 1569 551 1606 τοῦ
580 1563 678 1606 κατά
702 1563 771 1617 την
791 1562 1062 1617 Ἀποκάλυψιν
1085 1566 1203 1620 λόγου
1226 1570 1475 1620 προφητικοῦ
1497 1564 1610 1614 ὄντος
1632 1568 1673 1608 ἐκ
1697 1565 1866 1620 πνεύμα-

335 1651 402 1682 τος
431 1631 546 1688 άγίου
575 1631 674 1674 κατά
703 1630 903 1685 άλήθειαν.

449 1699 706 1756 Ἐπαίρονται
731 1701 772 1741 δὲ
793 1699 909 1742 πάλιν
929 1706 976 1758 τῇ
998 1703 1151 1758 διανοίᾳ
1177 1703 1216 1742 οἷ
1235 1699 1345 1742 αὐτοὶ
1368 1704 1663 1755 λεξιθηροῦντες
1682 1699 1866 1756 ἀπείρως,

337 1772 402 1811 ἵνα
438 1769 578 1819 δόξωσι
612 1767 888 1823 παρεκβάλλειν
920 1768 966 1809 τά
999 1774 1070 1810 τοῦ
1101 1767 1214 1824 άγίου
1248 1767 1465 1811 άποστόλου
1502 1773 1653 1823 βιβλία,
1694 1771 1797 1823 φημὶ
1826 1770 1868 1811 δὲ

334 1836 524 1879 Ἰωάννου
546 1836 590 1878 τό
614 1854 653 1878 τε
678 1835 897 1892 εὐαγγέλιον
920 1837 985 1878 καὶ
1007 1835 1077 1890 τήν
1102 1836 1390 1888 Ἀποκάλυψιν,
1421 1837 1516 1891 τάχα
1538 1838 1579 1879 δὲ
1604 1839 1671 1879 καὶ
1693 1836 1761 1886 τάς
1785 1839 1866 1879 ε’πι-

337 1905 492 1953 στολάς·
524 1904 734 1961 συνᾴδουσι
765 1903 836 1959 γάρ
863 1906 928 1946 καὶ
961 1900 1073 1946 αὗται
1103 1910 1155 1962 τῷ
1185 1903 1388 1962 εὗαγγελίῳ
1422 1907 1488 1947 καὶ
1518 1911 1564 1964 τῇ
1588 1905 1865 1958 Ἀποκαλύψει.

338 1976 417 2014 Καί
447 1987 566 2025 φασιν
601 1972 680 2023 ὅτι,
721 1971 866 2023 Εἶδον,
906 1974 970 2014 καὶ
1000 1971 1083 2014 εἶπε
1109 1978 1161 2029 τῷ
1194 1971 1360 2031 άγγέλῳ,
1393 1978 1530 2015 Λῦσον
1560 1972 1652 2022 τούς
1681 1975 1867 2028 τέσσαρας

337 2040 520 2096 ἀγγέλους
541 2039 633 2090 τούς
657 2042 720 2082 ἐπὶ
743 2046 812 2082 τοῦ
835 2039 1075 2095 Εὐφράτου·
1106 2042 1171 2082 καὶ
1193 2040 1345 2094 ἤκουσα
1370 2042 1438 2083 τόν
1461 2040 1636 2095 άριθμὸν
1655 2046 1724 2083 τοῦ
1754 2056 1865 2095 στρα-

337 2114 429 2159 τοῦ,
461 2110 596 2163 μύριαι
621 2108 806 2164 μυριάδες
833 2110 899 2149 καὶ
923 2112 1036 2162 χίλιαι
1059 2108 1244 2162 χιλιάδες,
1283 2111 1349 2150 καὶ
1380 2105 1480 2163 ἦσαν
1509 2110 1756 2162 ἐνδεδυμένοι
1784 2108 1868 2151 θῶ-

338 2194 460 2231 ρακας
496 2180 685 2230 πυρίνους
719 2178 784 2217 καὶ
821 2176 1002 2225 θειώδεις
1039 2179 1105 2218 καὶ
1141 2175 1410 2226 ὑακινθίνους.
1467 2176 1682 2229 Ἐνόμισαν
1721 2177 1794 2233 γάρ
1831 2180 1870 2220 οἷ

336 2250 527 2293 τοιοῦτοι,
559 2244 611 2297 μή
635 2263 689 2298 πη
715 2243 790 2300 ἄρα
812 2244 961 2299 γελοῖόν
984 2247 1085 2286 ἐστιν
1105 2243 1130 2298 ἡ
1152 2244 1336 2298 άλήθεια·
1369 2244 1436 2286 ἐάν
1461 2244 1533 2300 γάρ
1559 2246 1647 2302 λέγῃ
1669 2245 1762 2294 τούς
1786 2247 1867 2287 τέσ-

337 2327 458 2366 σαρας
479 2311 664 2368 άγγέλους
685 2312 778 2360 τούς
801 2315 840 2354 ἐν
862 2317 914 2369 τῷ
935 2311 1133 2371 Εὐφράτῃ
1155 2314 1455 2366 καθεζομένους,
1485 2315 1550 2354 ἵνα
1571 2316 1674 2370 δείξῃ
1697 2313 1768 2362 τοὶς
1787 2314 1866 2356 τέσ-

338 2395 459 2435 σαρας
490 2380 685 2434 διαφοράς
707 2385 785 2422 τῶν
819 2382 939 2422 ἐκεῖσε
972 2382 1103 2422 ἐθνῶν
1134 2382 1408 2433 καθεζομένων
1441 2382 1504 2423 ἐπὶ
1538 2379 1606 2422 τὸν
1630 2380 1866 2436 Εὐφράτην,

339 2451 477 2497 οἵτινές
507 2451 600 2490 εἰσιν
631 2447 849 2502 Ἀσσύριοι,
881 2447 1146 2501 Βαβυλώνιοι,
1179 2452 1320 2502 Μῆδοι
1339 2450 1406 2490 καὶ
1434 2450 1594 2504 Πέρσαι.
1643 2444 1773 2492 Αὗται
1794 2448 1867 2505 γάρ

339 2519 381 2558 αἱ
402 2518 581 2570 τέσσαρες
609 2520 798 2570 βασιλεῖαι
829 2515 928 2557 κατά
962 2516 1147 2569 διαδοχὴν
1179 2519 1218 2558 ἐν
1244 2522 1296 2573 τῷ
1321 2515 1468 2570 Δανιὴλ
1497 2518 1748 2570 ἐμφέρονται,
1785 2522 1798 2546 ¹
1816 2516 1868 2567 ὥς

339 2589 487 2637 πρῶτοι
509 2583 706 2639 Ἀσσύριοι
729 2586 971 2638 ἐβασίλευον,
1002 2586 1068 2625 καὶ
1093 2584 1339 2637 Βαβυλώνιοι
1362 2587 1401 2626 ἐν
1423 2584 1577 2639 χρόνοις
1599 2583 1742 2636 αὑτοῦ,
1775 2590 1868 2638 Μῆ-

340 2655 402 2694 δοι
427 2653 467 2693 δὲ
496 2654 733 2703 διεδέξαντο,
765 2650 841 2705 μετ’
873 2650 1018 2699 αὐτούς
1047 2652 1088 2692 δὲ
1114 2654 1285 2707 Πέρσαι,
1319 2649 1372 2694 ὧν
1395 2657 1548 2706 πρῶτος
1578 2654 1709 2707 γέγονε
1735 2658 1868 2708 Κῦρος

340 2719 362 2762 ὁ
386 2720 575 2773 βασιλεύς.
643 2719 698 2761 Τά
729 2719 802 2775 γάρ
827 2722 924 2773 ἔθνη
947 2717 1025 2761 ὖπό
1053 2718 1236 2774 άγγέλους
1257 2723 1465 2776 τεταγμένα
1485 2722 1601 2771 εἰσὶν,
1633 2718 1685 2769 ὥς
1705 2722 1865 2777 ἐπιμαρ-

339 2794 448 2842 τυρεῖ
471 2807 536 2841 μοι
562 2792 744 2842 Μωϋσῆς
767 2787 790 2830 ὁ
812 2788 922 2843 ἅγιος
944 2792 1014 2829 τοῦ
1039 2792 1137 2829 θεοῦ
1167 2788 1377 2843 θεράπων,
1407 2789 1474 2830 τὸν
1501 2788 1616 2843 λόγον
1647 2786 1744 2829 κατά
1774 2787 1863 2830 οἷκο-

339 2859 507 2898 λουθίαν
529 2856 752 2910 ἑρμηνεύων
771 2858 837 2898 καὶ
858 2858 998 2911 λέγων,
1026 2853 1292 2910 Ἐπεραίτησον
1314 2855 1382 2898 τόν
1403 2857 1549 2911 πατέρα
1568 2870 1639 2898 σου
1661 2857 1726 2898 καὶ
1751 2855 1865 2913 ἄναγ-

386 3004 462 3038 Cn.
490 3005 656 3037 XXXm.
687 3025 729 3030 —
780 3007 809 3038 1.
834 3005 994 3038 Mendose
1018 3016 1078 3049 pro
1103 3004 1303 3037 Domitiano.
1352 3005 1491 3049 (Petav.)
