<?xml version="1.0" encoding="UTF-8"?>
<!DOCTYPE html PUBLIC "-//W3C//DTD XHTML 1.0 Transitional//EN"
    "http://www.w3.org/TR/xhtml1/DTD/xhtml1-transitional.dtd">
<html xmlns="http://www.w3.org/1999/xhtml" xml:lang="en" lang="en">
 <head>
  <title>
</title>
<meta http-equiv="Content-Type" content="text/html;charset=utf-8" />
  <meta name='ocr-system' content='tesseract 3.04.00' />
  <meta name='ocr-capabilities' content='ocr_page ocr_carea ocr_par ocr_line ocrx_word'/>
</head>
<body>
  <div class='ocr_page' id='page_1' title='image "./p2corporishaereseo02epipuoft_0109.png"; bbox 0 0 2066 3319; ppageno 0'>
   <div class='ocr_carea' id='block_1_1' title="bbox 601 187 1750 228">
    <p class='ocr_par' dir='ltr' id='par_1_1' title="bbox 601 187 1750 228">
     <span class='ocr_line' id='line_1_1' title="bbox 601 187 1750 228; baseline -0.001 -2"><span class='ocrx_word' id='word_1_1' title='bbox 601 194 779 226; x_wconf 67' lang='lat' dir='ltr'><strong>PANARu</strong></span> <span class='ocrx_word' id='word_1_2' title='bbox 803 194 886 226; x_wconf 65' lang='grc' dir='ltr'><strong>ΜΒ.</strong></span> <span class='ocrx_word' id='word_1_3' title='bbox 907 195 946 225; x_wconf 90' lang='lat' dir='ltr'><strong>u.</strong></span> <span class='ocrx_word' id='word_1_4' title='bbox 972 195 1078 228; x_wconf 65' lang='lat' dir='ltr'><strong>Tou.</strong></span> <span class='ocrx_word' id='word_1_5' title='bbox 1099 197 1120 228; x_wconf 71' lang='grc' dir='ltr'><strong>ι.</strong></span> <span class='ocrx_word' id='word_1_6' title='bbox 1147 195 1278 228; x_wconf 71' lang='lat' dir='ltr'><strong>HAER.</strong></span> <span class='ocrx_word' id='word_1_7' title='bbox 1295 196 1348 227; x_wconf 50' lang='lat'><strong>111.</strong></span> <span class='ocrx_word' id='word_1_8' title='bbox 1699 187 1750 226; x_wconf 84' lang='lat'><strong>87</strong></span> 
     </span>
    </p>
   </div>
   <div class='ocr_carea' id='block_1_2' title="bbox 207 270 1752 2042">
    <p class='ocr_par' dir='ltr' id='par_1_2' title="bbox 207 270 1752 2042">
     <span class='ocr_line' id='line_1_2' title="bbox 216 270 1750 328; baseline -0.001 -13"><span class='ocrx_word' id='word_1_9' title='bbox 216 272 420 322; x_wconf 84' lang='lat' dir='ltr'><strong>Christus,</strong></span> <span class='ocrx_word' id='word_1_10' title='bbox 463 273 525 327; x_wconf 89' lang='lat' dir='ltr'><strong>qui</strong></span> <span class='ocrx_word' id='word_1_11' title='bbox 561 280 646 313; x_wconf 85' lang='lat' dir='ltr'><strong>erat</strong></span> <span class='ocrx_word' id='word_1_12' title='bbox 666 270 851 323; x_wconf 82' lang='lat' dir='ltr'><strong>XXlX.,</strong></span> <span class='ocrx_word' id='word_1_13' title='bbox 887 287 937 313; x_wconf 75' lang='lat' dir='ltr'><strong>ex</strong></span> <span class='ocrx_word' id='word_1_14' title='bbox 963 289 1037 328; x_wconf 91' lang='lat' dir='ltr'><strong>quo</strong></span> <span class='ocrx_word' id='word_1_15' title='bbox 1062 274 1229 315; x_wconf 82' lang='lat' dir='ltr'><strong>Romani</strong></span> <span class='ocrx_word' id='word_1_16' title='bbox 1263 275 1334 315; x_wconf 85' lang='lat' dir='ltr'><strong>sibi</strong></span> <span class='ocrx_word' id='word_1_17' title='bbox 1365 274 1529 316; x_wconf 85' lang='lat' dir='ltr'><strong>ludaeos</strong></span> <span class='ocrx_word' id='word_1_18' title='bbox 1562 274 1750 314; x_wconf 83' lang='lat' dir='ltr'><strong>adiunxe-</strong></span> 
     </span>
     <span class='ocr_line' id='line_1_3' title="bbox 214 339 1749 398; baseline 0 -17"><span class='ocrx_word' id='word_1_19' title='bbox 214 348 316 381; x_wconf 88' lang='lat' dir='ltr'><strong>rant.</strong></span> <span class='ocrx_word' id='word_1_20' title='bbox 381 339 579 395; x_wconf 82' lang='lat' dir='ltr'>Siquidem</span> <span class='ocrx_word' id='word_1_21' title='bbox 605 340 806 394; x_wconf 85' lang='lat' dir='ltr'><strong>Augustus</strong></span> <span class='ocrx_word' id='word_1_22' title='bbox 833 339 937 381; x_wconf 85' lang='lat' dir='ltr'><strong>Xlll</strong></span> <span class='ocrx_word' id='word_1_23' title='bbox 971 342 1082 382; x_wconf 79' lang='lat' dir='ltr'><strong>annis</strong></span> <span class='ocrx_word' id='word_1_24' title='bbox 1113 343 1338 398; x_wconf 83' lang='lat' dir='ltr'><strong>imperavit,</strong></span> <span class='ocrx_word' id='word_1_25' title='bbox 1381 350 1584 397; x_wconf 88' lang='lat' dir='ltr'><strong>antequam</strong></span> <span class='ocrx_word' id='word_1_26' title='bbox 1612 340 1749 382; x_wconf 75' lang='lat' dir='ltr'><strong>Iudaea</strong></span> 
     </span>
     <span class='ocr_line' id='line_1_4' title="bbox 213 408 1749 465; baseline 0.001 -16"><span class='ocrx_word' id='word_1_27' title='bbox 213 409 365 464; x_wconf 88' lang='lat' dir='ltr'><strong>penitus</strong></span> <span class='ocrx_word' id='word_1_28' title='bbox 389 417 494 449; x_wconf 84' lang='lat' dir='ltr'><strong>esset</strong></span> <span class='ocrx_word' id='word_1_29' title='bbox 522 408 709 449; x_wconf 80' lang='lat' dir='ltr'><strong>Romanis</strong></span> <span class='ocrx_word' id='word_1_30' title='bbox 732 410 925 450; x_wconf 87' lang='lat' dir='ltr'><strong>adiuncta.</strong></span> <span class='ocrx_word' id='word_1_31' title='bbox 990 408 1230 464; x_wconf 76' lang='lat' dir='ltr'>Quamquam</span> <span class='ocrx_word' id='word_1_32' title='bbox 1257 419 1341 465; x_wconf 88' lang='lat' dir='ltr'><strong>post</strong></span> <span class='ocrx_word' id='word_1_33' title='bbox 1370 425 1493 452; x_wconf 85' lang='lat' dir='ltr'><strong>annos</strong></span> <span class='ocrx_word' id='word_1_34' title='bbox 1522 412 1602 450; x_wconf 82' lang='lat' dir='ltr'><strong>sere</strong></span> <span class='ocrx_word' id='word_1_35' title='bbox 1637 425 1749 465; x_wconf 86' lang='lat' dir='ltr'><strong>qnam</strong></span> 
     </span>
     <span class='ocr_line' id='line_1_5' title="bbox 211 477 1752 533; baseline -0.001 -14"><span class='ocrx_word' id='word_1_36' title='bbox 211 479 404 532; x_wconf 85' lang='lat' dir='ltr'><strong>imperare</strong></span> <span class='ocrx_word' id='word_1_37' title='bbox 429 485 613 533; x_wconf 84' lang='lat' dir='ltr'><strong>coeperat</strong></span> <span class='ocrx_word' id='word_1_38' title='bbox 637 477 720 532; x_wconf 91' lang='lat' dir='ltr'><strong>plus</strong></span> <span class='ocrx_word' id='word_1_39' title='bbox 750 478 874 519; x_wconf 90' lang='lat' dir='ltr'><strong>miuus</strong></span> <span class='ocrx_word' id='word_1_40' title='bbox 903 485 1067 532; x_wconf 55' lang='lat' dir='ltr'><strong>quatuor</strong></span> <span class='ocrx_word' id='word_1_41' title='bbox 1095 480 1228 519; x_wconf 81' lang='lat' dir='ltr'><strong>foedus</strong></span> <span class='ocrx_word' id='word_1_42' title='bbox 1255 480 1354 518; x_wconf 85' lang='lat' dir='ltr'><strong>inter</strong></span> <span class='ocrx_word' id='word_1_43' title='bbox 1379 479 1579 519; x_wconf 78' lang='lat' dir='ltr'><strong>Romanos</strong></span> <span class='ocrx_word' id='word_1_44' title='bbox 1612 493 1656 518; x_wconf 83' lang='lat' dir='ltr'><strong>ac</strong></span> <span class='ocrx_word' id='word_1_45' title='bbox 1688 477 1752 519; x_wconf 89' lang='lat' dir='ltr'><strong>lu-</strong></span> 
     </span>
     <span class='ocr_line' id='line_1_6' title="bbox 213 545 1749 601; baseline 0.001 -16"><span class='ocrx_word' id='word_1_46' title='bbox 213 546 330 586; x_wconf 87' lang='lat' dir='ltr'><strong>daeos</strong></span> <span class='ocrx_word' id='word_1_47' title='bbox 356 546 490 586; x_wconf 91' lang='lat' dir='ltr'><strong>initum</strong></span> <span class='ocrx_word' id='word_1_48' title='bbox 525 547 670 596; x_wconf 79' lang='lat' dir='ltr'><strong>fuerat,</strong></span> <span class='ocrx_word' id='word_1_49' title='bbox 713 547 935 601; x_wconf 74' lang='lat' dir='ltr'><strong>auxiliaque</strong></span> <span class='ocrx_word' id='word_1_50' title='bbox 970 546 1176 587; x_wconf 84' lang='lat' dir='ltr'><strong>submissa.</strong></span> <span class='ocrx_word' id='word_1_51' title='bbox 1242 545 1346 599; x_wconf 84' lang='lat' dir='ltr'><strong>Quin</strong></span> <span class='ocrx_word' id='word_1_52' title='bbox 1383 555 1421 586; x_wconf 84' lang='lat' dir='ltr'><strong>et</strong></span> <span class='ocrx_word' id='word_1_53' title='bbox 1453 555 1681 601; x_wconf 87' lang='lat' dir='ltr'><strong>procurator</strong></span> <span class='ocrx_word' id='word_1_54' title='bbox 1712 548 1749 587; x_wconf 93' lang='lat' dir='ltr'><strong>in</strong></span> 
     </span>
     <span class='ocr_line' id='line_1_7' title="bbox 213 612 1750 669; baseline 0.001 -15"><span class='ocrx_word' id='word_1_55' title='bbox 213 612 352 654; x_wconf 78' lang='lat' dir='ltr'><strong>Iudaea</strong></span> <span class='ocrx_word' id='word_1_56' title='bbox 377 614 631 665; x_wconf 81' lang='lat' dir='ltr'><strong>constitutus,</strong></span> <span class='ocrx_word' id='word_1_57' title='bbox 666 629 711 655; x_wconf 88' lang='lat' dir='ltr'><strong>ac</strong></span> <span class='ocrx_word' id='word_1_58' title='bbox 736 615 910 655; x_wconf 84' lang='lat' dir='ltr'><strong>nonnihil</strong></span> <span class='ocrx_word' id='word_1_59' title='bbox 936 615 1165 654; x_wconf 87' lang='lat' dir='ltr'><strong>tributorum</strong></span> <span class='ocrx_word' id='word_1_60' title='bbox 1191 615 1359 668; x_wconf 86' lang='lat' dir='ltr'><strong>quinque</strong></span> <span class='ocrx_word' id='word_1_61' title='bbox 1387 617 1660 669; x_wconf 68' lang='lat' dir='ltr'>propemodum</span> <span class='ocrx_word' id='word_1_62' title='bbox 1683 632 1750 656; x_wconf 86' lang='lat' dir='ltr'><strong>au-</strong></span> 
     </span>
     <span class='ocr_line' id='line_1_8' title="bbox 213 682 1749 736; baseline 0.001 -14"><span class='ocrx_word' id='word_1_63' title='bbox 213 683 271 722; x_wconf 89' lang='lat' dir='ltr'><strong>nis</strong></span> <span class='ocrx_word' id='word_1_64' title='bbox 294 682 503 734; x_wconf 87' lang='lat' dir='ltr'><strong>indictum,</strong></span> <span class='ocrx_word' id='word_1_65' title='bbox 537 686 660 723; x_wconf 85' lang='lat' dir='ltr'><strong>donec</strong></span> <span class='ocrx_word' id='word_1_66' title='bbox 688 683 951 724; x_wconf 76' lang='lat' dir='ltr'><strong>Romanorum</strong></span> <span class='ocrx_word' id='word_1_67' title='bbox 985 684 1117 722; x_wconf 90' lang='lat' dir='ltr'><strong>ditioni</strong></span> <span class='ocrx_word' id='word_1_68' title='bbox 1151 682 1270 722; x_wconf 77' lang='lat' dir='ltr'><strong>cessit</strong></span> <span class='ocrx_word' id='word_1_69' title='bbox 1308 683 1483 736; x_wconf 76' lang='lat' dir='ltr'><strong>penitus,</strong></span> <span class='ocrx_word' id='word_1_70' title='bbox 1525 690 1562 723; x_wconf 86' lang='lat' dir='ltr'><strong>et</strong></span> <span class='ocrx_word' id='word_1_71' title='bbox 1594 685 1749 724; x_wconf 82' lang='lat' dir='ltr'><strong>omnino</strong></span> 
     </span>
     <span class='ocr_line' id='line_1_9' title="bbox 213 749 1749 805; baseline 0.002 -16"><span class='ocrx_word' id='word_1_72' title='bbox 213 750 413 805; x_wconf 83' lang='lat' dir='ltr'><strong>vectigalis</strong></span> <span class='ocrx_word' id='word_1_73' title='bbox 440 759 497 792; x_wconf 76' lang='lat' dir='ltr'><strong>est</strong></span> <span class='ocrx_word' id='word_1_74' title='bbox 522 754 644 800; x_wconf 74' lang='lat' dir='ltr'><strong>facta,</strong></span> <span class='ocrx_word' id='word_1_75' title='bbox 681 766 764 792; x_wconf 89' lang='lat' dir='ltr'><strong>cum</strong></span> <span class='ocrx_word' id='word_1_76' title='bbox 789 751 862 791; x_wconf 85' lang='lat' dir='ltr'><strong>iam</strong></span> <span class='ocrx_word' id='word_1_77' title='bbox 888 751 1082 805; x_wconf 77' lang='lat' dir='ltr'><strong>principes</strong></span> <span class='ocrx_word' id='word_1_78' title='bbox 1108 764 1128 790; x_wconf 87' lang='lat' dir='ltr'><strong>e</strong></span> <span class='ocrx_word' id='word_1_79' title='bbox 1156 751 1256 790; x_wconf 78' lang='lat' dir='ltr'><strong>tribu</strong></span> <span class='ocrx_word' id='word_1_80' title='bbox 1285 749 1402 790; x_wconf 83' lang='lat' dir='ltr'><strong>lndae</strong></span> <span class='ocrx_word' id='word_1_81' title='bbox 1428 752 1678 802; x_wconf 70' lang='lat' dir='ltr'><strong>defecissent,</strong></span> <span class='ocrx_word' id='word_1_82' title='bbox 1713 760 1749 792; x_wconf 89' lang='lat' dir='ltr'><strong>et</strong></span> 
     </span>
     <span class='ocr_line' id='line_1_10' title="bbox 213 818 1747 874; baseline 0.001 -16"><span class='ocrx_word' id='word_1_83' title='bbox 213 818 390 859; x_wconf 83' lang='lat' dir='ltr'><strong>Herodes</strong></span> <span class='ocrx_word' id='word_1_84' title='bbox 433 834 482 860; x_wconf 80' lang='lat' dir='ltr'><strong>ex</strong></span> <span class='ocrx_word' id='word_1_85' title='bbox 523 821 728 872; x_wconf 83' lang='lat' dir='ltr'><strong>gentibus,</strong></span> <span class='ocrx_word' id='word_1_86' title='bbox 775 820 841 859; x_wconf 87' lang='lat' dir='ltr'><strong>sed</strong></span> <span class='ocrx_word' id='word_1_87' title='bbox 886 826 1011 859; x_wconf 86' lang='lat' dir='ltr'><strong>tamen</strong></span> <span class='ocrx_word' id='word_1_88' title='bbox 1050 819 1294 874; x_wconf 68' lang='lat' dir='ltr'><strong>proselytus,</strong></span> <span class='ocrx_word' id='word_1_89' title='bbox 1342 833 1502 873; x_wconf 87' lang='lat' dir='ltr'><strong>regnum</strong></span> <span class='ocrx_word' id='word_1_90' title='bbox 1540 819 1747 860; x_wconf 85' lang='lat' dir='ltr'><strong>obtineret.</strong></span> 
     </span>
     <span class='ocr_line' id='line_1_11' title="bbox 211 885 1749 942; baseline 0.001 -15"><span class='ocrx_word' id='word_1_91' title='bbox 211 885 353 928; x_wconf 85' lang='lat' dir='ltr'><strong>Postea</strong></span> <span class='ocrx_word' id='word_1_92' title='bbox 380 902 475 928; x_wconf 85' lang='lat' dir='ltr'><strong>vero</strong></span> <span class='ocrx_word' id='word_1_93' title='bbox 500 887 682 929; x_wconf 85' lang='lat' dir='ltr'><strong>Christus</strong></span> <span class='ocrx_word' id='word_1_94' title='bbox 705 887 922 928; x_wconf 78' lang='lat' dir='ltr'><strong>Betlileemi</strong></span> <span class='ocrx_word' id='word_1_95' title='bbox 948 885 1114 927; x_wconf 80' lang='lat' dir='ltr'>Iudaeae</span> <span class='ocrx_word' id='word_1_96' title='bbox 1150 894 1260 927; x_wconf 87' lang='lat' dir='ltr'><strong>natus</strong></span> <span class='ocrx_word' id='word_1_97' title='bbox 1294 894 1376 938; x_wconf 85' lang='lat' dir='ltr'><strong>est,</strong></span> <span class='ocrx_word' id='word_1_98' title='bbox 1411 894 1449 927; x_wconf 84' lang='lat' dir='ltr'><strong>et</strong></span> <span class='ocrx_word' id='word_1_99' title='bbox 1473 888 1518 927; x_wconf 85' lang='lat' dir='ltr'><strong>ad</strong></span> <span class='ocrx_word' id='word_1_100' title='bbox 1547 888 1749 942; x_wconf 85' lang='lat' dir='ltr'><strong>auspican-</strong></span> 
     </span>
     <span class='ocr_line' id='line_1_12' title="bbox 212 953 1749 1011; baseline 0.002 -17"><span class='ocrx_word' id='word_1_101' title='bbox 212 956 296 995; x_wconf 77' lang='lat' dir='ltr'><strong>dani</strong></span> <span class='ocrx_word' id='word_1_102' title='bbox 322 957 648 1011; x_wconf 77' lang='lat' dir='ltr'><strong>praedicationem</strong></span> <span class='ocrx_word' id='word_1_103' title='bbox 676 955 838 1011; x_wconf 83' lang='lat' dir='ltr'><strong>prodiit3</strong></span> <span class='ocrx_word' id='word_1_104' title='bbox 873 970 946 1010; x_wconf 91' lang='lat' dir='ltr'><strong>quo</strong></span> <span class='ocrx_word' id='word_1_105' title='bbox 974 963 1145 1010; x_wconf 84' lang='lat' dir='ltr'><strong>tempore</strong></span> <span class='ocrx_word' id='word_1_106' title='bbox 1169 953 1314 997; x_wconf 78' lang='lat' dir='ltr'><strong>Christi</strong></span> <span class='ocrx_word' id='word_1_107' title='bbox 1345 956 1462 996; x_wconf 85' lang='lat' dir='ltr'><strong>duces</strong></span> <span class='ocrx_word' id='word_1_108' title='bbox 1487 956 1599 1010; x_wconf 90' lang='lat' dir='ltr'><strong>plane</strong></span> <span class='ocrx_word' id='word_1_109' title='bbox 1626 957 1749 997; x_wconf 88' lang='lat' dir='ltr'><strong>desie-</strong></span> 
     </span>
     <span class='ocr_line' id='line_1_13' title="bbox 210 1023 1748 1080; baseline 0.001 -16"><span class='ocrx_word' id='word_1_110' title='bbox 210 1031 312 1074; x_wconf 86' lang='lat' dir='ltr'><strong>rant,</strong></span> <span class='ocrx_word' id='word_1_111' title='bbox 340 1025 402 1079; x_wconf 88' lang='lat' dir='ltr'><strong>qui</strong></span> <span class='ocrx_word' id='word_1_112' title='bbox 429 1026 580 1079; x_wconf 85' lang='lat' dir='ltr'><strong>quidem</strong></span> <span class='ocrx_word' id='word_1_113' title='bbox 604 1026 647 1065; x_wconf 88' lang='lat' dir='ltr'><strong>ad</strong></span> <span class='ocrx_word' id='word_1_114' title='bbox 667 1025 938 1065; x_wconf 77' lang='lat' dir='ltr'><strong>Alexandrum</strong></span> <span class='ocrx_word' id='word_1_115' title='bbox 962 1038 1084 1079; x_wconf 87' lang='lat' dir='ltr'><strong>usque</strong></span> <span class='ocrx_word' id='word_1_116' title='bbox 1109 1024 1318 1079; x_wconf 82' lang='lat' dir='ltr'><strong>principem</strong></span> <span class='ocrx_word' id='word_1_117' title='bbox 1345 1031 1384 1063; x_wconf 88' lang='lat' dir='ltr'><strong>et</strong></span> <span class='ocrx_word' id='word_1_118' title='bbox 1401 1023 1617 1075; x_wconf 85' lang='lat' dir='ltr'><strong>Saalinam,</strong></span> <span class='ocrx_word' id='word_1_119' title='bbox 1652 1040 1748 1080; x_wconf 83' lang='lat' dir='ltr'><strong>quae</strong></span> 
     </span>
     <span class='ocr_line' id='line_1_14' title="bbox 209 1091 1749 1148; baseline 0 -15"><span class='ocrx_word' id='word_1_120' title='bbox 209 1101 247 1133; x_wconf 87' lang='lat' dir='ltr'><strong>et</strong></span> <span class='ocrx_word' id='word_1_121' title='bbox 283 1094 381 1133; x_wconf 85' lang='lat' dir='ltr'><strong>dicta</strong></span> <span class='ocrx_word' id='word_1_122' title='bbox 418 1100 476 1133; x_wconf 87' lang='lat' dir='ltr'><strong>est</strong></span> <span class='ocrx_word' id='word_1_123' title='bbox 503 1094 754 1143; x_wconf 76' lang='lat' dir='ltr'><strong>Alexandra,</strong></span> <span class='ocrx_word' id='word_1_124' title='bbox 790 1093 1056 1148; x_wconf 87' lang='lat' dir='ltr'><strong>perstiterunt.</strong></span> <span class='ocrx_word' id='word_1_125' title='bbox 1121 1091 1177 1132; x_wconf 87' lang='lat' dir='ltr'><strong>Ea</strong></span> <span class='ocrx_word' id='word_1_126' title='bbox 1204 1107 1300 1133; x_wconf 76' lang='lat' dir='ltr'><strong>vero</strong></span> <span class='ocrx_word' id='word_1_127' title='bbox 1330 1101 1469 1133; x_wconf 77' lang='lat' dir='ltr'><strong>cuncta</strong></span> <span class='ocrx_word' id='word_1_128' title='bbox 1500 1094 1546 1133; x_wconf 82' lang='lat' dir='ltr'><strong>ab</strong></span> <span class='ocrx_word' id='word_1_129' title='bbox 1576 1107 1622 1133; x_wconf 90' lang='lat' dir='ltr'><strong>eo</strong></span> <span class='ocrx_word' id='word_1_130' title='bbox 1656 1101 1749 1134; x_wconf 89' lang='lat' dir='ltr'><strong>tem-</strong></span> 
     </span>
     <span class='ocr_line' id='line_1_15' title="bbox 210 1160 1748 1217; baseline 0.001 -16"><span class='ocrx_word' id='word_1_131' title='bbox 210 1175 303 1216; x_wconf 90' lang='lat' dir='ltr'><strong>pore</strong></span> <span class='ocrx_word' id='word_1_132' title='bbox 332 1175 498 1216; x_wconf 84' lang='lat' dir='ltr'><strong>coepere</strong></span> <span class='ocrx_word' id='word_1_133' title='bbox 523 1177 597 1217; x_wconf 92' lang='lat' dir='ltr'><strong>quo</strong></span> <span class='ocrx_word' id='word_1_134' title='bbox 622 1160 803 1204; x_wconf 86' lang='lat' dir='ltr'><strong>Christus</strong></span> <span class='ocrx_word' id='word_1_135' title='bbox 827 1160 1045 1202; x_wconf 77' lang='lat' dir='ltr'><strong>Beihtecmi</strong></span> <span class='ocrx_word' id='word_1_136' title='bbox 1077 1168 1189 1202; x_wconf 87' lang='lat' dir='ltr'><strong>natus</strong></span> <span class='ocrx_word' id='word_1_137' title='bbox 1213 1169 1295 1212; x_wconf 86' lang='lat' dir='ltr'><strong>est,</strong></span> <span class='ocrx_word' id='word_1_138' title='bbox 1329 1176 1430 1202; x_wconf 82' lang='lat' dir='ltr'><strong>anno</strong></span> <span class='ocrx_word' id='word_1_139' title='bbox 1458 1162 1573 1202; x_wconf 91' lang='lat' dir='ltr'><strong>totius</strong></span> <span class='ocrx_word' id='word_1_140' title='bbox 1598 1161 1748 1217; x_wconf 87' lang='lat' dir='ltr'><strong>imperii</strong></span> 
     </span>
     <span class='ocr_line' id='line_1_16' title="bbox 208 1229 1749 1285; baseline 0.001 -15"><span class='ocrx_word' id='word_1_141' title='bbox 208 1230 376 1284; x_wconf 77' lang='lat' dir='ltr'><strong>Augusti</strong></span> <span class='ocrx_word' id='word_1_142' title='bbox 410 1229 566 1280; x_wconf 61' lang='lat' dir='ltr'><strong>XLH„</strong></span> <span class='ocrx_word' id='word_1_143' title='bbox 609 1231 671 1285; x_wconf 92' lang='lat' dir='ltr'><strong>qui</strong></span> <span class='ocrx_word' id='word_1_144' title='bbox 709 1237 794 1271; x_wconf 86' lang='lat' dir='ltr'><strong>erat</strong></span> <span class='ocrx_word' id='word_1_145' title='bbox 827 1245 952 1270; x_wconf 92' lang='lat' dir='ltr'><strong>nonus</strong></span> <span class='ocrx_word' id='word_1_146' title='bbox 989 1244 1008 1270; x_wconf 89' lang='lat' dir='ltr'><strong>a</strong></span> <span class='ocrx_word' id='word_1_147' title='bbox 1043 1231 1316 1285; x_wconf 82' lang='lat' dir='ltr'><strong>procuratione</strong></span> <span class='ocrx_word' id='word_1_148' title='bbox 1349 1230 1547 1285; x_wconf 76' lang='lat' dir='ltr'><strong>Antipatri</strong></span> <span class='ocrx_word' id='word_1_149' title='bbox 1580 1229 1749 1271; x_wconf 87' lang='lat' dir='ltr'><strong>Herodis</strong></span> 
     </span>
     <span class='ocr_line' id='line_1_17' title="bbox 208 1297 1749 1353; baseline 0.001 -16"><span class='ocrx_word' id='word_1_150' title='bbox 208 1299 405 1353; x_wconf 88' lang='lat' dir='ltr'><strong>parentis,</strong></span> <span class='ocrx_word' id='word_1_151' title='bbox 439 1315 523 1340; x_wconf 86' lang='lat' dir='ltr'><strong>cum</strong></span> <span class='ocrx_word' id='word_1_152' title='bbox 551 1298 752 1340; x_wconf 84' lang='lat' dir='ltr'><strong>Romanos</strong></span> <span class='ocrx_word' id='word_1_153' title='bbox 780 1300 880 1339; x_wconf 82' lang='lat' dir='ltr'><strong>inter</strong></span> <span class='ocrx_word' id='word_1_154' title='bbox 904 1314 947 1340; x_wconf 88' lang='lat' dir='ltr'><strong>ac</strong></span> <span class='ocrx_word' id='word_1_155' title='bbox 974 1297 1139 1340; x_wconf 89' lang='lat' dir='ltr'><strong>Iudaeos</strong></span> <span class='ocrx_word' id='word_1_156' title='bbox 1173 1299 1339 1340; x_wconf 84' lang='lat' dir='ltr'><strong>amicitia</strong></span> <span class='ocrx_word' id='word_1_157' title='bbox 1375 1301 1475 1339; x_wconf 81' lang='lat' dir='ltr'><strong>t&#39;oret</strong></span> <span class='ocrx_word' id='word_1_158' title='bbox 1497 1313 1542 1339; x_wconf 88' lang='lat' dir='ltr'><strong>ac</strong></span> <span class='ocrx_word' id='word_1_159' title='bbox 1567 1300 1749 1340; x_wconf 86' lang='lat' dir='ltr'><strong>nonnulla</strong></span> 
     </span>
     <span class='ocr_line' id='line_1_18' title="bbox 210 1367 1748 1422; baseline 0 -14"><span class='ocrx_word' id='word_1_160' title='bbox 210 1367 352 1408; x_wconf 87' lang='lat' dir='ltr'><strong>tributa</strong></span> <span class='ocrx_word' id='word_1_161' title='bbox 387 1369 672 1422; x_wconf 83' lang='lat' dir='ltr'><strong>penderentur,</strong></span> <span class='ocrx_word' id='word_1_162' title='bbox 707 1375 746 1408; x_wconf 87' lang='lat' dir='ltr'><strong>et</strong></span> <span class='ocrx_word' id='word_1_163' title='bbox 769 1375 905 1422; x_wconf 86' lang='lat' dir='ltr'><strong>quarto</strong></span> <span class='ocrx_word' id='word_1_164' title='bbox 931 1369 1004 1408; x_wconf 87' lang='lat' dir='ltr'><strong>iam</strong></span> <span class='ocrx_word' id='word_1_165' title='bbox 1030 1382 1132 1408; x_wconf 86' lang='lat' dir='ltr'><strong>auno</strong></span> <span class='ocrx_word' id='word_1_166' title='bbox 1155 1367 1334 1408; x_wconf 75' lang='lat' dir='ltr'><strong>Herodes</strong></span> <span class='ocrx_word' id='word_1_167' title='bbox 1368 1375 1473 1408; x_wconf 85' lang='lat' dir='ltr'><strong>esset</strong></span> <span class='ocrx_word' id='word_1_168' title='bbox 1500 1368 1546 1408; x_wconf 87' lang='lat' dir='ltr'><strong>ab</strong></span> <span class='ocrx_word' id='word_1_169' title='bbox 1568 1369 1748 1422; x_wconf 82' lang='lat' dir='ltr'><strong>Augusto</strong></span> 
     </span>
     <span class='ocr_line' id='line_1_19' title="bbox 211 1436 1750 1491; baseline 0.001 -16"><span class='ocrx_word' id='word_1_170' title='bbox 211 1437 469 1491; x_wconf 86' lang='lat' dir='ltr'><strong>praepositus.</strong></span> <span class='ocrx_word' id='word_1_171' title='bbox 534 1436 612 1491; x_wconf 81' lang='lat' dir='ltr'><strong>Qui</strong></span> <span class='ocrx_word' id='word_1_172' title='bbox 637 1451 721 1478; x_wconf 79' lang='lat' dir='ltr'><strong>euni</strong></span> <span class='ocrx_word' id='word_1_173' title='bbox 750 1451 871 1477; x_wconf 86' lang='lat' dir='ltr'><strong>anuos</strong></span> <span class='ocrx_word' id='word_1_174' title='bbox 896 1438 933 1477; x_wconf 90' lang='lat' dir='ltr'><strong>in</strong></span> <span class='ocrx_word' id='word_1_175' title='bbox 962 1451 1004 1476; x_wconf 85' lang='lat' dir='ltr'><strong>ea</strong></span> <span class='ocrx_word' id='word_1_176' title='bbox 1036 1437 1371 1477; x_wconf 82' lang='lat' dir='ltr'><strong>administratione</strong></span> <span class='ocrx_word' id='word_1_177' title='bbox 1403 1443 1568 1491; x_wconf 87' lang='lat' dir='ltr'><strong>quatuor</strong></span> <span class='ocrx_word' id='word_1_178' title='bbox 1594 1438 1750 1491; x_wconf 76' lang='lat' dir='ltr'><strong>exegis-</strong></span> 
     </span>
     <span class='ocr_line' id='line_1_20' title="bbox 208 1505 1748 1560; baseline 0.001 -16"><span class='ocrx_word' id='word_1_179' title='bbox 208 1511 283 1556; x_wconf 89' lang='lat' dir='ltr'><strong>set,</strong></span> <span class='ocrx_word' id='word_1_180' title='bbox 320 1505 528 1560; x_wconf 85' lang='lat' dir='ltr'><strong>Antipater</strong></span> <span class='ocrx_word' id='word_1_181' title='bbox 553 1520 647 1546; x_wconf 86' lang='lat' dir='ltr'><strong>vero</strong></span> <span class='ocrx_word' id='word_1_182' title='bbox 672 1506 772 1546; x_wconf 88' lang='lat' dir='ltr'><strong>illius</strong></span> <span class='ocrx_word' id='word_1_183' title='bbox 797 1513 905 1560; x_wconf 87' lang='lat' dir='ltr'><strong>pater</strong></span> <span class='ocrx_word' id='word_1_184' title='bbox 930 1507 1097 1560; x_wconf 86' lang='lat' dir='ltr'><strong>quinque</strong></span> <span class='ocrx_word' id='word_1_185' title='bbox 1120 1507 1202 1545; x_wconf 85' lang='lat' dir='ltr'><strong>sere</strong></span> <span class='ocrx_word' id='word_1_186' title='bbox 1228 1506 1501 1559; x_wconf 86' lang='lat' dir='ltr'><strong>procuratione</strong></span> <span class='ocrx_word' id='word_1_187' title='bbox 1525 1508 1748 1560; x_wconf 81' lang='lat' dir='ltr'><strong>perfunctus</strong></span> 
     </span>
     <span class='ocr_line' id='line_1_21' title="bbox 208 1572 1750 1629; baseline 0 -16"><span class='ocrx_word' id='word_1_188' title='bbox 208 1581 335 1622; x_wconf 85' lang='lat' dir='ltr'><strong>esset,</strong></span> <span class='ocrx_word' id='word_1_189' title='bbox 369 1576 523 1614; x_wconf 88' lang='lat' dir='ltr'><strong>tandem</strong></span> <span class='ocrx_word' id='word_1_190' title='bbox 549 1572 690 1614; x_wconf 86' lang='lat' dir='ltr'><strong>Iudaea</strong></span> <span class='ocrx_word' id='word_1_191' title='bbox 726 1588 884 1629; x_wconf 91' lang='lat' dir='ltr'><strong>prorsus</strong></span> <span class='ocrx_word' id='word_1_192' title='bbox 911 1573 1178 1614; x_wconf 84' lang='lat' dir='ltr'><strong>Romanorum</strong></span> <span class='ocrx_word' id='word_1_193' title='bbox 1213 1574 1393 1628; x_wconf 83' lang='lat' dir='ltr'><strong>potestati</strong></span> <span class='ocrx_word' id='word_1_194' title='bbox 1421 1574 1562 1623; x_wconf 84' lang='lat' dir='ltr'><strong>cessit,</strong></span> <span class='ocrx_word' id='word_1_195' title='bbox 1597 1575 1641 1613; x_wconf 86' lang='lat' dir='ltr'><strong>ad</strong></span> <span class='ocrx_word' id='word_1_196' title='bbox 1668 1573 1750 1614; x_wconf 91' lang='lat' dir='ltr'><strong>He-</strong></span> 
     </span>
     <span class='ocr_line' id='line_1_22' title="bbox 209 1640 1745 1697; baseline 0 -15"><span class='ocrx_word' id='word_1_197' title='bbox 209 1643 314 1683; x_wconf 90' lang='lat' dir='ltr'><strong>rodis</strong></span> <span class='ocrx_word' id='word_1_198' title='bbox 341 1657 483 1683; x_wconf 84' lang='lat' dir='ltr'><strong>annum</strong></span> <span class='ocrx_word' id='word_1_199' title='bbox 505 1641 732 1693; x_wconf 69' lang='lat' dir='ltr'><strong>XXXHL,</strong></span> <span class='ocrx_word' id='word_1_200' title='bbox 768 1643 935 1697; x_wconf 76' lang='lat' dir='ltr'><strong>Augusti</strong></span> <span class='ocrx_word' id='word_1_201' title='bbox 963 1657 1056 1683; x_wconf 79' lang='lat' dir='ltr'><strong>vero</strong></span> <span class='ocrx_word' id='word_1_202' title='bbox 1078 1640 1231 1693; x_wconf 75' lang='lat' dir='ltr'><strong>Xth.;</strong></span> <span class='ocrx_word' id='word_1_203' title='bbox 1266 1657 1366 1692; x_wconf 83' lang='lat' dir='ltr'><strong>cum,</strong></span> <span class='ocrx_word' id='word_1_204' title='bbox 1404 1649 1443 1682; x_wconf 87' lang='lat' dir='ltr'><strong>ut</strong></span> <span class='ocrx_word' id='word_1_205' title='bbox 1467 1642 1650 1693; x_wconf 73' lang='lat' dir='ltr'><strong>diximus,</strong></span> <span class='ocrx_word' id='word_1_206' title='bbox 1685 1641 1745 1682; x_wconf 90' lang='lat' dir='ltr'><strong>Iu-</strong></span> 
     </span>
     <span class='ocr_line' id='line_1_23' title="bbox 209 1709 1747 1766; baseline 0 -15"><span class='ocrx_word' id='word_1_207' title='bbox 209 1711 303 1751; x_wconf 85' lang='lat' dir='ltr'><strong>daea</strong></span> <span class='ocrx_word' id='word_1_208' title='bbox 330 1719 435 1752; x_wconf 87' lang='lat' dir='ltr'><strong>esset</strong></span> <span class='ocrx_word' id='word_1_209' title='bbox 467 1712 591 1751; x_wconf 86' lang='lat' dir='ltr'><strong>omnis</strong></span> <span class='ocrx_word' id='word_1_210' title='bbox 619 1718 829 1766; x_wconf 83' lang='lat' dir='ltr'><strong>occupata,</strong></span> <span class='ocrx_word' id='word_1_211' title='bbox 872 1726 917 1751; x_wconf 86' lang='lat' dir='ltr'><strong>ac</strong></span> <span class='ocrx_word' id='word_1_212' title='bbox 941 1711 1014 1751; x_wconf 89' lang='lat' dir='ltr'><strong>iam</strong></span> <span class='ocrx_word' id='word_1_213' title='bbox 1037 1709 1188 1751; x_wconf 74' lang='lat' dir='ltr'><strong>XXlX</strong></span> <span class='ocrx_word' id='word_1_214' title='bbox 1210 1711 1322 1750; x_wconf 87' lang='lat' dir='ltr'><strong>annis</strong></span> <span class='ocrx_word' id='word_1_215' title='bbox 1347 1709 1532 1750; x_wconf 71' lang='lat' dir='ltr'><strong>Romanis</strong></span> <span class='ocrx_word' id='word_1_216' title='bbox 1559 1712 1655 1756; x_wconf 78' lang='lat' dir='ltr'><strong>faeta</strong></span> <span class='ocrx_word' id='word_1_217' title='bbox 1682 1726 1747 1751; x_wconf 80' lang='lat' dir='ltr'><strong>ve-</strong></span> 
     </span>
     <span class='ocr_line' id='line_1_24' title="bbox 207 1779 1745 1835; baseline 0 -16"><span class='ocrx_word' id='word_1_218' title='bbox 207 1779 375 1833; x_wconf 78' lang='lat' dir='ltr'><strong>ctigaliS,</strong></span> <span class='ocrx_word' id='word_1_219' title='bbox 407 1787 607 1834; x_wconf 86' lang='lat' dir='ltr'><strong>postquam</strong></span> <span class='ocrx_word' id='word_1_220' title='bbox 631 1788 669 1820; x_wconf 88' lang='lat' dir='ltr'><strong>et</strong></span> <span class='ocrx_word' id='word_1_221' title='bbox 691 1780 900 1835; x_wconf 81' lang='lat' dir='ltr'><strong>Antipater</strong></span> <span class='ocrx_word' id='word_1_222' title='bbox 923 1779 1091 1820; x_wconf 87' lang='lat' dir='ltr'><strong>Herodis</strong></span> <span class='ocrx_word' id='word_1_223' title='bbox 1112 1793 1252 1834; x_wconf 87' lang='lat' dir='ltr'><strong>parens</strong></span> <span class='ocrx_word' id='word_1_224' title='bbox 1274 1780 1584 1834; x_wconf 83' lang='lat' dir='ltr'><strong>procurationem</strong></span> <span class='ocrx_word' id='word_1_225' title='bbox 1608 1780 1745 1832; x_wconf 84' lang='lat' dir='ltr'><strong>gessit,</strong></span> 
     </span>
     <span class='ocr_line' id='line_1_25' title="bbox 208 1847 1747 1903; baseline -0.001 -15"><span class='ocrx_word' id='word_1_226' title='bbox 208 1855 247 1888; x_wconf 90' lang='lat' dir='ltr'><strong>et</strong></span> <span class='ocrx_word' id='word_1_227' title='bbox 272 1848 452 1889; x_wconf 84' lang='lat' dir='ltr'><strong>Herodes</strong></span> <span class='ocrx_word' id='word_1_228' title='bbox 487 1856 573 1903; x_wconf 89' lang='lat' dir='ltr'><strong>post</strong></span> <span class='ocrx_word' id='word_1_229' title='bbox 600 1849 704 1889; x_wconf 86' lang='lat' dir='ltr'><strong>illum</strong></span> <span class='ocrx_word' id='word_1_230' title='bbox 736 1847 900 1889; x_wconf 87' lang='lat' dir='ltr'><strong>ludaeae</strong></span> <span class='ocrx_word' id='word_1_231' title='bbox 933 1862 1006 1888; x_wconf 78' lang='lat' dir='ltr'><strong>rex</strong></span> <span class='ocrx_word' id='word_1_232' title='bbox 1037 1848 1083 1888; x_wconf 90' lang='lat' dir='ltr'><strong>ab</strong></span> <span class='ocrx_word' id='word_1_233' title='bbox 1109 1848 1291 1902; x_wconf 81' lang='lat' dir='ltr'><strong>Augusto</strong></span> <span class='ocrx_word' id='word_1_234' title='bbox 1323 1855 1478 1888; x_wconf 89' lang='lat' dir='ltr'><strong>creatus</strong></span> <span class='ocrx_word' id='word_1_235' title='bbox 1510 1855 1583 1888; x_wconf 86' lang='lat' dir='ltr'><strong>est.</strong></span> <span class='ocrx_word' id='word_1_236' title='bbox 1647 1848 1747 1887; x_wconf 86' lang='lat' dir='ltr'><strong>Acta</strong></span> 
     </span>
     <span class='ocr_line' id='line_1_26' title="bbox 207 1914 1747 1972; baseline -0.001 -15"><span class='ocrx_word' id='word_1_237' title='bbox 207 1917 303 1958; x_wconf 84' lang='lat' dir='ltr'><strong>haec</strong></span> <span class='ocrx_word' id='word_1_238' title='bbox 327 1925 418 1958; x_wconf 88' lang='lat' dir='ltr'><strong>sunt</strong></span> <span class='ocrx_word' id='word_1_239' title='bbox 440 1915 608 1959; x_wconf 79' lang='lat' dir='ltr'><strong>Octavio</strong></span> <span class='ocrx_word' id='word_1_240' title='bbox 628 1918 812 1972; x_wconf 82' lang='lat' dir='ltr'><strong>Augusto</strong></span> <span class='ocrx_word' id='word_1_241' title='bbox 836 1915 954 1957; x_wconf 86' lang='lat' dir='ltr'><strong>Xlll.</strong></span> <span class='ocrx_word' id='word_1_242' title='bbox 981 1924 1018 1957; x_wconf 91' lang='lat' dir='ltr'><strong>et</strong></span> <span class='ocrx_word' id='word_1_243' title='bbox 1040 1915 1175 1958; x_wconf 87' lang='lat' dir='ltr'><strong>Silano</strong></span> <span class='ocrx_word' id='word_1_244' title='bbox 1198 1931 1301 1957; x_wconf 83' lang='lat' dir='ltr'><strong>coss.</strong></span> <span class='ocrx_word' id='word_1_245' title='bbox 1347 1914 1570 1957; x_wconf 84' lang='lat' dir='ltr'><strong>Secundum</strong></span> <span class='ocrx_word' id='word_1_246' title='bbox 1593 1930 1689 1970; x_wconf 85' lang='lat' dir='ltr'><strong>quos</strong></span> <span class='ocrx_word' id='word_1_247' title='bbox 1713 1916 1747 1956; x_wconf 85' lang='lat' dir='ltr'><strong>hi</strong></span> 
     </span>
     <span class='ocr_line' id='line_1_27' title="bbox 207 1986 830 2042; baseline 0.002 -17"><span class='ocrx_word' id='word_1_248' title='bbox 207 1986 390 2042; x_wconf 88' lang='lat' dir='ltr'><strong>deinceps</strong></span> <span class='ocrx_word' id='word_1_249' title='bbox 422 1987 592 2027; x_wconf 80' lang='lat' dir='ltr'><strong>extitere</strong></span> <span class='ocrx_word' id='word_1_250' title='bbox 625 1986 830 2027; x_wconf 82' lang='lat' dir='ltr'><strong>consules:</strong></span> 
     </span>
    </p>
   </div>
   <div class='ocr_carea' id='block_1_3' title="bbox 298 2121 1065 2727">
    <p class='ocr_par' dir='ltr' id='par_1_3' title="bbox 358 2121 939 2165">
     <span class='ocr_line' id='line_1_28' title="bbox 358 2121 939 2165; baseline 0 -1"><span class='ocrx_word' id='word_1_251' title='bbox 358 2122 412 2164; x_wconf 78' lang='grc' dir='ltr'><strong>ΙΙ.</strong></span> <span class='ocrx_word' id='word_1_252' title='bbox 475 2122 668 2165; x_wconf 80' lang='lat' dir='ltr'><strong>Lentulus</strong></span> <span class='ocrx_word' id='word_1_253' title='bbox 699 2131 738 2164; x_wconf 90' lang='lat' dir='ltr'><strong>et</strong></span> <span class='ocrx_word' id='word_1_254' title='bbox 766 2122 860 2164; x_wconf 86' lang='lat' dir='ltr'><strong>Piso</strong></span> <span class='ocrx_word' id='word_1_255' title='bbox 886 2121 939 2164; x_wconf 86' lang='lat' dir='ltr'><strong>ll.</strong></span> 
     </span>
    </p>

    <p class='ocr_par' dir='ltr' id='par_1_4' title="bbox 336 2190 971 2233">
     <span class='ocr_line' id='line_1_29' title="bbox 336 2190 971 2233; baseline 0.002 -2"><span class='ocrx_word' id='word_1_256' title='bbox 336 2190 411 2232; x_wconf 87' lang='lat' dir='ltr'><strong>Ill.</strong></span> <span class='ocrx_word' id='word_1_257' title='bbox 474 2191 524 2233; x_wconf 92' lang='lat' dir='ltr'><strong>L.</strong></span> <span class='ocrx_word' id='word_1_258' title='bbox 561 2190 712 2233; x_wconf 86' lang='lat' dir='ltr'><strong>Caesar</strong></span> <span class='ocrx_word' id='word_1_259' title='bbox 742 2199 782 2232; x_wconf 85' lang='lat' dir='ltr'><strong>et</strong></span> <span class='ocrx_word' id='word_1_260' title='bbox 811 2191 971 2233; x_wconf 88' lang='lat' dir='ltr'><strong>Paulus.</strong></span> 
     </span>
    </p>

    <p class='ocr_par' dir='ltr' id='par_1_5' title="bbox 339 2259 914 2302">
     <span class='ocr_line' id='line_1_30' title="bbox 339 2259 914 2302; baseline 0 -1"><span class='ocrx_word' id='word_1_261' title='bbox 339 2259 413 2302; x_wconf 82' lang='lat' dir='ltr'><strong>lV.</strong></span> <span class='ocrx_word' id='word_1_262' title='bbox 478 2259 668 2302; x_wconf 81' lang='lat' dir='ltr'><strong>Vinucius</strong></span> <span class='ocrx_word' id='word_1_263' title='bbox 700 2268 738 2301; x_wconf 88' lang='lat' dir='ltr'><strong>et</strong></span> <span class='ocrx_word' id='word_1_264' title='bbox 771 2260 914 2302; x_wconf 87' lang='lat' dir='ltr'><strong>Varus.</strong></span> 
     </span>
    </p>

    <p class='ocr_par' dir='ltr' id='par_1_6' title="bbox 361 2328 928 2371">
     <span class='ocr_line' id='line_1_31' title="bbox 361 2328 928 2371; baseline 0 -1"><span class='ocrx_word' id='word_1_265' title='bbox 361 2328 413 2370; x_wconf 91' lang='lat' dir='ltr'><strong>V.</strong></span> <span class='ocrx_word' id='word_1_266' title='bbox 476 2328 617 2370; x_wconf 87' lang='lat' dir='ltr'><strong>Lamia</strong></span> <span class='ocrx_word' id='word_1_267' title='bbox 649 2337 685 2370; x_wconf 90' lang='lat' dir='ltr'><strong>et</strong></span> <span class='ocrx_word' id='word_1_268' title='bbox 720 2328 928 2371; x_wconf 88' lang='lat' dir='ltr'><strong>Servilius.</strong></span> 
     </span>
    </p>

    <p class='ocr_par' dir='ltr' id='par_1_7' title="bbox 298 2396 957 2590">
     <span class='ocr_line' id='line_1_32' title="bbox 340 2396 950 2451; baseline 0.002 -13"><span class='ocrx_word' id='word_1_269' title='bbox 340 2396 414 2438; x_wconf 75' lang='lat' dir='ltr'><strong>vl.</strong></span> <span class='ocrx_word' id='word_1_270' title='bbox 476 2397 648 2451; x_wconf 81' lang='lat' dir='ltr'><strong>Magnus</strong></span> <span class='ocrx_word' id='word_1_271' title='bbox 681 2408 719 2438; x_wconf 86' lang='lat' dir='ltr'><strong>et</strong></span> <span class='ocrx_word' id='word_1_272' title='bbox 751 2397 950 2439; x_wconf 72' lang='lat' dir='ltr'><strong>Valerius.</strong></span> 
     </span>
     <span class='ocr_line' id='line_1_33' title="bbox 320 2465 957 2522; baseline 0.003 -16"><span class='ocrx_word' id='word_1_273' title='bbox 320 2465 414 2506; x_wconf 82' lang='lat' dir='ltr'><strong>Vll.</strong></span> <span class='ocrx_word' id='word_1_274' title='bbox 476 2465 650 2522; x_wconf 90' lang='lat' dir='ltr'><strong>Lepidus</strong></span> <span class='ocrx_word' id='word_1_275' title='bbox 683 2474 718 2507; x_wconf 87' lang='lat' dir='ltr'><strong>et</strong></span> <span class='ocrx_word' id='word_1_276' title='bbox 750 2467 957 2508; x_wconf 82' lang='lat' dir='ltr'><strong>Aruntius.</strong></span> 
     </span>
     <span class='ocr_line' id='line_1_34' title="bbox 298 2533 887 2590; baseline 0.003 -16"><span class='ocrx_word' id='word_1_277' title='bbox 298 2533 415 2575; x_wconf 84' lang='lat' dir='ltr'><strong>Vlll.</strong></span> <span class='ocrx_word' id='word_1_278' title='bbox 479 2533 630 2576; x_wconf 84' lang='lat' dir='ltr'><strong>Caesar</strong></span> <span class='ocrx_word' id='word_1_279' title='bbox 660 2542 699 2575; x_wconf 89' lang='lat' dir='ltr'><strong>et</strong></span> <span class='ocrx_word' id='word_1_280' title='bbox 731 2533 887 2590; x_wconf 89' lang='lat' dir='ltr'><strong>Capito.</strong></span> 
     </span>
    </p>

    <p class='ocr_par' dir='ltr' id='par_1_8' title="bbox 340 2601 915 2646">
     <span class='ocr_line' id='line_1_35' title="bbox 340 2601 915 2646; baseline 0.005 -3"><span class='ocrx_word' id='word_1_281' title='bbox 340 2601 418 2643; x_wconf 90' lang='grc' dir='ltr'><strong>ΙΧ.</strong></span> <span class='ocrx_word' id='word_1_282' title='bbox 481 2601 663 2645; x_wconf 86' lang='lat' dir='ltr'><strong>Creticus</strong></span> <span class='ocrx_word' id='word_1_283' title='bbox 695 2611 735 2645; x_wconf 85' lang='lat' dir='ltr'><strong>et</strong></span> <span class='ocrx_word' id='word_1_284' title='bbox 762 2603 915 2646; x_wconf 86' lang='lat' dir='ltr'><strong>Nerva.</strong></span> 
     </span>
    </p>

    <p class='ocr_par' dir='ltr' id='par_1_9' title="bbox 360 2670 1065 2727">
     <span class='ocr_line' id='line_1_36' title="bbox 360 2670 1065 2727; baseline 0.006 -14"><span class='ocrx_word' id='word_1_285' title='bbox 360 2670 417 2713; x_wconf 86' lang='lat' dir='ltr'><strong>X.</strong></span> <span class='ocrx_word' id='word_1_286' title='bbox 481 2671 669 2714; x_wconf 83' lang='lat' dir='ltr'><strong>Camillus</strong></span> <span class='ocrx_word' id='word_1_287' title='bbox 700 2681 739 2714; x_wconf 86' lang='lat' dir='ltr'><strong>et</strong></span> <span class='ocrx_word' id='word_1_288' title='bbox 771 2671 1065 2727; x_wconf 82' lang='lat' dir='ltr'><strong>Quintillianus.</strong></span> 
     </span>
    </p>
   </div>
   <div class='ocr_carea' id='block_1_4' title="bbox 205 2794 1750 2983">
    <p class='ocr_par' dir='ltr' id='par_1_10' title="bbox 251 2794 1546 2843">
     <span class='ocr_line' id='line_1_37' title="bbox 251 2794 1546 2843; baseline 0.001 -11"><span class='ocrx_word' id='word_1_289' title='bbox 251 2798 282 2832; x_wconf 81' lang='lat'><strong>7.</strong></span> <span class='ocrx_word' id='word_1_290' title='bbox 308 2794 500 2833; x_wconf 69' lang='grc' dir='ltr'>Οὖῖνδικίου</span> <span class='ocrx_word' id='word_1_291' title='bbox 525 2798 583 2834; x_wconf 80' lang='grc' dir='ltr'><strong>καὶ</strong></span> <span class='ocrx_word' id='word_1_292' title='bbox 605 2796 776 2843; x_wconf 69' lang='grc' dir='ltr'>Οὖμίρλου</span> <span class='ocrx_word' id='word_1_293' title='bbox 807 2802 873 2833; x_wconf 83' lang='lat' dir='ltr'><strong>cod.</strong></span> <span class='ocrx_word' id='word_1_294' title='bbox 897 2803 954 2833; x_wconf 81' lang='lat' dir='ltr'><strong>Ve-</strong></span> <span class='ocrx_word' id='word_1_295' title='bbox 1049 2803 1099 2835; x_wconf 88' lang='lat'><strong>10.</strong></span> <span class='ocrx_word' id='word_1_296' title='bbox 1126 2798 1330 2843; x_wconf 67' lang='grc' dir='ltr'>Ουἀλερένῡυ</span> <span class='ocrx_word' id='word_1_297' title='bbox 1355 2802 1421 2833; x_wconf 82' lang='lat' dir='ltr'><strong>cod.</strong></span> <span class='ocrx_word' id='word_1_298' title='bbox 1446 2803 1546 2834; x_wconf 81' lang='lat' dir='ltr'><strong>Venet.</strong></span> 
     </span>
    </p>

    <p class='ocr_par' dir='ltr' id='par_1_11' title="bbox 205 2848 1748 2936">
     <span class='ocr_line' id='line_1_38' title="bbox 205 2848 1748 2881; baseline 0.003 -4"><span class='ocrx_word' id='word_1_299' title='bbox 205 2848 264 2877; x_wconf 82' lang='lat' dir='ltr'><strong>net.</strong></span> <span class='ocrx_word' id='word_1_300' title='bbox 1050 2849 1098 2880; x_wconf 85' lang='lat'><strong>11.</strong></span> <span class='ocrx_word' id='word_1_301' title='bbox 1135 2850 1175 2880; x_wconf 85' lang='lat' dir='ltr'><strong>De</strong></span> <span class='ocrx_word' id='word_1_302' title='bbox 1205 2849 1259 2878; x_wconf 81' lang='lat' dir='ltr'><strong>hoc</strong></span> <span class='ocrx_word' id='word_1_303' title='bbox 1291 2849 1453 2879; x_wconf 81' lang='lat' dir='ltr'><strong>consulatu</strong></span> <span class='ocrx_word' id='word_1_304' title='bbox 1484 2857 1513 2879; x_wconf 89' lang='grc' dir='ltr'><strong>υ.</strong></span> <span class='ocrx_word' id='word_1_305' title='bbox 1548 2850 1664 2881; x_wconf 77' lang='lat' dir='ltr'><strong>adnott.</strong></span> <span class='ocrx_word' id='word_1_306' title='bbox 1691 2851 1748 2881; x_wconf 80' lang='lat' dir='ltr'><strong>Pc-</strong></span> 
     </span>
     <span class='ocr_line' id='line_1_39' title="bbox 250 2892 1086 2936; baseline 0.002 -14"><span class='ocrx_word' id='word_1_307' title='bbox 250 2892 283 2923; x_wconf 78' lang='grc' dir='ltr'><strong>ὅ.</strong></span> <span class='ocrx_word' id='word_1_308' title='bbox 313 2892 365 2923; x_wconf 85' lang='lat' dir='ltr'><strong>Sic</strong></span> <span class='ocrx_word' id='word_1_309' title='bbox 383 2892 450 2923; x_wconf 85' lang='lat' dir='ltr'><strong>cod.</strong></span> <span class='ocrx_word' id='word_1_310' title='bbox 466 2893 566 2924; x_wconf 78' lang='lat' dir='ltr'><strong>Venet.</strong></span> <span class='ocrx_word' id='word_1_311' title='bbox 603 2894 724 2932; x_wconf 81' lang='lat' dir='ltr'><strong>Reliqui</strong></span> <span class='ocrx_word' id='word_1_312' title='bbox 740 2894 832 2925; x_wconf 84' lang='lat' dir='ltr'><strong>libri:</strong></span> <span class='ocrx_word' id='word_1_313' title='bbox 856 2893 952 2936; x_wconf 87' lang='grc' dir='ltr'>Δαμ-</span> <span class='ocrx_word' id='word_1_314' title='bbox 1001 2896 1086 2925; x_wconf 69' lang='lat' dir='ltr'><strong>tacti.</strong></span> 
     </span>
    </p>

    <p class='ocr_par' dir='ltr' id='par_1_12' title="bbox 208 2934 1750 2983">
     <span class='ocr_line' id='line_1_40' title="bbox 208 2934 1750 2983; baseline 0.003 -15"><span class='ocrx_word' id='word_1_315' title='bbox 208 2934 269 2977; x_wconf 86' lang='grc' dir='ltr'><strong>μία</strong></span> <span class='ocrx_word' id='word_1_316' title='bbox 290 2934 348 2969; x_wconf 74' lang='grc' dir='ltr'><strong>καὶ</strong></span> <span class='ocrx_word' id='word_1_317' title='bbox 373 2936 567 2979; x_wconf 74' lang='grc' dir='ltr'>Σερουϊλίου</span> <span class='ocrx_word' id='word_1_318' title='bbox 590 2936 759 2980; x_wconf 71' lang='grc' dir='ltr'><strong>Νομμίου.</strong></span> <span class='ocrx_word' id='word_1_319' title='bbox 1050 2940 1097 2970; x_wconf 84' lang='lat'>1·.¹.</span> <span class='ocrx_word' id='word_1_320' title='bbox 1138 2940 1199 2970; x_wconf 84' lang='lat' dir='ltr'><strong>Pro</strong></span> <span class='ocrx_word' id='word_1_321' title='bbox 1229 2938 1401 2981; x_wconf 76' lang='grc' dir='ltr'>Κρητικοῦ</span> <span class='ocrx_word' id='word_1_322' title='bbox 1432 2940 1501 2983; x_wconf 61' lang='lat' dir='ltr'><strong>cod.</strong></span> <span class='ocrx_word' id='word_1_323' title='bbox 1528 2941 1628 2972; x_wconf 73' lang='lat' dir='ltr'><strong>Venet.</strong></span> <span class='ocrx_word' id='word_1_324' title='bbox 1661 2941 1750 2973; x_wconf 69' lang='lat' dir='ltr'><strong>habet</strong></span> 
     </span>
    </p>
   </div>
   <div class='ocr_carea' id='block_1_5' title="bbox 208 2980 1161 3071">
    <p class='ocr_par' dir='ltr' id='par_1_13' title="bbox 208 2980 1161 3071">
     <span class='ocr_line' id='line_1_41' title="bbox 253 2980 1161 3026; baseline 0.002 -14"><span class='ocrx_word' id='word_1_325' title='bbox 253 2980 284 3012; x_wconf 78' lang='lat'><strong>9.</strong></span> <span class='ocrx_word' id='word_1_326' title='bbox 318 2980 454 3024; x_wconf 76' lang='grc' dir='ltr'>Μάγνου</span> <span class='ocrx_word' id='word_1_327' title='bbox 487 2981 545 3015; x_wconf 79' lang='grc' dir='ltr'><strong>καὶ</strong></span> <span class='ocrx_word' id='word_1_328' title='bbox 568 2985 634 3015; x_wconf 83' lang='lat' dir='ltr'><strong>cod.</strong></span> <span class='ocrx_word' id='word_1_329' title='bbox 654 2985 725 3015; x_wconf 79' lang='lat' dir='ltr'><strong>Ven.</strong></span> <span class='ocrx_word' id='word_1_330' title='bbox 774 2985 896 3025; x_wconf 80' lang='lat' dir='ltr'><strong>Reliqui</strong></span> <span class='ocrx_word' id='word_1_331' title='bbox 916 2986 952 3015; x_wconf 84' lang='lat' dir='ltr'><strong>li·</strong></span> <span class='ocrx_word' id='word_1_332' title='bbox 1001 2982 1161 3026; x_wconf 77' lang='grc' dir='ltr'><strong>Κρητίου.</strong></span> 
     </span>
     <span class='ocr_line' id='line_1_42' title="bbox 208 3025 715 3071; baseline 0.006 -14"><span class='ocrx_word' id='word_1_333' title='bbox 208 3027 255 3057; x_wconf 77' lang='lat' dir='ltr'><strong>bri</strong></span> <span class='ocrx_word' id='word_1_334' title='bbox 277 3025 416 3069; x_wconf 73' lang='grc' dir='ltr'>Μάγνῠυ</span> <span class='ocrx_word' id='word_1_335' title='bbox 441 3027 622 3071; x_wconf 75' lang='grc' dir='ltr'>Πομπηΐου</span> <span class='ocrx_word' id='word_1_336' title='bbox 648 3028 715 3062; x_wconf 78' lang='grc' dir='ltr'>καὶ.</span> 
     </span>
    </p>
   </div>
  </div>
 </body>
</html>
