2035 3309
573 183 751 215 PANARn
778 183 859 214 Lm.
881 183 920 214 11.
944 183 1052 215 Tou.
1073 184 1096 214 1.
1122 183 1250 214 men.
1271 183 1323 214 Lt.
1664 171 1716 209 47

177 264 261 303 eius
293 264 446 314 lumen,
492 263 590 317 quod
622 261 785 302 ludaeos
816 262 1089 311 collustrabat,
1136 263 1286 302 oriente
1314 261 1395 301 sole
1428 275 1470 300 ac
1497 259 1624 299 lunam
1651 259 1717 298 ab·

177 332 389 372 scondentc
424 331 635 371 desineret.
702 329 855 370 Etenim
888 345 906 370 a
940 329 1057 370 XlV.
1084 331 1143 370 dic
1177 331 1358 383 deinceps
1393 329 1504 368 lunae
1537 328 1719 382 splendor

177 399 429 439 imminuitur.
493 398 560 440 Sic
588 399 626 438 111
653 399 775 438 veteri
802 399 887 452 lege
914 406 998 452 post
1023 400 1229 438 adventani
1262 412 1304 436 ae
1330 398 1548 451 passionem
1574 395 1716 435 domiui

176 466 405 508 ludaeorum
435 467 638 507 obscurata
668 481 867 522 synagoga
899 467 1167 519 evangelicum
1200 466 1325 505 lumen
1360 465 1523 515 all'ulsit3
1570 480 1645 504 non
1679 470 1719 503 ut

177 537 302 576 soluta
332 536 397 576 lex
423 536 494 585 sit,
539 537 605 575 sed
633 535 810 589 impleta,
856 548 980 588 neque
1009 541 1048 574 ut
1076 535 1112 574 in
1138 534 1295 573 nihilum
1325 534 1445 585 ligura
1470 534 1624 572 redacta
1651 532 1715 581 sit,

176 605 242 644 sed
274 611 316 645 ut
340 604 542 644 veritatem
568 604 804 643 exhibuerit.
871 601 925 642 lta
952 610 1037 656 post
1060 601 1212 641 Pascha
1242 601 1286 639 :nl
1314 600 1605 640 Hierichuntem
1635 614 1719 655 per-

177 680 302 712 actum
330 674 521 727 scriptura
545 673 673 712 statim
698 671 862 712 adiecit:
906 674 957 709 Et
977 673 1214 709 comederem!
1237 672 1273 707 in
1298 671 1489 719 Galgalss‚
1524 677 1559 706 a!
1584 672 1718 719 desim-sl
1738 675 1829 703 loss..
1852 679 1889 703 ize.

177 755 324 780 mamm.
398 739 549 793 Quibus
584 740 714 780 verbis
747 740 909 794 idipsum
944 753 1079 778 sacrae
1113 739 1249 778 literae
1282 736 1527 777 vaticinando
1558 744 1721 776 testatae

178 816 289 859 sunt,
334 809 524 849 dominica
557 823 651 848 nece
680 815 835 863 propter
861 807 1090 861 abnegatum
1123 807 1169 847 ab
1196 806 1270 846 illis
1297 820 1462 854 numen,
1505 804 1719 858 angelicum

178 892 222 918 ac
253 878 422 919 coeleste
454 877 654 933 pabulum,
689 877 787 930 quod
820 876 1062 930 appellabant
1091 889 1253 925 manna,
1288 874 1515 914 desiturum.

292 1081 470 1123 Ecclesia
503 1097 619 1137 porro
652 1082 862 1132 catholica,
909 1096 1005 1136 quae
1042 1081 1086 1122 ad
1122 1081 1157 1120 id
1189 1080 1414 1135 mysterium
1448 1078 1720 1119 celebrandum
1751 1089 1827 1131 Cap.
1853 1092 1903 1120 111.

180 1151 404 1191 neccssaria
439 1159 530 1191 sunt
564 1151 729 1206 undique
756 1150 990 1191 contrahens
1018 1157 1056 1190 et
1079 1150 1116 1189 in
1142 1164 1257 1189 unum
1285 1150 1492 1188 conserens
1518 1148 1720 1187 veritatem

181 1219 336 1260 retinet.
398 1218 500 1260 Nam
524 1235 598 1259 non
625 1220 747 1259 solum
773 1217 890 1259 XlV.
915 1219 1014 1258 diem
1040 1218 1241 1268 observat,
1276 1218 1343 1257 sed
1369 1224 1406 1257 et
1428 1217 1720 1265 hebdomadem,

181 1288 251 1328 hoc
278 1296 337 1328 est
362 1295 546 1342 septenos
574 1289 660 1328 illos
685 1287 834 1328 sabbati
860 1288 964 1337 (lies,
1011 1286 1074 1341 qui
1101 1294 1285 1341 perpetuo
1311 1286 1474 1326 circuitu
1499 1300 1541 1325 ac
1568 1285 1723 1325 revolu-

181 1356 283 1396 tione
310 1357 496 1406 redeuut,
541 1364 580 1396 ut
610 1357 654 1397 ad
681 1370 813 1396 eorum
839 1355 1042 1410 exemplar
1063 1369 1160 1409 quae
1185 1362 1274 1395 sunt
1301 1368 1322 1394 a
1348 1355 1501 1394 domino
1526 1361 1635 1407 gesta
1663 1368 1723 1393 rc—

179 1425 371 1465 surrectio
403 1426 617 1480 epulaeque
648 1425 910 1464 celebrentur.
976 1422 1126 1463 Deinde
1158 1430 1312 1477 praeter
1343 1423 1457 1462 lunae
1480 1420 1599 1462 XlV.
1624 1422 1722 1461 diem

181 1493 296 1534 etiam
322 1507 476 1533 cursum
504 1493 596 1533 solis
622 1493 798 1542 adhibet,
835 1507 881 1532 ne
908 1492 1051 1546 duplex
1074 1492 1110 1531 in
1136 1492 1298 1531 eundem
1327 1505 1466 1530 aunum
1494 1489 1641 1530 Pascha
1671 1491 1722 1529 ita

180 1561 463 1612 committatur,
508 1569 548 1601 ut
579 1561 703 1600 altero
735 1575 835 1600 anno
864 1574 911 1600 ne
941 1574 1056 1600 unum
1082 1560 1234 1613 quidem
1262 1559 1463 1599 habeatur.
1527 1558 1722 1612 Quocirca

178 1628 297 1670 XlV.
335 1630 433 1670 illam
465 1629 564 1669 diem
599 1629 654 1669 sic
690 1637 890 1678 tenemus,
939 1635 979 1667 ut
1011 1628 1295 1682 aequinoctium
1327 1627 1720 1682 praetergrediamur.

179 1698 240 1738 Ac
267 1699 416 1737 demum
441 1698 476 1737 in
501 1705 672 1737 sanctam
696 1697 923 1737 dominicam
947 1696 1231 1749 religiosissimi
1257 1695 1442 1750 temporis
1468 1696 1578 1734 linem
1603 1694 1724 1734 conii-

182 1766 326 1817 cimus,
361 1767 427 1806 sed
453 1780 593 1818 agnum
620 1765 693 1805 iam
720 1772 796 1806 tum
823 1780 844 1805 a
869 1765 1019 1805 decimo
1045 1765 1105 1804 die
1128 1765 1338 1814 sumimus3
1377 1763 1557 1817 quoniam
1582 1763 1619 1802 in
1646 1763 1724 1802 iota

181 1835 291 1874 litera
320 1832 410 1875 lesu
439 1849 578 1874 nomen
605 1835 876 1889 agnoscimus:
922 1847 969 1873 ne
997 1833 1083 1887 quid
1109 1832 1266 1872 omnino
1290 1831 1525 1885 diligentiam
1550 1838 1722 1872 nostram

182 1903 356 1957 effugiat,
391 1904 490 1957 quod
511 1904 556 1943 ad
578 1903 881 1943 ecclesiasticam
903 1909 942 1942 et
961 1915 1185 1955 germanam
1209 1915 1252 1941 ac
1273 1900 1376 1939 vitae
1398 1899 1609 1954 salutisque
1632 1915 1724 1940 con-

182 1972 405 2012 ciliatricem
439 1970 640 2012 Pasehatis
672 1971 973 2011 celebrationem
1006 1971 1202 2024 pertinere
1231 1969 1422 2010 videatur.

295 2039 372 2081 Sed
397 2040 470 2080 iam
497 2040 721 2095 pestiferum
748 2039 901 2079 bul'ouis
926 2039 1037 2079 huius
1061 2039 1227 2079 afflatum
1254 2036 1398 2078 Christi
1426 2037 1596 2091 potentia
1619 2037 1726 2077 velut

182 2108 408 2161 obsignatus
430 2109 676 2162 munitusque
700 2108 944 2164 praeteribo:
985 2122 1029 2148 ac
1055 2106 1116 2147 dci
1143 2121 1214 2161 ope
1238 2107 1453 2161 postulata,
1487 2105 1654 2146 animum
1677 2106 1722 2145 ad

180 2176 350 2231 reliquas
381 2185 621 2218 convertam.

478 2467 815 2517 ADVERSUS
852 2467 1177 2516 HAERESIN
1212 2464 1425 2524 ILLAM,

235 2563 342 2609 quae
379 2548 560 2596 Ioannis
595 2549 889 2612 Evangelium
926 2553 969 2595 et
1004 2547 1305 2611 Apocalypsin
1342 2544 1508 2603 reiicit,
1547 2560 1674 2606 quam

351 2629 606 2677 Amentium
641 2630 854 2692 appellat,
890 2629 1087 2676 haeresis
1116 2626 1316 2686 XXXI.,
1350 2625 1442 2673 sive
1473 2624 1553 2672 LI.

294 2728 389 2770 Post
413 2730 728 2786 Cataphrygum,
763 2730 1104 2784 Quintillianorum
1133 2737 1170 2769 et
1193 2726 1634 2780 Qnartadeeimanorum
1658 2739 1720 2765 se·
1748 2729 1824 2771 Cap.
1858 2730 1879 2759 Ι-

182 2805 264 2839 ctas
288 2812 389 2839 nova
413 2799 600 2852 quaedam
618 2799 659 2840 in
684 2799 817 2839 orbem
839 2806 1029 2840 terrarum
1052 2797 1178 2851 erupit
1200 2795 1390 2846 haeresis,
1424 2795 1530 2836 velut
1550 2794 1722 2834 imbecil-

181 2889 273 2922 bufo.
309 2891 356 2921 lta
375 2889 493 2921 Graeci
513 2901 615 2932 genus
633 2897 755 2922 vocant
772 2890 933 2934 serpentis
1025 2890 1041 2907 *
1068 2890 1160 2926 ,.11110
1192 2886 1301 2929 potius
1331 2882 1524 2928 Ἀλόγων,“
1560 2887 1725 2925 adscripsit

183 2935 236 2977 qui
259 2941 292 2966 et
315 2934 454 2977 παρείας
475 2935 656 2967 dicebatur.
705 2935 800 2969 Βέων
824 2943 933 2967 autem
980 2936 1138 2967 Petavius.
1173 2934 1219 2972 Cf.
1239 2942 1307 2972 ειη).
1321 2931 1342 2965 3
1360 2935 1387 2964 ει
1401 2935 1467 2972 Ἀδ.,
1489 2931 1543 2962 ubi
1561 2931 1630 2974 ipse
1650 2931 1724 2973 Epi-

183 2987 308 3057 Ξῧοῐιὲπι
332 2988 402 3019 est,
429 2987 463 3011 ut
487 2980 564 3012 alibi
590 2981 734 3013 dicam-‘⁸
785 2983 830 3022 Cf.
847 2984 931 3014 haer.
980 2978 1118 3022 plianius
1137 2978 1313 3021 Alogorum
1339 2988 1457 3010 nomen
1478 2976 1722 3020 interpretatur,

230 3048 238 3062 ‚
285 3049 292 3055 .
