2035 3309
594 182 774 213 PANARH
800 182 882 215 Llss.
904 183 944 214 ΙΙ.
974 183 1125 214 TOM.1.
1150 183 1282 214 HAEP..
1302 183 1356 213 Lr.
1703 173 1750 212 ssl

200 260 352 315 posuit,
397 268 435 301 et
460 261 496 301 in
524 260 570 301 iis
595 276 692 315 quae
719 262 763 302 ad
791 260 995 302 Iordanem
1021 263 1267 317 contigerunt
1292 261 1522 303 enarrandis
1551 259 1753 301 Matthaeo

200 343 246 369 ac
268 327 402 370 Lucae
427 337 716 370 consentaneus
740 338 814 370 cst.
880 328 957 371 Sed
983 329 1206 372 Matthaeus
1231 331 1278 371 ab
1303 346 1404 371 anno
1430 331 1512 385 ipso
1537 330 1749 380 tricesimo,

199 405 290 438 ante
320 398 423 438 illam
455 412 608 438 omnem
641 399 819 453 baptismi
851 413 894 439 ac
928 413 1056 439 rerum
1091 401 1134 439 ad
1165 398 1369 439 Iordanem
1401 407 1598 452 gestarum
1633 399 1753 439 histo-

198 466 318 517 riam,
364 468 629 507 narrationem
663 468 876 508 inchoavit.
940 466 1072 508 Lucas
1107 482 1223 522 porro
1257 482 1277 507 a
1310 474 1426 507 sexto
1457 482 1614 519 mense,
1663 474 1751 508 ante

198 536 407 576 salvatoris
432 536 469 576 in
496 544 607 576 utero
629 537 946 591 generationem,
981 536 1210 591 principium
1233 536 1415 586 deduxit,
1451 536 1588 590 quibus
1611 551 1751 576 novem

197 604 336 645 deinde
363 619 520 646 menses
550 605 676 656 addit,
721 620 796 646 una
821 620 904 645 cum
930 605 1061 660 paucis
1085 604 1220 659 quihus
1246 604 1401 658 genitus
1425 612 1484 644 est
1507 605 1665 655 diebus,
1712 613 1751 646 ut

197 686 313 728 supra
345 674 459 714 unius
493 689 537 714 ac
573 674 727 728 triginta
761 688 951 714 annorum
983 675 1147 727 spatium
1182 673 1400 726 colligatur.
1464 672 1613 713 Narrat
1640 689 1752 728 prac-

196 748 303 782 terea
330 743 652 796 quemadmodum
682 750 858 797 pastores
891 742 937 782 ab
965 742 1216 781 internuntiis
1245 741 1395 795 angelis
1426 742 1611 781 admoniti
1639 744 1749 783 deum

196 812 503 866 conspexerint,
551 819 667 866 utque
692 812 725 851 is
750 810 967 851 Bethleemi
996 811 1033 850 in
1060 810 1182 850 lucem
1212 810 1337 850 editus
1364 824 1407 849 ac
1436 810 1574 864 pannis
1600 812 1750 852 involu—

196 886 256 920 tus
282 880 320 919 in
345 880 547 935 praesepi,
589 887 628 920 et
651 887 789 919 octavo
815 879 875 919 die
901 879 1154 919 circumcisus
1181 879 1321 929 l'uerit,
1356 893 1428 919 nec
1455 893 1530 918 non
1559 887 1645 934 post
1669 881 1749 920 dies

193 946 273 988 XL
307 963 377 1003 pro
410 949 545 988 eodem
580 949 707 989 oblata
741 948 818 989 sint
851 962 948 1002 quae
980 948 1047 988 lex
1073 947 1400 1003 praescripserat.
1466 946 1567 988 Tum
1599 956 1637 988 ut
1663 963 1747 988 eum

194 1014 370 1071 Symeon
397 1018 433 1057 in
462 1018 572 1057 ulnas
596 1018 814 1072 acceperit,
859 1015 1071 1057 Phanuelis
1097 1017 1171 1056 lilia
1197 1018 1378 1057 confessa
1406 1016 1479 1067 sit,
1525 1025 1643 1071 utque
1667 1016 1749 1058 Na-

192 1093 328 1126 zareto
357 1100 441 1127 cum
468 1086 694 1141 parentibus
721 1085 1037 1141 Hierosolymam
1062 1085 1226 1135 abierit,
1273 1087 1334 1140 qui
1364 1087 1462 1140 quod
1489 1085 1553 1126 lex
1580 1086 1750 1127 iusserat

192 1153 294 1195 illius
330 1156 486 1195 nomine
521 1156 802 1210 dependerunt.
867 1153 980 1208 Quae
1013 1169 1085 1195 nec
1116 1153 1344 1195 Matthaeus
1380 1169 1451 1195 nec
1482 1153 1645 1196 Marcus
1677 1170 1749 1196 nec

193 1220 363 1264 loannes
395 1224 623 1278 attigerunt.

308 1291 371 1333 Ex
403 1308 477 1348 quo
510 1294 652 1334 factum
684 1300 743 1333 est
775 1301 811 1333 ut
844 1293 1011 1348 gentiles
1039 1294 1191 1348 quidam
1221 1293 1459 1348 philosophi,
1506 1291 1748 1349 Porphyrius

191 1361 341 1402 scilicet
364 1376 408 1401 ac
434 1359 599 1412 Celsus,
636 1370 673 1402 et
695 1361 1054 1413 PhilosabbathiuS,
1089 1376 1235 1416 genere
1260 1360 1444 1413 Iudaeus,
1479 1371 1681 1403 veterator
1705 1378 1748 1403 ac

191 1430 456 1485 nequissimus
491 1431 674 1482 coluber,
722 1446 806 1471 cum
842 1432 1032 1472 adversus
1065 1432 1330 1485 evangelicam
1366 1431 1567 1471 historiam
1600 1432 1747 1472 scribe-

191 1507 302 1549 rent,
338 1514 475 1540 sacros
499 1499 760 1554 evangelistas
787 1500 1010 1553 arguerint,
1045 1499 1233 1540 animales
1257 1500 1308 1540 illi
1332 1500 1483 1554 quidem
1509 1508 1547 1540 et
1568 1501 1746 1541 carnales

193 1567 393 1618 homiues,
429 1582 474 1608 ac
497 1569 708 1609 secundum
734 1583 891 1609 carnem
920 1569 1145 1619 militantes,
1180 1569 1242 1623 qui
1270 1583 1340 1609 nec
1365 1571 1436 1609 deo
1459 1570 1613 1624 placere
1638 1577 1746 1624 pote-

190 1643 293 1688 rant,
329 1651 400 1677 nec
426 1651 471 1677 ea
499 1651 596 1691 quae
618 1645 707 1677 sunt
731 1637 889 1691 spiritus
912 1637 1037 1677 sancti
1060 1645 1345 1691 cognoverant.
1407 1637 1510 1679 Nam
1536 1653 1670 1678 omnes
1692 1638 1746 1678 illi

190 1706 236 1746 ad
261 1719 466 1747 sermones
493 1706 670 1747 veritatis
695 1706 959 1755 offendentes,
991 1720 1083 1760 prae
1106 1705 1284 1747 inscitiae
1311 1707 1524 1758 caecitate,
1560 1714 1674 1761 atque
1698 1707 1743 1747 ad

188 1788 234 1815 ea
259 1775 406 1830 delapsi
429 1774 575 1816 iactare
602 1775 810 1815 identidem
833 1775 1035 1826 solebant,
1070 1775 1205 1816 fierine
1227 1783 1352 1830 potest
1375 1784 1416 1816 ut
1439 1776 1573 1816 eadem
1601 1776 1682 1815 dies
1706 1783 1745 1816 et

187 1843 406 1885 Bethleemi
436 1851 566 1884 natum
594 1844 759 1892 viderit,
794 1851 855 1895 et,
890 1845 989 1898 quod
1016 1851 1104 1899 post
1127 1844 1323 1885 octiduum
1349 1845 1502 1885 solebat
1526 1845 1633 1896 fieri,
1669 1845 1744 1885 cir-

187 1907 426 1964 cumcisum,
471 1920 510 1954 et
539 1919 624 1968 post
652 1913 733 1953 dies
759 1911 837 1953 XL
864 1911 1142 1968 Hierosolyma
1164 1914 1434 1968 deportatum,
1478 1921 1519 1954 ut
1549 1914 1642 1955 item
1667 1913 1743 1970 Sy-

186 1982 338 2022 meonis
362 1989 401 2022 et
422 1982 564 2022 Annae
586 1989 670 2022 acta
691 1982 753 2022 illa
777 1981 814 2021 in
838 1982 999 2022 eandem
1024 1982 1123 2022 diem
1146 1983 1375 2034 inciderint,
1403 1983 1631 2038 praesertim
1655 1998 1741 2024 cum

187 2065 262 2105 qua
296 2058 412 2092 nocte
446 2049 558 2092 Iesus
591 2059 652 2091 est
684 2051 721 2091 in
752 2051 877 2091 lucem
908 2051 1057 2102 editus,
1104 2049 1272 2107 losepho
1304 2053 1465 2107 angelus
1499 2053 1737 2107 apparuerit,

185 2126 273 2174 post
296 2118 509 2174 Magorum
533 2120 766 2169 adventum,
803 2121 866 2174 qui
892 2119 992 2160 illius
1017 2120 1204 2161 adorandi
1232 2136 1372 2161 caussa
1394 2129 1609 2173 venerant,
1656 2122 1739 2176 qui-

1775 1299 1852 1343 Cap.
1870 1301 1954 1333 Vnt.

186 2202 260 2243 que
290 2203 454 2229 munera
485 2203 554 2229 sua
587 2188 731 2244 apertis
763 2188 928 2229 sacculis
961 2188 1207 2230 obtulerant?
1268 2189 1371 2230 Tum
1400 2191 1502 2231 enim
1525 2194 1731 2243 Apparuit,
1751 2203 1942 2243 Matth.2,13.

183 2256 332 2311 inquit,
367 2261 404 2297 ez·
424 2261 584 2309 angelus
607 2261 754 2305 diceus,
789 2261 935 2309 Surge,
969 2261 1096 2310 accipe
1118 2273 1301 2311 pueram,
1335 2268 1373 2299 et
1397 2263 1590 2311 ρωπίᾳ-θυι
1618 2269 1732 2310 taam,

183 2334 223 2364 ec
240 2328 331 2365 vade
351 2329 389 2366 ite
409 2330 649 2379 Aegyptam,-
684 2330 855 2380 quoniam
878 2330 1028 2380 qaaerit
1043 2331 1211 2367 Herodes
1229 2331 1388 2367 animam
1407 2332 1532 2380 paeri.
1589 2327 1735 2383 Quam-

183 2394 317 2435 obrem
337 2394 369 2435 si
390 2396 523 2436 eadem
544 2410 616 2450 qua
642 2403 752 2436 natus
780 2403 840 2436 est
866 2404 979 2436 nocte
1003 2396 1040 2436 in
1064 2397 1287 2452 Aegyptum
1315 2397 1463 2437 delatus
1487 2405 1561 2448 est,
1597 2406 1635 2438 et
1657 2399 1734 2439 illic

181 2464 253 2504 fuit
275 2464 398 2504 donec
422 2463 602 2505 Herodes
626 2471 802 2506 mortuus
830 2472 910 2515 est,
959 2466 1151 2519 quomodo
1177 2480 1407 2521 permanere
1435 2466 1472 2505 in
1499 2464 1641 2508 Iudaea
1666 2483 1733 2523 po-

183 2531 269 2583 tuit,
304 2539 343 2572 et
364 2540 504 2573 octavo
529 2533 590 2574 die
613 2533 864 2574 circumcidi?
896 2542 963 2574 aut
983 2534 1071 2589 quid
1093 2535 1244 2575 tandem
1270 2541 1356 2589 post
1380 2534 1461 2574 dies
1483 2532 1562 2574 XL
1590 2537 1731 2577 factum

182 2615 271 2643 esse
299 2600 431 2643 Lucas
464 2602 648 2642 mentitus
681 2604 766 2643 est?
827 2601 895 2644 Sic
921 2603 1023 2643 enim
1054 2617 1122 2658 per
1143 2618 1330 2644 summam
1357 2602 1411 2642 illi
1435 2603 1728 2659 blasphemiam,

182 2670 217 2711 id
246 2671 346 2726 quod
372 2671 411 2711 in
442 2684 575 2711 eorum
605 2678 719 2726 caput
744 2679 894 2723 vertat,
928 2672 1130 2712 obiiciunt.
1191 2670 1295 2712 Nam
1325 2675 1640 2725 Qaadt‘agese'mo,
1676 2674 1729 2714 ait
1748 2687 1819 2715 Luc.
1832 2689 1859 2723 2,
1874 2689 1916 2716 39.

180 2737 336 2790 Lucas,
379 2743 438 2780 (lie
466 2743 635 2780 tulerant
658 2742 763 2779 illam
794 2743 831 2780 in
860 2744 1118 2789 Hierusalem,
1162 2748 1199 2779 et
1221 2743 1305 2779 [mle
1336 2743 1373 2780 in
1397 2743 1582 2781 Nazaret.
1649 2740 1729 2784 Sed

180 2807 307 2863 ignari
331 2808 514 2849 videlicet
539 2809 714 2850 homines
741 2824 837 2863 quac
863 2811 920 2851 vis
945 2810 993 2850 sit
1018 2809 1141 2850 sancti
1169 2807 1327 2863 spiritus
1353 2823 1592 2866 nequaquam
1616 2811 1728 2852 intel-

181 2876 320 2931 ligunt.

292 2944 448 2986 Etenim
472 2945 679 3001 unicuique
700 2947 1030 3002 evangelistarum
1052 2958 1281 2985 concessum
1303 2953 1377 2997 est,
1411 2954 1452 2988 ut
1474 2962 1571 3003 quae
1593 2947 1725 3004 singu·
1751 2955 1829 2999 Cap.
1850 2955 1912 2988 IX.

179 3011 227 3052 lis
250 3019 289 3053 et
312 3013 548 3068 temporibus
574 3022 612 3056 et
633 3015 984 3070 opportunitatibus
1007 3020 1118 3068 gesta
1141 3021 1254 3055 crant
1274 3014 1481 3058 verissime
1506 3017 1724 3072 perscribe-
