2066 3319
491 171 669 204 PANARn
694 171 778 203 Lm.
800 173 838 204 n.
859 173 967 204 TOM.
987 174 1011 204 1.
1037 174 1166 205 HAER.
1188 173 1278 206 Lix.
1575 164 1653 205 187

115 252 190 292 lum
227 263 314 290 esse
348 250 464 290 fitium
499 249 681 290 asseruit.
746 248 843 291 Cum
882 252 981 291 enim
1008 253 1085 292 vivi
1116 253 1175 293 dei
1201 253 1317 293 filium
1350 253 1469 303 dixit,
1504 253 1651 293 adiecta
1672 250 1781 320 ῗζῗῗὲξ·

117 317 207 358 Vivi
250 317 462 373 particula,
506 332 733 372 germanum
772 319 875 358 illum
915 334 1002 359 esse
1039 321 1152 360 [ilium
1193 322 1336 362 docuit.
1413 320 1451 361 ld
1485 323 1583 375 quod
1616 321 1653 361 in

114 386 292 427 omnibus
314 399 412 441 pene
434 386 651 425 refutandis
678 386 905 427 haeresibus
931 402 950 428 a
978 389 1087 429 nobis
1110 390 1313 443 repetitum
1340 390 1598 429 meminimus.

226 452 351 494 Porro
384 454 429 493 de
465 454 600 509 spiritu
638 462 774 495 sancto
809 456 907 495 idem
940 456 1001 496 itte
1035 471 1105 496 nos
1133 456 1274 496 Petrus
1305 458 1494 497 certiores
1525 458 1653 507 efficii,
1684 458 1861 500 Cap-*³¹¹¹-

115 536 198 562 cum
229 522 285 563 sic
308 522 502 562 Ananiam
530 522 760 576 alloquitur:
796 527 894 574 Quid
917 528 1042 576 ulique
1067 529 1221 563 letzim-il
1243 540 1305 563 vos
1325 529 1487 564 Salanus
1510 529 1662 565 mentiri
1678 538 1740 562 Act.
1757 536 1782 568 5,
1802 536 1826 561 9.

112 593 270 643 spiritui
290 595 450 630 sancto?
507 592 592 630 Non
621 593 763 630 homiui
788 596 935 631 mentiti
964 596 1074 639 esle's,
1116 596 1183 631 sed
1215 596 1294 631 (leo.
1363 593 1445 633 {loc
1477 595 1576 634 enim
1611 608 1657 633 eo

113 659 253 699 dictum
292 665 375 708 est,
419 659 517 712 quod
549 666 586 698 et
617 673 668 699 ex
699 660 770 699 deo
804 660 963 714 spiritns
1000 662 1196 714 profectus
1230 660 1301 710 sit,
1346 675 1415 700 nec
1450 662 1496 700 ab
1530 676 1576 701 eo
1609 662 1658 702 sit

113 726 279 766 alienus.
345 725 489 766 Verum
517 733 556 766 ct
588 727 649 766 ille
683 741 834 781 quoqne
869 727 1114 768 firmissimus
1149 735 1368 768 structurae
1401 729 1495 783 lapis
1529 744 1571 769 ac
1604 731 1658 770 di-

112 794 227 835 vinae
264 795 399 835 domus
437 795 724 835 fundamentum
762 795 856 846 fuit,
902 810 985 836 cum
1025 803 1166 849 negato
1200 794 1360 836 Christo
1396 810 1580 838 reversus
1611 799 1657 838 ad

111 876 200 903 sese
218 894 228 913 ,
262 863 369 903 velut
392 870 569 918 repertus
594 867 620 902 a'
642 862 796 903 domino
819 870 856 903 et
880 863 1027 903 honore
1054 871 1161 904 tanto
1186 864 1346 905 affectus
1371 865 1511 915 audiit,
1545 869 1659 905 Pasce

111 946 194 971 oves
215 946 337 970 meas.-
373 939 433 982 et,
470 935 584 971 Pasce
605 947 724 983 agnos
747 947 858 979 mecm,
894 946 938 972 ac
966 932 1097 983 tertio,
1132 936 1247 972 Pasce
1269 948 1352 972 ores
1373 948 1485 972 meas·
1543 934 1653 987 Quae
1675 933 1846 1001 2li⁰i¹5i¹2it

112 996 296 1040 Christus
320 1014 405 1040 cum
431 999 551 1050 dixit,
586 1001 631 1040 ad
654 1000 918 1055 poenitentiae
946 1015 1016 1041 nos
1045 1002 1344 1041 conversionem
1373 1001 1548 1052 induxit,
1583 1017 1658 1056 quo

111 1081 264 1108 rursum
289 1067 328 1108 in
353 1068 418 1108 itto
443 1068 678 1109 solidissime
709 1069 864 1109 fundata
890 1070 983 1109 fides
1009 1070 1305 1120 aedificaretur,
1336 1083 1432 1124 quae
1466 1069 1557 1111 nulli
1591 1071 1658 1110 bo-

111 1136 254 1177 minum
284 1136 400 1177 vitam
427 1151 471 1176 ac
492 1137 655 1177 salutem
686 1137 900 1188 subtrabit,
935 1137 1115 1192 quamdiu
1141 1138 1221 1179 vivi
1249 1153 1293 1179 ac
1329 1139 1524 1193 spirantes
1550 1145 1656 1189 sunt,

111 1212 227 1260 atque
266 1219 319 1245 ex
359 1204 488 1245 animo
525 1206 803 1260 poenitentiam
843 1206 1081 1261 suscipiunt,
1130 1222 1175 1247 ac
1212 1207 1377 1261 denique
1415 1221 1485 1247 sua
1516 1207 1554 1247 in
1587 1207 1658 1247 hoc

110 1273 252 1314 mundo
285 1273 424 1314 delicta
457 1274 672 1328 corrigunt.

223 1340 422 1397 Siquidem
448 1343 485 1383 in
512 1340 679 1383 Cantico
704 1341 959 1384 Canticorum
985 1344 1118 1384 eadem
1144 1359 1286 1400 sponsa
1315 1345 1414 1385 bunc
1438 1345 1474 1384 in
1503 1345 1655 1384 modum
1683 1351 1763 1394 Cap.
1789 1352 1845 1382 lx.

110 1425 255 1466 sponso
279 1411 472 1465 loquitur:
506 1415 714 1464 Respondet
724 1414 858 1465 simler
882 1427 1001 1461 mens,
1039 1420 1077 1451 et
1097 1416 1188 1452 dicit
1209 1416 1318 1460 milzi,
1356 1417 1481 1464 Surge
1503 1416 1658 1465 prope‘lz-
1678 1430 1802 1461 cante,
1824 1430 1861 1457 ιο,

111 1494 183 1533 qua
207 1494 310 1528 mea;
350 1482 517 1532 formosa
539 1495 639 1528 mea,
674 1482 843 1520 columba
867 1496 966 1528 meu,
1002 1484 1175 1533 quoniam
1209 1484 1324 1520 hiems
1359 1485 1508 1521 transii.
1573 1480 1658 1520 Hoc

111 1556 195 1599 est,
231 1548 353 1589 tristis
378 1548 442 1588 illa
466 1562 510 1588 ac
538 1549 744 1589 tenebrosa
772 1548 1058 1603 terribilisque,
1093 1557 1133 1590 ut
1166 1551 1218 1590 ita
1248 1550 1394 1600 dicam,
1429 1550 1655 1590 nebularum

111 1616 234 1671 caligo
260 1616 429 1657 transiit.
492 1618 613 1656 Imber
645 1619 737 1656 abc'e'l
767 1626 805 1657 et
833 1621 1008 1665 t‘eeessz'l,
1042 1622 1170 1671 stores
1198 1627 1458 1670 apparuerant
1486 1622 1522 1657 1'12
1555 1626 1802 1663 le1¹racant.2‚
1824 1632 1861 1657 ιι,

111 1693 261 1732 nostra,
309 1694 450 1737 tempus
479 1689 688 1738 pululc'om's
723 1689 893 1733 advenit,
938 1701 1010 1725 voa.-
1042 1691 1204 1726 lm’lam's
1239 1691 1369 1726 (ludim
1399 1695 1454 1726 es!
1485 1690 1521 1726 “21
1555 1695 1657 1726 terra

110 1761 264 1801 nostra,
287 1756 396 1805 fieus
420 1756 584 1806 protulit
603 1769 760 1806 grossos
791 1770 900 1801 suos,
937 1757 1063 1793 vineae
1094 1764 1245 1794 nostrae
1274 1759 1560 1807 germinarunt,
1596 1758 1657 1793 (le—

110 1824 247 1861 dernnt
271 1825 433 1861 odorem.
498 1821 547 1863 Ut
577 1823 785 1877 praeterita
817 1822 946 1863 onmia
968 1823 1173 1864 transiisse
1198 1831 1458 1874 monstraret,
1493 1837 1538 1863 ac
1569 1837 1658 1863 ver-

111 1904 202 1930 num
227 1891 339 1931 modo
373 1898 522 1946 tempus
547 1892 712 1943 florere,
747 1898 922 1946 pacatum
954 1905 1059 1932 mare
1095 1907 1139 1932 ac
1171 1893 1417 1947 tranquillum
1444 1906 1554 1942 esse,
1589 1891 1658 1931 im-

111 1958 234 1999 brium
259 1958 436 1999 timorem
462 1960 736 2014 praeteriisse,
770 1968 906 2001 vetera
928 1967 1124 2001 sarmenta
1147 1961 1237 2001 vitis
1262 1967 1481 2016 amputata,
1518 1960 1658 2001 herbas

112 2041 227 2083 porro
253 2042 330 2068 non
358 2028 471 2068 modo
495 2028 718 2078 virescere,
752 2029 819 2068 sed
851 2036 889 2069 et
919 2030 1033 2069 flores
1062 2029 1246 2069 edidisse.
1313 2027 1411 2070 Cum
1444 2036 1481 2068 et
1508 2029 1658 2084 praedi-

111 2096 276 2137 cationis
298 2110 378 2136 vox
402 2096 439 2136 in
463 2096 642 2147 deserto,
679 2097 749 2137 boc
776 2104 834 2138 est
861 2098 899 2137 in
928 2105 1030 2138 terra
1057 2106 1212 2149 nostra,
1248 2098 1456 2148 clamaret,
1491 2112 1534 2137 ac
1564 2098 1657 2138 ficus

110 2165 174 2206 illa
202 2166 395 2220 quondam
424 2155 612 2205 execrata
647 2180 808 2220 grossos
837 2180 928 2207 suos
953 2167 1209 2222 produceret,
1245 2167 1422 2207 nimirum
1457 2166 1658 2221 poeniten-

112 2233 188 2275 tiae
215 2236 386 2283 fructus,
421 2234 483 2287 qui
513 2234 551 2273 in
586 2236 704 2274 ramis
733 2241 822 2275 sunt
850 2234 1132 2290 arboribusque
1162 2235 1383 2290 conspicui,
1418 2236 1518 2274 vites
1550 2235 1657 2274 deni-

112 2317 186 2357 que
215 2302 407 2357 parturire
432 2303 573 2352 ssot-es,
608 2304 643 2343 id
671 2310 729 2343 est
753 2304 985 2356 fragrantem
1011 2304 1261 2359 evangelicae
1286 2304 1373 2343 fidei
1402 2303 1658 2357 praedicatio-

112 2384 198 2412 nem
223 2371 459 2426 coepissent.
522 2370 736 2426 Postquam
763 2378 890 2412 autem
916 2373 1044 2413 subito
1069 2387 1152 2413 eam
1177 2373 1438 2427 compellavit,
1473 2386 1517 2411 ac.
1541 2371 1654 2422 dixit,

112 2443 261 2493 Surge,
298 2443 401 2488 veni,
437 2454 554 2494 surge
581 2455 601 2480 a
626 2449 749 2481 morte
781 2448 1027 2496 peccatorum
1052 2450 1089 2482 et
1117 2442 1204 2482 veni
1231 2442 1267 2481 in
1294 2440 1461 2490 iustitia,
1495 2454 1612 2494 surge
1637 2456 1656 2480 a

112 2509 274 2559 delicto,
310 2516 348 2548 et
373 2509 461 2549 veni
485 2523 573 2548 cum
596 2510 755 2560 fiducia,
790 2524 907 2563 surge
929 2525 949 2550 a
971 2509 1140 2565 peccatis
1156 2541 1166 2559 ,
1201 2516 1238 2549 ct
1262 2508 1351 2549 veni
1378 2509 1423 2548 ad
1454 2509 1656 2563 poeniten-

114 2577 229 2628 tiam,
263 2591 381 2632 surge
406 2577 453 2617 ab
483 2578 620 2618 affecta
644 2578 889 2630 valetudine,
924 2586 963 2618 et
987 2578 1076 2618 veni
1101 2578 1137 2617 in
1164 2578 1351 2627 sanitate,
1387 2591 1503 2631 surge
1528 2578 1574 2617 ab
1598 2578 1656 2617 in-

114 2646 320 2696 fidelitate,
355 2654 393 2686 ct
423 2646 510 2686 veni
544 2647 581 2686 in
616 2647 711 2696 fide,
746 2661 861 2701 surge
886 2662 907 2687 a
934 2646 1175 2702 perditione,
1211 2652 1248 2684 et
1272 2646 1359 2686 veni
1387 2645 1423 2685 in
1450 2660 1656 2701 recupera-

114 2715 234 2756 tione.
298 2716 358 2755 Ac
390 2729 474 2755 cnm
505 2715 696 2770 scriptura
729 2730 843 2757 sacra
876 2730 1117 2770 nequaquam
1147 2715 1345 2768 ignoraret
1371 2722 1455 2768 post
1488 2715 1654 2769 priorem

115 2783 391 2840 poenitentiam
418 2798 462 2824 ac
482 2784 727 2824 vocationem
752 2792 790 2826 et
813 2784 1035 2835 sanitatem,
1071 2791 1110 2823 ut
1132 2783 1182 2822 ita
1206 2783 1344 2833 dicam,
1380 2783 1654 2838 quamplurima

160 2930 190 2964 4.
216 2933 336 2972 ζῶντος
360 2932 438 2966 {³206
464 2934 532 2965 cod.
552 2933 679 2973 Rhediy.
920 2975 927 2980 ῃ
954 2932 1029 2962 (ἻΑΡ.
1055 2931 1114 2962 tX.
1139 2949 1183 2979 ῖ-
1234 2930 1261 2962 1.
1288 2932 1510 2973 Corrigendum
1533 2935 1654 2965 videtur

906 2976 1054 3020 ἀμπέλω
1078 2974 1115 3010 δὲ
1139 2972 1208 3017 ἤδη
1235 2974 1470 3020 κυπριζούσης.
