2076 3324
596 190 775 222 PANAnn
800 190 882 222 Lm.
904 192 942 222 n.
967 192 1073 224 Toxi.
1094 192 1117 223 1.
1145 192 1274 224 naen.
1294 192 1333 223 L.
1668 183 1720 222 43

291 268 438 310 Verum
464 269 664 309 enimvero
688 268 750 309 ubi
784 269 829 309 ab
857 269 1008 309 sincera
1038 271 1226 324 religione
1249 272 1369 312 semel
1395 272 1615 312 aberratum
1643 279 1718 321 est,
1751 276 1827 318 Cup.
1851 276 1905 306 ΙΙΙ.

177 337 338 378 ridicula
362 351 405 377 ae
429 337 675 392 perturbata,
711 352 807 390 quae
833 338 878 377 al)
904 338 1120 377 hominibus
1145 347 1355 392 geruntur,
1390 354 1476 380 esse
1503 340 1627 379 omnia
1654 353 1721 379 ne-

177 419 289 446 eesse
325 413 405 445 est:
453 407 558 445 varia
592 413 631 444 ut
659 405 744 444 iude
775 407 916 445 l'uroris
944 420 1111 458 genera,
1159 407 1465 461 daenwnnnupie
1495 408 1530 447 iu
1557 422 1720 463 corpora

176 473 456 528 impressiones
493 474 683 513 oriantur.
756 473 859 515 Nam
898 474 959 528 qui
999 475 1174 514 veritatis
1215 489 1396 514 ancoram
1439 477 1593 516 minime
1632 475 1722 516 reti-

177 549 291 582 nent:
327 543 393 581 sed
419 550 623 582 ventorum
648 543 798 582 [latibus
821 556 1060 596 quacumque
1085 556 1125 581 se
1145 543 1351 582 occasione
1374 544 1620 597 permittuntg
1657 544 1722 583 lio-

176 624 260 650 rum
286 610 401 649 :initui
429 611 658 665 praecipites
685 612 852 650 amentia
880 612 1070 650 l'eruntnr.
1134 610 1246 663 Quod
1276 611 1375 650 enim
1403 611 1650 651 mulierculas
1677 612 1720 650 ad

179 679 446 733 episcoporum
480 687 545 719 aut
576 679 891 734 presbyterorum
926 679 1098 717 ordinem
1126 678 1343 728 asciscunt,
1389 678 1498 732 idque
1526 679 1572 718 ob
1600 679 1720 719 livam

177 748 304 786 facere
333 760 376 786 se
401 746 600 797 dictitant,
636 748 795 787 andiunt
819 761 913 787 sane
938 747 1036 800 quod
1063 761 1083 786 a
1108 746 1262 786 domino
1286 747 1427 787 dietum
1454 755 1536 787 est:
1580 751 1646 786 Ad
1670 751 1721 786 re‘-
1742 761 1855 787 ncne.
1871 760 1909 785 16.

175 829 257 854 rum
281 819 355 854 eric
376 819 567 854 conversio
593 824 678 863 tem,
714 824 750 854 e!
773 819 850 867 ipse
876 816 1128 854 dmm'nabilm·
1152 816 1231 853 lt'be'.
1298 814 1401 868 Quin
1430 816 1519 855 illud
1546 816 1725 868 ignorant

175 884 339 938 apostoli
375 884 678 938 praescriptum:
724 886 884 922 Malt‘ere'
911 899 983 922 ηοη
1020 886 1196 935 permillo
1233 885 1354 935 loqui,
1402 898 1518 936 neque
1554 887 1590 923 iu
1622 887 1927 930 1'e‘1·OSl.(‘or.lt‚3tt.

174 955 433 991 ‹melom'lalem
461 953 610 991 hahere.
676 950 795 991 ltem:
840 954 926 990 Non
951 954 1045 990 enim
1072 955 1129 990 zvis·
1154 959 1209 990 est
1233 966 1255 989 u
1279 954 1454 999 muller-e,
1498 955 1565 990 sed
1588 954 1722 991 mulier
1744 966 1926 997 arcuatus.

175 1035 223 1059 ea·
247 1024 340 1059 viro.
406 1019 478 1069 Et,
512 1023 635 1059 Adam
658 1035 729 1059 mm
754 1028 812 1059 est
829 1023 1022 1072 (lec-eptas,
1057 1023 1123 1059 secl
1146 1023 1223 1059 Era
1241 1023 1350 1072 prim·
1370 1023 1520 1072 deeeplu
1540 1024 1577 1060 in
1599 1013 1750 1059 trans-¹
1771 1011 1839 1039 ’ΠΨ
1851 1011 1928 1045 2Ἠ·

171 1092 366 1140 gressione
391 1090 481 1140 fixit.
549 1086 583 1129 Ο
616 1089 745 1128 mundi
779 1089 890 1129 liuius
922 1088 1133 1128 vanitatem
1168 1102 1420 1142 erroremque
1453 1089 1722 1143 multiplicem!

289 1155 367 1197 Sed
395 1157 496 1207 iam,
541 1157 756 1206 carissimi,
801 1157 980 1197 edentula
1015 1157 1085 1196 liae
1124 1164 1162 1197 et
1196 1158 1388 1197 amentiae
1427 1158 1537 1212 plena
1573 1157 1724 1197 haeresi

175 1224 366 1265 stellionis
405 1225 530 1264 instar
560 1225 794 1280 praeterita,
841 1225 1009 1279 reliquas
1041 1226 1336 1279 aggrediamur:
1380 1241 1423 1266 ac
1465 1225 1524 1264 dri
1563 1226 1724 1280 primum

175 1293 425 1348 imploremus
449 1294 661 1344 auxilium,
705 1301 746 1334 ut
770 1293 802 1334 is
830 1294 1008 1334 tenuitati
1035 1301 1191 1334 nostrae
1220 1294 1449 1346 subveniat,
1494 1309 1568 1350 quo
1593 1307 1727 1335 susce-

174 1369 277 1417 ptum
311 1376 407 1418 opus
439 1363 486 1403 ad
519 1363 665 1403 exitum
700 1363 972 1418 perducamus.

390 1557 690 1606 CONTRA
747 1557 1520 1619 QUARTADEGIMANOS.

632 1638 847 1686 Haeresis
876 1639 1049 1698 XXX„
1087 1639 1180 1687 sive
1209 1638 1264 1687 L.

288 1737 353 1779 Ex
385 1739 432 1779 iis
464 1739 609 1780 duabus
641 1739 743 1780 inter
775 1754 817 1780 se
846 1739 1059 1780 commistis
1085 1738 1283 1796 Phrygum
1313 1748 1350 1781 et
1379 1739 1722 1794 Quintillianorum
1752 1750 1829 1792 Cap.
1849 1750 1871 1779 1.

175 1808 259 1848 sive
286 1805 620 1848 Priscillianorum
657 1808 775 1849 sectis
813 1823 912 1849 nova
943 1809 1130 1863 quaedam
1158 1809 1323 1848 conflata
1357 1816 1416 1849 est
1451 1816 1490 1849 et
1520 1808 1557 1849 in
1592 1809 1724 1849 orbem

173 1876 390 1916 introducta
417 1874 862 1930 Quartadecimanorum
887 1877 1078 1917 haeresis.
1143 1875 1220 1931 Qui
1247 1877 1388 1917 ceteris
1420 1877 1458 1917 in
1492 1877 1607 1917 rebus
1638 1892 1723 1917 cum

175 1945 341 1985 eeclesia
367 1945 681 1996 eonsentientes,
726 1945 796 1985 hoc
825 1946 908 2000 ipso
932 1946 977 1985 ab
1005 1945 1183 1985 omnibus
1210 1946 1416 1997 aberrant,
1451 1947 1549 2001 quod
1579 1961 1653 1986 non
1685 1947 1726 1986 il—

174 2014 247 2054 lius
269 2013 454 2053 institutis
476 2014 753 2068 doe-trinaeque
779 2021 1044 2054 consentanea
1069 2015 1254 2069 quaedam
1279 2015 1446 2070 amplexi
1471 2023 1576 2055 sunt.
1623 2014 1724 2056 Nam

177 2089 215 2123 et
242 2080 408 2122 Iudaicis
443 2082 602 2137 insuper
637 2082 774 2122 fabulis
804 2082 1031 2134 inhaerent3
1076 2097 1200 2137 neque
1236 2091 1364 2124 tamen
1395 2084 1500 2139 paria
1535 2099 1619 2123 cum
1652 2084 1728 2124 illis

178 2152 393 2205 eademque
427 2151 617 2190 sentiunt.
689 2154 790 2201 Quae
825 2155 919 2190 enim
953 2154 1085 2191 dicunt
1109 2167 1182 2191 71on
1213 2160 1371 2200 norunt,
1418 2168 1484 2192 nec
1515 2155 1559 2191 (le
1593 2154 1933 2204 qltl'blls1‚’1'im,1,7.

176 2220 379 2272 affirmant.
446 2217 598 2274 Quippe
625 2221 745 2260 semel
768 2220 976 2274 quotannis
1004 2235 1118 2260 unum
1146 2219 1348 2261 Pasellatis
1381 2222 1478 2261 diem
1510 2224 1725 2276 praefracte

178 2289 394 2328 celebrant.
460 2286 702 2342 Quamquam
725 2290 770 2328 dc
794 2295 918 2342 patre,
946 2289 1022 2329 lilio
1044 2304 1089 2329 ae
1111 2290 1249 2344 spiritu
1270 2298 1405 2330 sancto
1427 2290 1617 2329 sinceram
1641 2305 1726 2330 cum

177 2357 376 2397 catholicis
400 2357 621 2412 opinionem
648 2357 839 2407 retinent,
875 2358 940 2397 sed
965 2365 1003 2398 et
1029 2358 1235 2413 prophetas
1262 2366 1301 2399 et
1325 2359 1522 2414 apostolos
1547 2366 1585 2398 et
1611 2373 1728 2399 evan-

176 2426 338 2480 gelistas
375 2425 607 2480 approbant.
671 2424 1018 2466 Resurrectionem
1051 2427 1179 2466 carnis
1214 2428 1370 2482 perinde
1403 2434 1444 2467 ut
1473 2426 1524 2466 illi
1561 2429 1725 2468 suturam

177 2509 254 2534 non
278 2494 475 2545 dubitant3
511 2495 830 2548 quemadmodum
858 2509 981 2548 neque
1009 2494 1190 2535 iudicium
1216 2497 1407 2550 vitamque
1433 2496 1724 2551 sempiternam.

179 2561 256 2603 Sed
283 2562 385 2603 inter
407 2563 500 2603 llaec
525 2570 652 2602 tamen
678 2577 753 2602 non
776 2562 960 2603 mediocri
984 2563 1203 2604 calamitate
1227 2565 1521 2616 conflictantur,
1556 2579 1602 2605 eo
1626 2566 1725 2620 qnod

177 2631 213 2671 id
241 2633 339 2686 quod
366 2632 451 2685 lege
475 2633 661 2686 scriptum
691 2640 750 2671 est
773 2645 972 2686 perperam
997 2632 1209 2688 accipiunt:
1244 2636 1469 2672 ,lIaletle'elus
1490 2637 1558 2686 qui
1576 2636 1726 2687 sumse-

177 2703 271 2739 cerie
301 2703 443 2739 Pascha
472 2703 576 2739 A'll'.
612 2703 672 2739 die
701 2704 848 2739 mensis.

294 2770 394 2809 Sunt
424 2770 526 2808 inter
557 2783 624 2809 eos
654 2770 828 2808 nonnulli
860 2770 922 2823 qui
956 2784 1067 2810 unam
1099 2770 1337 2822 eandemque
1371 2769 1467 2809 diem
1497 2771 1724 2820 observant,

180 2844 217 2878 et
240 2852 315 2877 una
338 2838 550 2891 eademque
571 2837 746 2877 ieiunant
768 2852 813 2877 ac
836 2838 1033 2893 mysteriis
1056 2845 1280 2892 operantur.
1328 2836 1429 2878 Nam
1452 2853 1503 2879 ex
1526 2839 1638 2879 Actis
1663 2838 1727 2878 Pi-

227 2973 303 3005 Cn.
324 2975 345 3005 t.
368 2993 412 2998 ——
438 2973 466 3006 1.
491 2976 556 3006 Hoc
579 2972 616 3008 δὲ
639 2976 782 3006 vocabuli
804 2985 931 3015 sequen·
1022 2975 1052 3005 2.
1080 2976 1168 3005 Recte
1192 2975 1382 3007 Carnarius:
1408 2975 1596 3008 Inciderunt
1619 2982 1728 3008 autem

180 3020 218 3050 tis
242 3017 414 3062 δεχόμενοι
437 3030 498 3052 esse
522 3022 659 3052 subolem
681 3023 831 3061 suspicor.
979 3026 1011 3051 ct
1035 3019 1097 3062 ipsi
1121 3019 1154 3051 in
1181 3031 1375 3053 errorem
1401 3033 1467 3054 non
1494 3023 1670 3065 vulgarem.
