<?xml version="1.0" encoding="UTF-8"?>
<!DOCTYPE html PUBLIC "-//W3C//DTD XHTML 1.0 Transitional//EN"
    "http://www.w3.org/TR/xhtml1/DTD/xhtml1-transitional.dtd">
<html xmlns="http://www.w3.org/1999/xhtml" xml:lang="en" lang="en">
 <head>
  <title>
</title>
<meta http-equiv="Content-Type" content="text/html;charset=utf-8" />
  <meta name='ocr-system' content='tesseract 3.04.00' />
  <meta name='ocr-capabilities' content='ocr_page ocr_carea ocr_par ocr_line ocrx_word'/>
</head>
<body>
  <div class='ocr_page' id='page_1' title='image "./p2corporishaereseo02epipuoft_0671.png"; bbox 0 0 2030 3324; ppageno 0'>
   <div class='ocr_carea' id='block_1_1' title="bbox 495 218 1702 258">
    <p class='ocr_par' dir='ltr' id='par_1_1' title="bbox 495 218 1702 258">
     <span class='ocr_line' id='line_1_1' title="bbox 495 218 1702 258; baseline 0.004 -6"><span class='ocrx_word' id='word_1_1' title='bbox 495 220 676 253; x_wconf 71' lang='lat' dir='ltr'>PANAnu</span> <span class='ocrx_word' id='word_1_2' title='bbox 702 222 785 255; x_wconf 78' lang='lat' dir='ltr'>Lm.</span> <span class='ocrx_word' id='word_1_3' title='bbox 807 223 844 255; x_wconf 86' lang='lat' dir='ltr'>u.</span> <span class='ocrx_word' id='word_1_4' title='bbox 871 224 979 257; x_wconf 56' lang='lat' dir='ltr'>Tomi.</span> <span class='ocrx_word' id='word_1_5' title='bbox 998 226 1036 257; x_wconf 85' lang='lat' dir='ltr'>n.</span> <span class='ocrx_word' id='word_1_6' title='bbox 1066 225 1196 257; x_wconf 71' lang='lat' dir='ltr'>mea.</span> <span class='ocrx_word' id='word_1_7' title='bbox 1220 225 1345 257; x_wconf 79' lang='lat' dir='ltr'>Lx1x.</span> <span class='ocrx_word' id='word_1_8' title='bbox 1621 218 1702 258; x_wconf 84' lang='lat'>649</span> 
     </span>
    </p>
   </div>
   <div class='ocr_carea' id='block_1_2' title="bbox 130 299 1909 3086">
    <p class='ocr_par' dir='ltr' id='par_1_2' title="bbox 149 299 1704 426">
     <span class='ocr_line' id='line_1_2' title="bbox 149 299 1704 356; baseline 0.003 -15"><span class='ocrx_word' id='word_1_9' title='bbox 149 300 344 350; x_wconf 87' lang='lat' dir='ltr'>indicant,</span> <span class='ocrx_word' id='word_1_10' title='bbox 379 307 421 340; x_wconf 89' lang='lat' dir='ltr'>ut</span> <span class='ocrx_word' id='word_1_11' title='bbox 453 306 492 340; x_wconf 88' lang='lat' dir='ltr'>et</span> <span class='ocrx_word' id='word_1_12' title='bbox 523 299 612 350; x_wconf 89' lang='lat' dir='ltr'>illa,</span> <span class='ocrx_word' id='word_1_13' title='bbox 647 305 813 353; x_wconf 76' lang='lat' dir='ltr'>quamvis</span> <span class='ocrx_word' id='word_1_14' title='bbox 845 311 942 342; x_wconf 78' lang='lat' dir='ltr'>esset</span> <span class='ocrx_word' id='word_1_15' title='bbox 958 306 1087 355; x_wconf 75' lang='lat' dir='ltr'>filins.</span> <span class='ocrx_word' id='word_1_16' title='bbox 1155 304 1263 345; x_wconf 88' lang='lat' dir='ltr'>Haec</span> <span class='ocrx_word' id='word_1_17' title='bbox 1296 312 1450 356; x_wconf 83' lang='lat' dir='ltr'>antem,</span> <span class='ocrx_word' id='word_1_18' title='bbox 1484 309 1628 345; x_wconf 72' lang='lat' dir='ltr'>Didicit</span> <span class='ocrx_word' id='word_1_19' title='bbox 1655 321 1704 345; x_wconf 72' lang='lat' dir='ltr'>ex</span> 
     </span>
     <span class='ocr_line' id='line_1_3' title="bbox 149 370 1516 426; baseline 0.004 -19"><span class='ocrx_word' id='word_1_20' title='bbox 149 370 207 408; x_wconf 79' lang='lat' dir='ltr'>his</span> <span class='ocrx_word' id='word_1_21' title='bbox 237 382 333 421; x_wconf 78' lang='lat' dir='ltr'>quae</span> <span class='ocrx_word' id='word_1_22' title='bbox 356 382 494 420; x_wconf 75' lang='lat' dir='ltr'>passus</span> <span class='ocrx_word' id='word_1_23' title='bbox 525 376 593 415; x_wconf 81' lang='lat' dir='ltr'>est,</span> <span class='ocrx_word' id='word_1_24' title='bbox 630 370 674 408; x_wconf 87' lang='lat' dir='ltr'>ad</span> <span class='ocrx_word' id='word_1_25' title='bbox 709 379 946 426; x_wconf 90' lang='lat' dir='ltr'>assumptam</span> <span class='ocrx_word' id='word_1_26' title='bbox 981 386 1136 412; x_wconf 89' lang='lat' dir='ltr'>carnem</span> <span class='ocrx_word' id='word_1_27' title='bbox 1171 374 1378 413; x_wconf 76' lang='lat' dir='ltr'>referenda</span> <span class='ocrx_word' id='word_1_28' title='bbox 1412 381 1516 414; x_wconf 89' lang='lat' dir='ltr'>sunt.</span> 
     </span>
    </p>

    <p class='ocr_par' dir='ltr' id='par_1_3' title="bbox 130 434 1909 2061">
     <span class='ocr_line' id='line_1_4' title="bbox 263 434 1839 497; baseline 0.003 -23"><span class='ocrx_word' id='word_1_29' title='bbox 263 434 387 476; x_wconf 87' lang='lat' dir='ltr'>Vides</span> <span class='ocrx_word' id='word_1_30' title='bbox 414 442 454 475; x_wconf 93' lang='lat' dir='ltr'>ut</span> <span class='ocrx_word' id='word_1_31' title='bbox 479 435 607 475; x_wconf 88' lang='lat' dir='ltr'>omnia</span> <span class='ocrx_word' id='word_1_32' title='bbox 641 452 739 491; x_wconf 91' lang='lat' dir='ltr'>quae</span> <span class='ocrx_word' id='word_1_33' title='bbox 766 436 926 479; x_wconf 78' lang='lat' dir='ltr'>Cliristo</span> <span class='ocrx_word' id='word_1_34' title='bbox 963 440 1200 480; x_wconf 82' lang='lat' dir='ltr'>conveniunt</span> <span class='ocrx_word' id='word_1_35' title='bbox 1234 441 1346 495; x_wconf 87' lang='lat' dir='ltr'>plana</span> <span class='ocrx_word' id='word_1_36' title='bbox 1378 442 1456 481; x_wconf 90' lang='lat' dir='ltr'>sint</span> <span class='ocrx_word' id='word_1_37' title='bbox 1489 450 1525 482; x_wconf 85' lang='lat' dir='ltr'>et</span> <span class='ocrx_word' id='word_1_38' title='bbox 1551 442 1699 497; x_wconf 90' lang='lat' dir='ltr'>perspi·</span> <span class='ocrx_word' id='word_1_39' title='bbox 1762 449 1839 490; x_wconf 75' lang='lat' dir='ltr'>Cap.</span> 
     </span>
     <span class='ocr_line' id='line_1_5' title="bbox 149 495 1909 563; baseline 0.003 -19"><span class='ocrx_word' id='word_1_40' title='bbox 149 517 244 555; x_wconf 90' lang='lat' dir='ltr'>cua,</span> <span class='ocrx_word' id='word_1_41' title='bbox 289 517 415 558; x_wconf 89' lang='lat' dir='ltr'>neque</span> <span class='ocrx_word' id='word_1_42' title='bbox 447 504 650 557; x_wconf 85' lang='lat' dir='ltr'>quicquam</span> <span class='ocrx_word' id='word_1_43' title='bbox 686 506 722 545; x_wconf 93' lang='lat' dir='ltr'>in</span> <span class='ocrx_word' id='word_1_44' title='bbox 753 506 812 547; x_wconf 87' lang='lat' dir='ltr'>his</span> <span class='ocrx_word' id='word_1_45' title='bbox 847 507 898 547; x_wconf 89' lang='lat' dir='ltr'>sit</span> <span class='ocrx_word' id='word_1_46' title='bbox 932 507 1156 562; x_wconf 89' lang='lat' dir='ltr'>impeditum</span> <span class='ocrx_word' id='word_1_47' title='bbox 1189 516 1254 547; x_wconf 87' lang='lat' dir='ltr'>aut</span> <span class='ocrx_word' id='word_1_48' title='bbox 1287 510 1531 563; x_wconf 85' lang='lat' dir='ltr'>perplexum.</span> <span class='ocrx_word' id='word_1_49' title='bbox 1594 495 1909 550; x_wconf 69' lang='lat' dir='ltr'>NamXXXVffl·</span> 
     </span>
     <span class='ocr_line' id='line_1_6' title="bbox 148 571 1699 628; baseline 0.004 -16"><span class='ocrx_word' id='word_1_50' title='bbox 148 572 243 612; x_wconf 73' lang='lat' dir='ltr'>llaec</span> <span class='ocrx_word' id='word_1_51' title='bbox 266 573 350 627; x_wconf 79' lang='lat' dir='ltr'>ipsa</span> <span class='ocrx_word' id='word_1_52' title='bbox 375 571 518 622; x_wconf 83' lang='lat' dir='ltr'>verba,</span> <span class='ocrx_word' id='word_1_53' title='bbox 553 575 767 625; x_wconf 61' lang='lat' dir='ltr'>Ponlq&#39;fieem</span> <span class='ocrx_word' id='word_1_54' title='bbox 792 577 1004 627; x_wconf 71' lang='lat' dir='ltr'>qaifidelis</span> <span class='ocrx_word' id='word_1_55' title='bbox 1025 584 1082 614; x_wconf 83' lang='lat' dir='ltr'>est</span> <span class='ocrx_word' id='word_1_56' title='bbox 1106 580 1144 614; x_wconf 68' lang='grc' dir='ltr'>εἰ</span> <span class='ocrx_word' id='word_1_57' title='bbox 1162 579 1230 628; x_wconf 76' lang='lat' dir='ltr'>qni</span> <span class='ocrx_word' id='word_1_58' title='bbox 1247 578 1340 627; x_wconf 78' lang='lat' dir='ltr'>feei!</span> <span class='ocrx_word' id='word_1_59' title='bbox 1363 580 1496 628; x_wconf 72' lang='lat' dir='ltr'>ipsum,</span> <span class='ocrx_word' id='word_1_60' title='bbox 1534 578 1625 617; x_wconf 82' lang='lat' dir='ltr'>nillil</span> <span class='ocrx_word' id='word_1_61' title='bbox 1653 578 1699 618; x_wconf 83' lang='lat' dir='ltr'>ad</span> 
     </span>
     <span class='ocr_line' id='line_1_7' title="bbox 148 640 1701 700; baseline 0.003 -20"><span class='ocrx_word' id='word_1_62' title='bbox 148 640 324 695; x_wconf 86' lang='lat' dir='ltr'>corporis</span> <span class='ocrx_word' id='word_1_63' title='bbox 352 641 623 681; x_wconf 84' lang='lat' dir='ltr'>formationem</span> <span class='ocrx_word' id='word_1_64' title='bbox 651 651 715 682; x_wconf 86' lang='lat' dir='ltr'>ant</span> <span class='ocrx_word' id='word_1_65' title='bbox 741 643 1076 694; x_wconf 68' lang='lat' dir='ltr'>incarnationem,</span> <span class='ocrx_word' id='word_1_66' title='bbox 1121 650 1187 683; x_wconf 90' lang='lat' dir='ltr'>aut</span> <span class='ocrx_word' id='word_1_67' title='bbox 1219 657 1313 683; x_wconf 78' lang='lat' dir='ltr'>vero</span> <span class='ocrx_word' id='word_1_68' title='bbox 1341 645 1579 684; x_wconf 73' lang='lat' dir='ltr'>creationem</span> <span class='ocrx_word' id='word_1_69' title='bbox 1613 659 1701 700; x_wconf 88' lang='lat' dir='ltr'>spe-</span> 
     </span>
     <span class='ocr_line' id='line_1_8' title="bbox 147 709 1700 767; baseline 0.003 -20"><span class='ocrx_word' id='word_1_70' title='bbox 147 715 275 758; x_wconf 83' lang='lat' dir='ltr'>ctant,</span> <span class='ocrx_word' id='word_1_71' title='bbox 310 709 377 748; x_wconf 86' lang='lat' dir='ltr'>sed</span> <span class='ocrx_word' id='word_1_72' title='bbox 404 709 631 763; x_wconf 80' lang='lat' dir='ltr'>dignitatem</span> <span class='ocrx_word' id='word_1_73' title='bbox 656 709 760 750; x_wconf 91' lang='lat' dir='ltr'>illam</span> <span class='ocrx_word' id='word_1_74' title='bbox 785 725 829 750; x_wconf 89' lang='lat' dir='ltr'>ac</span> <span class='ocrx_word' id='word_1_75' title='bbox 854 712 1026 751; x_wconf 85' lang='lat' dir='ltr'>coeleste</span> <span class='ocrx_word' id='word_1_76' title='bbox 1062 725 1200 751; x_wconf 86' lang='lat' dir='ltr'>munus</span> <span class='ocrx_word' id='word_1_77' title='bbox 1224 711 1395 752; x_wconf 85' lang='lat' dir='ltr'>indicant</span> <span class='ocrx_word' id='word_1_78' title='bbox 1427 714 1525 767; x_wconf 86' lang='lat' dir='ltr'>quod</span> <span class='ocrx_word' id='word_1_79' title='bbox 1553 714 1603 752; x_wconf 88' lang='lat' dir='ltr'>illi</span> <span class='ocrx_word' id='word_1_80' title='bbox 1638 727 1700 753; x_wconf 91' lang='lat' dir='ltr'>as-</span> 
     </span>
     <span class='ocr_line' id='line_1_9' title="bbox 146 776 1702 832; baseline 0.003 -16"><span class='ocrx_word' id='word_1_81' title='bbox 146 783 298 831; x_wconf 90' lang='lat' dir='ltr'>sumpta</span> <span class='ocrx_word' id='word_1_82' title='bbox 321 776 397 816; x_wconf 91' lang='lat' dir='ltr'>iam</span> <span class='ocrx_word' id='word_1_83' title='bbox 423 791 540 817; x_wconf 87' lang='lat' dir='ltr'>carne</span> <span class='ocrx_word' id='word_1_84' title='bbox 566 778 745 818; x_wconf 85' lang='lat' dir='ltr'>collatum</span> <span class='ocrx_word' id='word_1_85' title='bbox 771 786 845 818; x_wconf 91' lang='lat' dir='ltr'>est.</span> <span class='ocrx_word' id='word_1_86' title='bbox 910 778 1000 832; x_wconf 87' lang='lat' dir='ltr'>Quo</span> <span class='ocrx_word' id='word_1_87' title='bbox 1024 779 1137 819; x_wconf 89' lang='lat' dir='ltr'>etiam</span> <span class='ocrx_word' id='word_1_88' title='bbox 1165 786 1203 819; x_wconf 87' lang='lat' dir='ltr'>et</span> <span class='ocrx_word' id='word_1_89' title='bbox 1238 779 1344 820; x_wconf 87' lang='lat' dir='ltr'>locus</span> <span class='ocrx_word' id='word_1_90' title='bbox 1373 780 1446 820; x_wconf 90' lang='lat' dir='ltr'>iste</span> <span class='ocrx_word' id='word_1_91' title='bbox 1471 782 1702 822; x_wconf 83' lang='lat' dir='ltr'>referendus</span> 
     </span>
     <span class='ocr_line' id='line_1_10' title="bbox 130 847 1872 899; baseline 0.001 -14"><span class='ocrx_word' id='word_1_92' title='bbox 130 852 229 899; x_wconf 12' lang='lat' dir='ltr'>best,</span> <span class='ocrx_word' id='word_1_93' title='bbox 274 848 386 884; x_wconf 75' lang='lat' dir='ltr'>Dedi!</span> <span class='ocrx_word' id='word_1_94' title='bbox 415 849 453 884; x_wconf 73' lang='grc' dir='ltr'>εἰ</span> <span class='ocrx_word' id='word_1_95' title='bbox 487 860 617 885; x_wconf 80' lang='lat' dir='ltr'>nomen</span> <span class='ocrx_word' id='word_1_96' title='bbox 649 849 749 898; x_wconf 74' lang='lat' dir='ltr'>quod</span> <span class='ocrx_word' id='word_1_97' title='bbox 785 854 841 885; x_wconf 84' lang='lat' dir='ltr'>est</span> <span class='ocrx_word' id='word_1_98' title='bbox 876 862 990 898; x_wconf 75' lang='lat' dir='ltr'>super</span> <span class='ocrx_word' id='word_1_99' title='bbox 1020 862 1126 886; x_wconf 75' lang='lat' dir='ltr'>omne</span> <span class='ocrx_word' id='word_1_100' title='bbox 1155 862 1299 887; x_wconf 75' lang='lat' dir='ltr'>nomen.</span> <span class='ocrx_word' id='word_1_101' title='bbox 1368 847 1451 889; x_wconf 87' lang='lat' dir='ltr'>Hoc</span> <span class='ocrx_word' id='word_1_102' title='bbox 1485 849 1586 888; x_wconf 87' lang='lat' dir='ltr'>enim</span> <span class='ocrx_word' id='word_1_103' title='bbox 1622 863 1697 889; x_wconf 91' lang='lat' dir='ltr'>non</span> <span class='ocrx_word' id='word_1_104' title='bbox 1718 861 1872 895; x_wconf 78' lang='lat' dir='ltr'>Phi1.2‚9.</span> 
     </span>
     <span class='ocr_line' id='line_1_11' title="bbox 146 913 1701 970; baseline 0.004 -18"><span class='ocrx_word' id='word_1_105' title='bbox 146 920 259 953; x_wconf 83' lang='lat' dir='ltr'>antea</span> <span class='ocrx_word' id='word_1_106' title='bbox 288 914 324 953; x_wconf 91' lang='lat' dir='ltr'>in</span> <span class='ocrx_word' id='word_1_107' title='bbox 350 913 575 964; x_wconf 79' lang='lat' dir='ltr'>divinitate,</span> <span class='ocrx_word' id='word_1_108' title='bbox 622 914 688 954; x_wconf 89' lang='lat' dir='ltr'>sed</span> <span class='ocrx_word' id='word_1_109' title='bbox 716 914 753 953; x_wconf 87' lang='lat' dir='ltr'>in</span> <span class='ocrx_word' id='word_1_110' title='bbox 781 913 1053 955; x_wconf 79' lang='lat' dir='ltr'>incarnatione</span> <span class='ocrx_word' id='word_1_111' title='bbox 1079 918 1290 970; x_wconf 75' lang='lat' dir='ltr'>perfectum</span> <span class='ocrx_word' id='word_1_112' title='bbox 1317 924 1399 967; x_wconf 84' lang='lat' dir='ltr'>est,</span> <span class='ocrx_word' id='word_1_113' title='bbox 1435 932 1520 957; x_wconf 89' lang='lat' dir='ltr'>cum</span> <span class='ocrx_word' id='word_1_114' title='bbox 1551 918 1701 958; x_wconf 79' lang='lat' dir='ltr'>scilicet</span> 
     </span>
     <span class='ocr_line' id='line_1_12' title="bbox 145 980 1700 1038; baseline 0.003 -18"><span class='ocrx_word' id='word_1_115' title='bbox 145 981 310 1021; x_wconf 85' lang='lat' dir='ltr'>humana</span> <span class='ocrx_word' id='word_1_116' title='bbox 344 980 465 1036; x_wconf 87' lang='lat' dir='ltr'>ipsius</span> <span class='ocrx_word' id='word_1_117' title='bbox 500 989 636 1022; x_wconf 87' lang='lat' dir='ltr'>natura</span> <span class='ocrx_word' id='word_1_118' title='bbox 665 996 777 1036; x_wconf 86' lang='lat' dir='ltr'>quam</span> <span class='ocrx_word' id='word_1_119' title='bbox 806 996 858 1022; x_wconf 83' lang='lat' dir='ltr'>ex</span> <span class='ocrx_word' id='word_1_120' title='bbox 883 981 1012 1023; x_wconf 85' lang='lat' dir='ltr'>Maria</span> <span class='ocrx_word' id='word_1_121' title='bbox 1047 984 1211 1038; x_wconf 79' lang='lat' dir='ltr'><strong>sumpsit</strong></span> <span class='ocrx_word' id='word_1_122' title='bbox 1245 998 1386 1024; x_wconf 89' lang='lat' dir='ltr'>nomen</span> <span class='ocrx_word' id='word_1_123' title='bbox 1424 992 1482 1024; x_wconf 88' lang='lat' dir='ltr'>est</span> <span class='ocrx_word' id='word_1_124' title='bbox 1510 985 1700 1025; x_wconf 89' lang='lat' dir='ltr'>eiusmodi</span> 
     </span>
     <span class='ocr_line' id='line_1_13' title="bbox 144 1050 1700 1106; baseline 0.001 -16"><span class='ocrx_word' id='word_1_125' title='bbox 144 1056 357 1090; x_wconf 84' lang='lat' dir='ltr'>consecuta</span> <span class='ocrx_word' id='word_1_126' title='bbox 393 1050 492 1103; x_wconf 85' lang='lat' dir='ltr'>quod</span> <span class='ocrx_word' id='word_1_127' title='bbox 526 1050 656 1090; x_wconf 85' lang='lat' dir='ltr'>onmia</span> <span class='ocrx_word' id='word_1_128' title='bbox 685 1050 841 1090; x_wconf 91' lang='lat' dir='ltr'>nomina</span> <span class='ocrx_word' id='word_1_129' title='bbox 876 1050 1063 1104; x_wconf 73' lang='lat' dir='ltr'>dignitate</span> <span class='ocrx_word' id='word_1_130' title='bbox 1096 1059 1324 1106; x_wconf 90' lang='lat' dir='ltr'>superaret,</span> <span class='ocrx_word' id='word_1_131' title='bbox 1373 1060 1414 1092; x_wconf 93' lang='lat' dir='ltr'>ut</span> <span class='ocrx_word' id='word_1_132' title='bbox 1447 1068 1531 1093; x_wconf 84' lang='lat' dir='ltr'>cum</span> <span class='ocrx_word' id='word_1_133' title='bbox 1568 1053 1700 1092; x_wconf 85' lang='lat' dir='ltr'>divino</span> 
     </span>
     <span class='ocr_line' id='line_1_14' title="bbox 144 1117 1699 1175; baseline 0.002 -18"><span class='ocrx_word' id='word_1_134' title='bbox 144 1117 266 1157; x_wconf 75' lang='lat' dir='ltr'>verbo</span> <span class='ocrx_word' id='word_1_135' title='bbox 292 1117 499 1158; x_wconf 75' lang='lat' dir='ltr'>coniuncta</span> <span class='ocrx_word' id='word_1_136' title='bbox 527 1117 587 1158; x_wconf 88' lang='lat' dir='ltr'>dei</span> <span class='ocrx_word' id='word_1_137' title='bbox 614 1118 716 1158; x_wconf 82' lang='lat' dir='ltr'>lilius</span> <span class='ocrx_word' id='word_1_138' title='bbox 742 1119 1017 1173; x_wconf 79' lang='lat' dir='ltr'>appellaretur.</span> <span class='ocrx_word' id='word_1_139' title='bbox 1083 1117 1208 1172; x_wconf 84' lang='lat' dir='ltr'>Quam</span> <span class='ocrx_word' id='word_1_140' title='bbox 1236 1120 1283 1159; x_wconf 93' lang='lat' dir='ltr'>ob</span> <span class='ocrx_word' id='word_1_141' title='bbox 1308 1134 1486 1160; x_wconf 89' lang='lat' dir='ltr'>caussam</span> <span class='ocrx_word' id='word_1_142' title='bbox 1512 1134 1580 1175; x_wconf 89' lang='lat' dir='ltr'>per</span> <span class='ocrx_word' id='word_1_143' title='bbox 1604 1135 1699 1160; x_wconf 87' lang='lat' dir='ltr'>eun-</span> 
     </span>
     <span class='ocr_line' id='line_1_15' title="bbox 146 1185 1905 1241; baseline 0.002 -15"><span class='ocrx_word' id='word_1_144' title='bbox 146 1186 231 1226; x_wconf 88' lang='lat' dir='ltr'>dem</span> <span class='ocrx_word' id='word_1_145' title='bbox 265 1186 482 1239; x_wconf 85' lang='lat' dir='ltr'>apostolum</span> <span class='ocrx_word' id='word_1_146' title='bbox 509 1185 582 1226; x_wconf 84' lang='lat' dir='ltr'>hoc</span> <span class='ocrx_word' id='word_1_147' title='bbox 607 1186 693 1226; x_wconf 86' lang='lat' dir='ltr'>loco</span> <span class='ocrx_word' id='word_1_148' title='bbox 720 1186 842 1236; x_wconf 83' lang='lat' dir='ltr'>dixit,</span> <span class='ocrx_word' id='word_1_149' title='bbox 886 1190 998 1226; x_wconf 80' lang='lat' dir='ltr'>Hunc</span> <span class='ocrx_word' id='word_1_150' title='bbox 1027 1196 1148 1226; x_wconf 78' lang='lat' dir='ltr'>aulem</span> <span class='ocrx_word' id='word_1_151' title='bbox 1175 1190 1292 1240; x_wconf 80' lang='lat' dir='ltr'>paulo</span> <span class='ocrx_word' id='word_1_152' title='bbox 1323 1191 1445 1228; x_wconf 73' lang='lat' dir='ltr'>minus</span> <span class='ocrx_word' id='word_1_153' title='bbox 1475 1190 1522 1228; x_wconf 83' lang='lat' dir='ltr'>ab</span> <span class='ocrx_word' id='word_1_154' title='bbox 1552 1192 1700 1241; x_wconf 74' lang='lat' dir='ltr'>angelis</span> <span class='ocrx_word' id='word_1_155' title='bbox 1720 1201 1816 1230; x_wconf 79' lang='lat' dir='ltr'>Hebr·</span> <span class='ocrx_word' id='word_1_156' title='bbox 1834 1203 1861 1234; x_wconf 80' lang='lat'>2,</span> <span class='ocrx_word' id='word_1_157' title='bbox 1881 1203 1905 1230; x_wconf 76' lang='grc'>9.</span> 
     </span>
     <span class='ocr_line' id='line_1_16' title="bbox 144 1256 1702 1308; baseline 0.002 -14"><span class='ocrx_word' id='word_1_158' title='bbox 144 1258 368 1294; x_wconf 78' lang='lat' dir='ltr'>minoratum</span> <span class='ocrx_word' id='word_1_159' title='bbox 401 1257 565 1293; x_wconf 79' lang='lat' dir='ltr'>videmus</span> <span class='ocrx_word' id='word_1_160' title='bbox 594 1257 716 1294; x_wconf 82' lang='lat' dir='ltr'>Iesum</span> <span class='ocrx_word' id='word_1_161' title='bbox 748 1256 793 1294; x_wconf 82' lang='lat' dir='ltr'>ob</span> <span class='ocrx_word' id='word_1_162' title='bbox 819 1259 1030 1306; x_wconf 71' lang='lat' dir='ltr'>passionem</span> <span class='ocrx_word' id='word_1_163' title='bbox 1062 1259 1194 1295; x_wconf 77' lang='lat' dir='ltr'>mortis</span> <span class='ocrx_word' id='word_1_164' title='bbox 1216 1259 1346 1308; x_wconf 70' lang='lat' dir='ltr'>glor-ia</span> <span class='ocrx_word' id='word_1_165' title='bbox 1371 1265 1407 1296; x_wconf 84' lang='lat' dir='ltr'>et</span> <span class='ocrx_word' id='word_1_166' title='bbox 1430 1260 1571 1297; x_wconf 76' lang='lat' dir='ltr'>honor-e</span> <span class='ocrx_word' id='word_1_167' title='bbox 1595 1273 1702 1297; x_wconf 82' lang='lat' dir='ltr'>coro-</span> 
     </span>
     <span class='ocr_line' id='line_1_17' title="bbox 143 1322 1702 1379; baseline 0.001 -16"><span class='ocrx_word' id='word_1_168' title='bbox 143 1331 297 1363; x_wconf 80' lang='lat' dir='ltr'>natum:</span> <span class='ocrx_word' id='word_1_169' title='bbox 343 1337 418 1377; x_wconf 91' lang='lat' dir='ltr'>quo</span> <span class='ocrx_word' id='word_1_170' title='bbox 446 1322 597 1364; x_wconf 76' lang='lat' dir='ltr'>seilicet</span> <span class='ocrx_word' id='word_1_171' title='bbox 631 1323 858 1377; x_wconf 86' lang='lat' dir='ltr'>angelorum</span> <span class='ocrx_word' id='word_1_172' title='bbox 893 1323 1072 1364; x_wconf 90' lang='lat' dir='ltr'>domiuus</span> <span class='ocrx_word' id='word_1_173' title='bbox 1106 1332 1143 1364; x_wconf 90' lang='lat' dir='ltr'>et</span> <span class='ocrx_word' id='word_1_174' title='bbox 1178 1325 1358 1365; x_wconf 86' lang='lat' dir='ltr'>conditor</span> <span class='ocrx_word' id='word_1_175' title='bbox 1390 1326 1542 1379; x_wconf 84' lang='lat' dir='ltr'>angelis</span> <span class='ocrx_word' id='word_1_176' title='bbox 1574 1326 1702 1366; x_wconf 89' lang='lat' dir='ltr'>minor</span> 
     </span>
     <span class='ocr_line' id='line_1_18' title="bbox 145 1391 1702 1446; baseline 0.002 -15"><span class='ocrx_word' id='word_1_177' title='bbox 145 1392 270 1431; x_wconf 80' lang='lat' dir='ltr'>factus</span> <span class='ocrx_word' id='word_1_178' title='bbox 294 1404 383 1431; x_wconf 88' lang='lat' dir='ltr'>esse</span> <span class='ocrx_word' id='word_1_179' title='bbox 409 1391 633 1441; x_wconf 80' lang='lat' dir='ltr'>videretur,</span> <span class='ocrx_word' id='word_1_180' title='bbox 668 1391 732 1431; x_wconf 86' lang='lat' dir='ltr'>ille</span> <span class='ocrx_word' id='word_1_181' title='bbox 759 1391 913 1445; x_wconf 81' lang='lat' dir='ltr'>inquam</span> <span class='ocrx_word' id='word_1_182' title='bbox 941 1392 1023 1446; x_wconf 88' lang='lat' dir='ltr'>ipse</span> <span class='ocrx_word' id='word_1_183' title='bbox 1056 1392 1206 1446; x_wconf 81' lang='lat' dir='ltr'>angelis</span> <span class='ocrx_word' id='word_1_184' title='bbox 1239 1394 1470 1433; x_wconf 85' lang='lat' dir='ltr'>metuendus</span> <span class='ocrx_word' id='word_1_185' title='bbox 1508 1408 1553 1433; x_wconf 86' lang='lat' dir='ltr'>ac</span> <span class='ocrx_word' id='word_1_186' title='bbox 1588 1394 1702 1434; x_wconf 91' lang='lat' dir='ltr'>terri-</span> 
     </span>
     <span class='ocr_line' id='line_1_19' title="bbox 143 1458 1702 1515; baseline 0.002 -17"><span class='ocrx_word' id='word_1_187' title='bbox 143 1458 247 1509; x_wconf 87' lang='lat' dir='ltr'>bitis,</span> <span class='ocrx_word' id='word_1_188' title='bbox 284 1473 380 1513; x_wconf 88' lang='lat' dir='ltr'>quos</span> <span class='ocrx_word' id='word_1_189' title='bbox 405 1460 451 1499; x_wconf 77' lang='lat' dir='ltr'>tle</span> <span class='ocrx_word' id='word_1_190' title='bbox 475 1459 594 1499; x_wconf 80' lang='lat' dir='ltr'>nihilo</span> <span class='ocrx_word' id='word_1_191' title='bbox 617 1474 702 1500; x_wconf 85' lang='lat' dir='ltr'>cum</span> <span class='ocrx_word' id='word_1_192' title='bbox 728 1467 837 1515; x_wconf 88' lang='lat' dir='ltr'>patre</span> <span class='ocrx_word' id='word_1_193' title='bbox 864 1467 902 1500; x_wconf 88' lang='lat' dir='ltr'>et</span> <span class='ocrx_word' id='word_1_194' title='bbox 925 1459 1064 1513; x_wconf 90' lang='lat' dir='ltr'>spiritu</span> <span class='ocrx_word' id='word_1_195' title='bbox 1087 1467 1223 1500; x_wconf 88' lang='lat' dir='ltr'>sancto</span> <span class='ocrx_word' id='word_1_196' title='bbox 1247 1460 1410 1511; x_wconf 87' lang='lat' dir='ltr'>creavit,</span> <span class='ocrx_word' id='word_1_197' title='bbox 1446 1462 1573 1502; x_wconf 90' lang='lat' dir='ltr'>minor</span> <span class='ocrx_word' id='word_1_198' title='bbox 1598 1463 1702 1502; x_wconf 85' lang='lat' dir='ltr'>dice-</span> 
     </span>
     <span class='ocr_line' id='line_1_20' title="bbox 146 1528 1700 1582; baseline 0.003 -15"><span class='ocrx_word' id='word_1_199' title='bbox 146 1535 269 1577; x_wconf 84' lang='lat' dir='ltr'>retur,</span> <span class='ocrx_word' id='word_1_200' title='bbox 306 1535 493 1582; x_wconf 80' lang='lat' dir='ltr'>certoque</span> <span class='ocrx_word' id='word_1_201' title='bbox 518 1535 719 1568; x_wconf 82' lang='lat' dir='ltr'>constaret</span> <span class='ocrx_word' id='word_1_202' title='bbox 745 1543 819 1568; x_wconf 89' lang='lat' dir='ltr'>non</span> <span class='ocrx_word' id='word_1_203' title='bbox 846 1529 892 1568; x_wconf 87' lang='lat' dir='ltr'>de</span> <span class='ocrx_word' id='word_1_204' title='bbox 916 1529 999 1569; x_wconf 87' lang='lat' dir='ltr'>eius</span> <span class='ocrx_word' id='word_1_205' title='bbox 1025 1528 1227 1569; x_wconf 85' lang='lat' dir='ltr'>divinitate</span> <span class='ocrx_word' id='word_1_206' title='bbox 1255 1530 1491 1569; x_wconf 81' lang='lat' dir='ltr'>mentionem</span> <span class='ocrx_word' id='word_1_207' title='bbox 1521 1530 1700 1571; x_wconf 83' lang='lat' dir='ltr'>hocloco</span> 
     </span>
     <span class='ocr_line' id='line_1_21' title="bbox 147 1595 1699 1653; baseline 0.003 -18"><span class='ocrx_word' id='word_1_208' title='bbox 147 1596 258 1647; x_wconf 79' lang='lat' dir='ltr'>fieri,</span> <span class='ocrx_word' id='word_1_209' title='bbox 293 1597 360 1636; x_wconf 88' lang='lat' dir='ltr'>sed</span> <span class='ocrx_word' id='word_1_210' title='bbox 389 1597 434 1636; x_wconf 87' lang='lat' dir='ltr'>dc</span> <span class='ocrx_word' id='word_1_211' title='bbox 462 1610 581 1636; x_wconf 83' lang='lat' dir='ltr'>carue</span> <span class='ocrx_word' id='word_1_212' title='bbox 607 1597 814 1637; x_wconf 85' lang='lat' dir='ltr'>duntaxat.</span> <span class='ocrx_word' id='word_1_213' title='bbox 876 1595 1020 1637; x_wconf 85' lang='lat' dir='ltr'>Mortis</span> <span class='ocrx_word' id='word_1_214' title='bbox 1057 1597 1158 1637; x_wconf 87' lang='lat' dir='ltr'>enim</span> <span class='ocrx_word' id='word_1_215' title='bbox 1196 1599 1327 1651; x_wconf 81' lang='lat' dir='ltr'>passio</span> <span class='ocrx_word' id='word_1_216' title='bbox 1365 1612 1440 1638; x_wconf 90' lang='lat' dir='ltr'>non</span> <span class='ocrx_word' id='word_1_217' title='bbox 1477 1599 1699 1653; x_wconf 84' lang='lat' dir='ltr'>priusquam</span> 
     </span>
     <span class='ocr_line' id='line_1_22' title="bbox 145 1664 1702 1722; baseline 0.003 -18"><span class='ocrx_word' id='word_1_218' title='bbox 145 1678 304 1704; x_wconf 83' lang='lat' dir='ltr'>caruem</span> <span class='ocrx_word' id='word_1_219' title='bbox 331 1665 525 1706; x_wconf 80' lang='lat' dir='ltr'>induisset</span> <span class='ocrx_word' id='word_1_220' title='bbox 548 1665 668 1705; x_wconf 87' lang='lat' dir='ltr'>verbo</span> <span class='ocrx_word' id='word_1_221' title='bbox 697 1665 756 1704; x_wconf 87' lang='lat' dir='ltr'>dei</span> <span class='ocrx_word' id='word_1_222' title='bbox 782 1664 934 1705; x_wconf 85' lang='lat' dir='ltr'>ratione</span> <span class='ocrx_word' id='word_1_223' title='bbox 959 1666 1120 1719; x_wconf 87' lang='lat' dir='ltr'>quadam</span> <span class='ocrx_word' id='word_1_224' title='bbox 1151 1666 1483 1718; x_wconf 78' lang='lat' dir='ltr'>accommodatur,</span> <span class='ocrx_word' id='word_1_225' title='bbox 1519 1669 1586 1708; x_wconf 90' lang='lat' dir='ltr'>sed</span> <span class='ocrx_word' id='word_1_226' title='bbox 1615 1677 1702 1722; x_wconf 85' lang='lat' dir='ltr'>post</span> 
     </span>
     <span class='ocr_line' id='line_1_23' title="bbox 146 1732 1701 1789; baseline 0.003 -17"><span class='ocrx_word' id='word_1_227' title='bbox 146 1733 320 1773; x_wconf 88' lang='lat' dir='ltr'>eiusdem</span> <span class='ocrx_word' id='word_1_228' title='bbox 348 1732 684 1783; x_wconf 83' lang='lat' dir='ltr'>incarnationem,</span> <span class='ocrx_word' id='word_1_229' title='bbox 721 1732 784 1787; x_wconf 91' lang='lat' dir='ltr'>qui</span> <span class='ocrx_word' id='word_1_230' title='bbox 819 1748 894 1774; x_wconf 87' lang='lat' dir='ltr'>una</span> <span class='ocrx_word' id='word_1_231' title='bbox 924 1741 960 1774; x_wconf 88' lang='lat' dir='ltr'>et</span> <span class='ocrx_word' id='word_1_232' title='bbox 991 1734 1186 1789; x_wconf 88' lang='lat' dir='ltr'>passionis</span> <span class='ocrx_word' id='word_1_233' title='bbox 1217 1748 1362 1788; x_wconf 82' lang='lat' dir='ltr'>expers</span> <span class='ocrx_word' id='word_1_234' title='bbox 1387 1742 1469 1785; x_wconf 86' lang='lat' dir='ltr'>est,</span> <span class='ocrx_word' id='word_1_235' title='bbox 1517 1743 1555 1776; x_wconf 87' lang='lat' dir='ltr'>et</span> <span class='ocrx_word' id='word_1_236' title='bbox 1580 1736 1701 1777; x_wconf 92' lang='lat' dir='ltr'>obuo-</span> 
     </span>
     <span class='ocr_line' id='line_1_24' title="bbox 143 1800 1700 1856; baseline 0.003 -16"><span class='ocrx_word' id='word_1_237' title='bbox 143 1800 234 1841; x_wconf 91' lang='lat' dir='ltr'>xius</span> <span class='ocrx_word' id='word_1_238' title='bbox 258 1801 448 1855; x_wconf 90' lang='lat' dir='ltr'>passioni.</span> <span class='ocrx_word' id='word_1_239' title='bbox 513 1800 670 1856; x_wconf 84' lang='lat' dir='ltr'>Expers</span> <span class='ocrx_word' id='word_1_240' title='bbox 702 1801 879 1855; x_wconf 89' lang='lat' dir='ltr'>quidem,</span> <span class='ocrx_word' id='word_1_241' title='bbox 915 1804 1014 1856; x_wconf 88' lang='lat' dir='ltr'>quod</span> <span class='ocrx_word' id='word_1_242' title='bbox 1039 1803 1084 1842; x_wconf 89' lang='lat' dir='ltr'>ad</span> <span class='ocrx_word' id='word_1_243' title='bbox 1108 1802 1352 1843; x_wconf 80' lang='lat' dir='ltr'>divinitatem</span> <span class='ocrx_word' id='word_1_244' title='bbox 1379 1804 1542 1854; x_wconf 80' lang='lat' dir='ltr'>attinet,</span> <span class='ocrx_word' id='word_1_245' title='bbox 1577 1805 1700 1845; x_wconf 89' lang='lat' dir='ltr'>obno-</span> 
     </span>
     <span class='ocr_line' id='line_1_25' title="bbox 142 1869 1698 1926; baseline 0.003 -18"><span class='ocrx_word' id='word_1_246' title='bbox 142 1869 235 1909; x_wconf 86' lang='lat' dir='ltr'>xius</span> <span class='ocrx_word' id='word_1_247' title='bbox 262 1883 381 1920; x_wconf 88' lang='lat' dir='ltr'>vero,</span> <span class='ocrx_word' id='word_1_248' title='bbox 415 1869 449 1910; x_wconf 92' lang='lat' dir='ltr'>si</span> <span class='ocrx_word' id='word_1_249' title='bbox 476 1869 642 1909; x_wconf 85' lang='lat' dir='ltr'>hominis</span> <span class='ocrx_word' id='word_1_250' title='bbox 667 1877 846 1910; x_wconf 86' lang='lat' dir='ltr'>naturam</span> <span class='ocrx_word' id='word_1_251' title='bbox 869 1869 1113 1911; x_wconf 84' lang='lat' dir='ltr'>consideres.</span> <span class='ocrx_word' id='word_1_252' title='bbox 1179 1869 1293 1924; x_wconf 82' lang='lat' dir='ltr'>Quod</span> <span class='ocrx_word' id='word_1_253' title='bbox 1317 1878 1522 1926; x_wconf 89' lang='lat' dir='ltr'>utrumque</span> <span class='ocrx_word' id='word_1_254' title='bbox 1554 1872 1593 1912; x_wconf 89' lang='lat' dir='ltr'>in</span> <span class='ocrx_word' id='word_1_255' title='bbox 1621 1888 1698 1914; x_wconf 90' lang='lat' dir='ltr'>uno</span> 
     </span>
     <span class='ocr_line' id='line_1_26' title="bbox 145 1937 1698 1992; baseline 0.003 -15"><span class='ocrx_word' id='word_1_256' title='bbox 145 1937 383 1992; x_wconf 83' lang='lat' dir='ltr'>completur,</span> <span class='ocrx_word' id='word_1_257' title='bbox 434 1945 475 1978; x_wconf 89' lang='lat' dir='ltr'>ut</span> <span class='ocrx_word' id='word_1_258' title='bbox 508 1944 545 1978; x_wconf 89' lang='lat' dir='ltr'>et</span> <span class='ocrx_word' id='word_1_259' title='bbox 578 1938 681 1978; x_wconf 85' lang='lat' dir='ltr'>filius</span> <span class='ocrx_word' id='word_1_260' title='bbox 715 1938 881 1979; x_wconf 88' lang='lat' dir='ltr'>hominis</span> <span class='ocrx_word' id='word_1_261' title='bbox 914 1939 950 1979; x_wconf 88' lang='lat' dir='ltr'>in</span> <span class='ocrx_word' id='word_1_262' title='bbox 985 1939 1148 1990; x_wconf 88' lang='lat' dir='ltr'>eodem,</span> <span class='ocrx_word' id='word_1_263' title='bbox 1194 1946 1230 1978; x_wconf 90' lang='lat' dir='ltr'>et</span> <span class='ocrx_word' id='word_1_264' title='bbox 1262 1939 1321 1979; x_wconf 91' lang='lat' dir='ltr'>dei</span> <span class='ocrx_word' id='word_1_265' title='bbox 1355 1939 1458 1980; x_wconf 88' lang='lat' dir='ltr'>filius</span> <span class='ocrx_word' id='word_1_266' title='bbox 1490 1941 1528 1980; x_wconf 90' lang='lat' dir='ltr'>in</span> <span class='ocrx_word' id='word_1_267' title='bbox 1561 1942 1698 1981; x_wconf 88' lang='lat' dir='ltr'>eodem</span> 
     </span>
     <span class='ocr_line' id='line_1_27' title="bbox 145 2003 1371 2061; baseline 0.002 -15"><span class='ocrx_word' id='word_1_268' title='bbox 145 2006 309 2047; x_wconf 84' lang='lat' dir='ltr'>existat.</span> <span class='ocrx_word' id='word_1_269' title='bbox 375 2003 557 2047; x_wconf 87' lang='lat' dir='ltr'>Christus</span> <span class='ocrx_word' id='word_1_270' title='bbox 589 2006 690 2046; x_wconf 88' lang='lat' dir='ltr'>enim</span> <span class='ocrx_word' id='word_1_271' title='bbox 725 2007 930 2061; x_wconf 86' lang='lat' dir='ltr'>utrobique</span> <span class='ocrx_word' id='word_1_272' title='bbox 963 2007 1023 2048; x_wconf 91' lang='lat' dir='ltr'>dei</span> <span class='ocrx_word' id='word_1_273' title='bbox 1057 2008 1159 2048; x_wconf 85' lang='lat' dir='ltr'>silius</span> <span class='ocrx_word' id='word_1_274' title='bbox 1191 2015 1371 2049; x_wconf 85' lang='lat' dir='ltr'>vocatur.</span> 
     </span>
    </p>

    <p class='ocr_par' dir='ltr' id='par_1_4' title="bbox 141 2072 1904 3086">
     <span class='ocr_line' id='line_1_28' title="bbox 257 2072 1846 2131; baseline 0 -17"><span class='ocrx_word' id='word_1_275' title='bbox 257 2072 452 2128; x_wconf 85' lang='lat' dir='ltr'>Quidnam</span> <span class='ocrx_word' id='word_1_276' title='bbox 477 2074 596 2128; x_wconf 84' lang='lat' dir='ltr'>igitur</span> <span class='ocrx_word' id='word_1_277' title='bbox 618 2082 678 2115; x_wconf 89' lang='lat' dir='ltr'>est</span> <span class='ocrx_word' id='word_1_278' title='bbox 703 2076 804 2130; x_wconf 91' lang='lat' dir='ltr'>quod</span> <span class='ocrx_word' id='word_1_279' title='bbox 837 2079 954 2128; x_wconf 81' lang='lat' dir='ltr'>ipsum</span> <span class='ocrx_word' id='word_1_280' title='bbox 970 2077 1114 2129; x_wconf 76' lang='lat' dir='ltr'>secisse</span> <span class='ocrx_word' id='word_1_281' title='bbox 1140 2075 1306 2117; x_wconf 84' lang='lat' dir='ltr'>dicitur?</span> <span class='ocrx_word' id='word_1_282' title='bbox 1366 2075 1532 2117; x_wconf 87' lang='lat' dir='ltr'>Discant</span> <span class='ocrx_word' id='word_1_283' title='bbox 1565 2077 1690 2131; x_wconf 86' lang='lat' dir='ltr'>arguti</span> <span class='ocrx_word' id='word_1_284' title='bbox 1767 2083 1846 2125; x_wconf 72' lang='lat' dir='ltr'>Cap.</span> 
     </span>
     <span class='ocr_line' id='line_1_29' title="bbox 144 2129 1904 2198; baseline 0.001 -15"><span class='ocrx_word' id='word_1_285' title='bbox 144 2157 189 2184; x_wconf 89' lang='lat' dir='ltr'>ac</span> <span class='ocrx_word' id='word_1_286' title='bbox 210 2143 447 2183; x_wconf 75' lang='lat' dir='ltr'>contentiosi</span> <span class='ocrx_word' id='word_1_287' title='bbox 473 2143 649 2183; x_wconf 83' lang='lat' dir='ltr'>homines</span> <span class='ocrx_word' id='word_1_288' title='bbox 674 2144 796 2184; x_wconf 79' lang='lat' dir='ltr'>exiis</span> <span class='ocrx_word' id='word_1_289' title='bbox 825 2158 924 2198; x_wconf 88' lang='lat' dir='ltr'>quae</span> <span class='ocrx_word' id='word_1_290' title='bbox 955 2144 1142 2184; x_wconf 84' lang='lat' dir='ltr'>hactenus</span> <span class='ocrx_word' id='word_1_291' title='bbox 1167 2145 1266 2185; x_wconf 83' lang='lat' dir='ltr'>dicta</span> <span class='ocrx_word' id='word_1_292' title='bbox 1302 2153 1393 2185; x_wconf 91' lang='lat' dir='ltr'>sunt</span> <span class='ocrx_word' id='word_1_293' title='bbox 1430 2145 1521 2185; x_wconf 87' lang='lat' dir='ltr'>nihil</span> <span class='ocrx_word' id='word_1_294' title='bbox 1555 2145 1626 2185; x_wconf 74' lang='lat' dir='ltr'>lioc</span> <span class='ocrx_word' id='word_1_295' title='bbox 1658 2145 1696 2185; x_wconf 87' lang='lat' dir='ltr'>in</span> <span class='ocrx_word' id='word_1_296' title='bbox 1725 2129 1904 2162; x_wconf 84' lang='lat' dir='ltr'>XXth.</span> 
     </span>
     <span class='ocr_line' id='line_1_30' title="bbox 143 2211 1697 2267; baseline 0 -15"><span class='ocrx_word' id='word_1_297' title='bbox 143 2212 230 2252; x_wconf 81' lang='lat' dir='ltr'>loco</span> <span class='ocrx_word' id='word_1_298' title='bbox 256 2225 345 2251; x_wconf 88' lang='lat' dir='ltr'>esse</span> <span class='ocrx_word' id='word_1_299' title='bbox 367 2211 466 2265; x_wconf 91' lang='lat' dir='ltr'>quod</span> <span class='ocrx_word' id='word_1_300' title='bbox 492 2212 536 2251; x_wconf 85' lang='lat' dir='ltr'>ad</span> <span class='ocrx_word' id='word_1_301' title='bbox 561 2211 802 2252; x_wconf 87' lang='lat' dir='ltr'>divinitatem</span> <span class='ocrx_word' id='word_1_302' title='bbox 827 2213 1036 2267; x_wconf 86' lang='lat' dir='ltr'>pertineat,</span> <span class='ocrx_word' id='word_1_303' title='bbox 1072 2213 1139 2252; x_wconf 85' lang='lat' dir='ltr'>sed</span> <span class='ocrx_word' id='word_1_304' title='bbox 1163 2213 1207 2252; x_wconf 86' lang='lat' dir='ltr'>ad</span> <span class='ocrx_word' id='word_1_305' title='bbox 1233 2213 1542 2253; x_wconf 81' lang='lat' dir='ltr'>incarnationem</span> <span class='ocrx_word' id='word_1_306' title='bbox 1568 2215 1697 2253; x_wconf 85' lang='lat' dir='ltr'>omnia</span> 
     </span>
     <span class='ocr_line' id='line_1_31' title="bbox 143 2278 1695 2332; baseline 0.001 -12"><span class='ocrx_word' id='word_1_307' title='bbox 143 2280 309 2330; x_wconf 81' lang='lat' dir='ltr'>referri3</span> <span class='ocrx_word' id='word_1_308' title='bbox 355 2278 407 2319; x_wconf 85' lang='lat' dir='ltr'>ita</span> <span class='ocrx_word' id='word_1_309' title='bbox 442 2287 594 2329; x_wconf 89' lang='lat' dir='ltr'>tamen,</span> <span class='ocrx_word' id='word_1_310' title='bbox 641 2287 679 2320; x_wconf 92' lang='lat' dir='ltr'>ut</span> <span class='ocrx_word' id='word_1_311' title='bbox 707 2280 754 2320; x_wconf 92' lang='lat' dir='ltr'>de</span> <span class='ocrx_word' id='word_1_312' title='bbox 780 2280 980 2321; x_wconf 85' lang='lat' dir='ltr'>creatione</span> <span class='ocrx_word' id='word_1_313' title='bbox 1010 2288 1047 2321; x_wconf 89' lang='lat' dir='ltr'>et</span> <span class='ocrx_word' id='word_1_314' title='bbox 1082 2281 1289 2321; x_wconf 80' lang='lat' dir='ltr'>effectione</span> <span class='ocrx_word' id='word_1_315' title='bbox 1319 2282 1420 2322; x_wconf 87' lang='lat' dir='ltr'>nulla</span> <span class='ocrx_word' id='word_1_316' title='bbox 1448 2282 1496 2321; x_wconf 90' lang='lat' dir='ltr'>sit</span> <span class='ocrx_word' id='word_1_317' title='bbox 1534 2281 1695 2332; x_wconf 82' lang='lat' dir='ltr'>mentio,</span> 
     </span>
     <span class='ocr_line' id='line_1_32' title="bbox 143 2348 1698 2404; baseline 0.001 -16"><span class='ocrx_word' id='word_1_318' title='bbox 143 2348 210 2388; x_wconf 87' lang='lat' dir='ltr'>sed</span> <span class='ocrx_word' id='word_1_319' title='bbox 237 2348 283 2387; x_wconf 91' lang='lat' dir='ltr'>de</span> <span class='ocrx_word' id='word_1_320' title='bbox 311 2361 355 2387; x_wconf 88' lang='lat' dir='ltr'>ea</span> <span class='ocrx_word' id='word_1_321' title='bbox 377 2348 565 2401; x_wconf 86' lang='lat' dir='ltr'>dignitate</span> <span class='ocrx_word' id='word_1_322' title='bbox 592 2362 704 2402; x_wconf 89' lang='lat' dir='ltr'>quam</span> <span class='ocrx_word' id='word_1_323' title='bbox 737 2358 919 2404; x_wconf 88' lang='lat' dir='ltr'>suscepta</span> <span class='ocrx_word' id='word_1_324' title='bbox 953 2363 1072 2390; x_wconf 87' lang='lat' dir='ltr'>carne</span> <span class='ocrx_word' id='word_1_325' title='bbox 1107 2357 1343 2390; x_wconf 86' lang='lat' dir='ltr'>consecutus</span> <span class='ocrx_word' id='word_1_326' title='bbox 1380 2356 1441 2389; x_wconf 86' lang='lat' dir='ltr'>est</span> <span class='ocrx_word' id='word_1_327' title='bbox 1475 2363 1545 2390; x_wconf 88' lang='lat' dir='ltr'>eae</span> <span class='ocrx_word' id='word_1_328' title='bbox 1579 2364 1698 2390; x_wconf 82' lang='lat' dir='ltr'>voces</span> 
     </span>
     <span class='ocr_line' id='line_1_33' title="bbox 143 2415 1697 2472; baseline 0.001 -16"><span class='ocrx_word' id='word_1_329' title='bbox 143 2415 394 2470; x_wconf 87' lang='lat' dir='ltr'>accipiendae</span> <span class='ocrx_word' id='word_1_330' title='bbox 422 2416 524 2464; x_wconf 82' lang='lat' dir='ltr'>siut,</span> <span class='ocrx_word' id='word_1_331' title='bbox 559 2419 667 2456; x_wconf 81' lang='lat' dir='ltr'>Fecit</span> <span class='ocrx_word' id='word_1_332' title='bbox 691 2421 823 2469; x_wconf 72' lang='lat' dir='ltr'>ipsum.</span> <span class='ocrx_word' id='word_1_333' title='bbox 890 2417 957 2459; x_wconf 86' lang='lat' dir='ltr'>Sic</span> <span class='ocrx_word' id='word_1_334' title='bbox 990 2418 1092 2458; x_wconf 86' lang='lat' dir='ltr'>enim</span> <span class='ocrx_word' id='word_1_335' title='bbox 1125 2431 1215 2458; x_wconf 87' lang='lat' dir='ltr'>sese</span> <span class='ocrx_word' id='word_1_336' title='bbox 1248 2432 1313 2458; x_wconf 89' lang='lat' dir='ltr'>res</span> <span class='ocrx_word' id='word_1_337' title='bbox 1341 2417 1455 2457; x_wconf 80' lang='lat' dir='ltr'>liabet</span> <span class='ocrx_word' id='word_1_338' title='bbox 1491 2425 1530 2457; x_wconf 87' lang='lat' dir='ltr'>ut</span> <span class='ocrx_word' id='word_1_339' title='bbox 1555 2418 1586 2458; x_wconf 89' lang='lat' dir='ltr'>si</span> <span class='ocrx_word' id='word_1_340' title='bbox 1613 2418 1697 2472; x_wconf 90' lang='lat' dir='ltr'>quis</span> 
     </span>
     <span class='ocr_line' id='line_1_34' title="bbox 142 2483 1696 2540; baseline 0.001 -15"><span class='ocrx_word' id='word_1_341' title='bbox 142 2485 189 2525; x_wconf 94' lang='lat' dir='ltr'>ab</span> <span class='ocrx_word' id='word_1_342' title='bbox 213 2498 306 2538; x_wconf 87' lang='lat' dir='ltr'>rege</span> <span class='ocrx_word' id='word_1_343' title='bbox 330 2484 376 2524; x_wconf 91' lang='lat' dir='ltr'>de</span> <span class='ocrx_word' id='word_1_344' title='bbox 405 2483 486 2523; x_wconf 87' lang='lat' dir='ltr'>silio</span> <span class='ocrx_word' id='word_1_345' title='bbox 513 2498 584 2524; x_wconf 90' lang='lat' dir='ltr'>suo</span> <span class='ocrx_word' id='word_1_346' title='bbox 621 2493 896 2539; x_wconf 86' lang='lat' dir='ltr'>percontetur,</span> <span class='ocrx_word' id='word_1_347' title='bbox 932 2485 1112 2540; x_wconf 84' lang='lat' dir='ltr'>Quanam</span> <span class='ocrx_word' id='word_1_348' title='bbox 1135 2487 1209 2526; x_wconf 89' lang='lat' dir='ltr'>iste</span> <span class='ocrx_word' id='word_1_349' title='bbox 1235 2486 1300 2525; x_wconf 86' lang='lat' dir='ltr'>tibi</span> <span class='ocrx_word' id='word_1_350' title='bbox 1325 2486 1528 2538; x_wconf 87' lang='lat' dir='ltr'>sanguinis</span> <span class='ocrx_word' id='word_1_351' title='bbox 1553 2500 1696 2540; x_wconf 87' lang='lat' dir='ltr'>cogna-</span> 
     </span>
     <span class='ocr_line' id='line_1_35' title="bbox 141 2552 1696 2609; baseline 0.001 -16"><span class='ocrx_word' id='word_1_352' title='bbox 141 2554 248 2594; x_wconf 87' lang='lat' dir='ltr'>tione</span> <span class='ocrx_word' id='word_1_353' title='bbox 283 2553 515 2592; x_wconf 79' lang='lat' dir='ltr'>coniunctus</span> <span class='ocrx_word' id='word_1_354' title='bbox 540 2554 626 2592; x_wconf 83' lang='lat' dir='ltr'>est?</span> <span class='ocrx_word' id='word_1_355' title='bbox 672 2561 749 2594; x_wconf 88' lang='lat' dir='ltr'>tum</span> <span class='ocrx_word' id='word_1_356' title='bbox 776 2554 839 2595; x_wconf 91' lang='lat' dir='ltr'>ille</span> <span class='ocrx_word' id='word_1_357' title='bbox 864 2555 1122 2609; x_wconf 89' lang='lat' dir='ltr'>respondeat,</span> <span class='ocrx_word' id='word_1_358' title='bbox 1157 2552 1280 2594; x_wconf 89' lang='lat' dir='ltr'>Filius</span> <span class='ocrx_word' id='word_1_359' title='bbox 1307 2568 1416 2594; x_wconf 90' lang='lat' dir='ltr'>meus</span> <span class='ocrx_word' id='word_1_360' title='bbox 1442 2561 1524 2594; x_wconf 83' lang='lat' dir='ltr'>est:</span> <span class='ocrx_word' id='word_1_361' title='bbox 1560 2563 1696 2609; x_wconf 83' lang='lat' dir='ltr'>pergat</span> 
     </span>
     <span class='ocr_line' id='line_1_36' title="bbox 142 2621 1694 2677; baseline 0.001 -15"><span class='ocrx_word' id='word_1_362' title='bbox 142 2621 297 2672; x_wconf 87' lang='lat' dir='ltr'>deinde,</span> <span class='ocrx_word' id='word_1_363' title='bbox 332 2628 369 2661; x_wconf 84' lang='lat' dir='ltr'>ct</span> <span class='ocrx_word' id='word_1_364' title='bbox 392 2635 655 2674; x_wconf 83' lang='lat' dir='ltr'>germanusne</span> <span class='ocrx_word' id='word_1_365' title='bbox 681 2622 732 2662; x_wconf 90' lang='lat' dir='ltr'>sit</span> <span class='ocrx_word' id='word_1_366' title='bbox 757 2637 804 2662; x_wconf 89' lang='lat' dir='ltr'>au</span> <span class='ocrx_word' id='word_1_367' title='bbox 827 2623 984 2677; x_wconf 87' lang='lat' dir='ltr'>spurius</span> <span class='ocrx_word' id='word_1_368' title='bbox 1011 2630 1145 2677; x_wconf 83' lang='lat' dir='ltr'>roget,</span> <span class='ocrx_word' id='word_1_369' title='bbox 1182 2636 1253 2662; x_wconf 82' lang='lat' dir='ltr'>rex</span> <span class='ocrx_word' id='word_1_370' title='bbox 1281 2630 1434 2673; x_wconf 86' lang='lat' dir='ltr'>autem,</span> <span class='ocrx_word' id='word_1_371' title='bbox 1471 2621 1694 2664; x_wconf 83' lang='lat' dir='ltr'>Germanus</span> 
     </span>
     <span class='ocr_line' id='line_1_37' title="bbox 142 2689 1697 2744; baseline 0.002 -15"><span class='ocrx_word' id='word_1_372' title='bbox 142 2697 180 2730; x_wconf 88' lang='lat' dir='ltr'>et</span> <span class='ocrx_word' id='word_1_373' title='bbox 204 2704 223 2729; x_wconf 89' lang='lat' dir='ltr'>a</span> <span class='ocrx_word' id='word_1_374' title='bbox 253 2703 312 2729; x_wconf 87' lang='lat' dir='ltr'>me</span> <span class='ocrx_word' id='word_1_375' title='bbox 334 2690 515 2743; x_wconf 89' lang='lat' dir='ltr'>genitus,</span> <span class='ocrx_word' id='word_1_376' title='bbox 550 2689 746 2730; x_wconf 87' lang='lat' dir='ltr'>subiiciat.</span> <span class='ocrx_word' id='word_1_377' title='bbox 812 2689 914 2744; x_wconf 88' lang='lat' dir='ltr'>Quid</span> <span class='ocrx_word' id='word_1_378' title='bbox 940 2691 1057 2744; x_wconf 89' lang='lat' dir='ltr'>igitur</span> <span class='ocrx_word' id='word_1_379' title='bbox 1080 2691 1184 2730; x_wconf 93' lang='lat' dir='ltr'>illum</span> <span class='ocrx_word' id='word_1_380' title='bbox 1214 2690 1364 2729; x_wconf 76' lang='lat' dir='ltr'>fecisti?</span> <span class='ocrx_word' id='word_1_381' title='bbox 1425 2689 1601 2744; x_wconf 80' lang='lat' dir='ltr'>Regem,</span> <span class='ocrx_word' id='word_1_382' title='bbox 1638 2693 1697 2732; x_wconf 91' lang='lat' dir='ltr'>in-</span> 
     </span>
     <span class='ocr_line' id='line_1_38' title="bbox 141 2756 1695 2813; baseline 0.002 -16"><span class='ocrx_word' id='word_1_383' title='bbox 141 2757 244 2812; x_wconf 86' lang='lat' dir='ltr'>quit,</span> <span class='ocrx_word' id='word_1_384' title='bbox 280 2758 370 2797; x_wconf 81' lang='lat' dir='ltr'>feci.</span> <span class='ocrx_word' id='word_1_385' title='bbox 436 2756 500 2798; x_wconf 86' lang='lat' dir='ltr'>Ex</span> <span class='ocrx_word' id='word_1_386' title='bbox 527 2772 602 2812; x_wconf 93' lang='lat' dir='ltr'>quo</span> <span class='ocrx_word' id='word_1_387' title='bbox 628 2758 835 2798; x_wconf 80' lang='lat' dir='ltr'>manifeste</span> <span class='ocrx_word' id='word_1_388' title='bbox 867 2759 1044 2813; x_wconf 88' lang='lat' dir='ltr'>sequitur</span> <span class='ocrx_word' id='word_1_389' title='bbox 1075 2759 1232 2798; x_wconf 89' lang='lat' dir='ltr'>minime</span> <span class='ocrx_word' id='word_1_390' title='bbox 1257 2758 1357 2797; x_wconf 84' lang='lat' dir='ltr'>hunc</span> <span class='ocrx_word' id='word_1_391' title='bbox 1384 2771 1472 2798; x_wconf 86' lang='lat' dir='ltr'>esse</span> <span class='ocrx_word' id='word_1_392' title='bbox 1497 2759 1695 2812; x_wconf 89' lang='lat' dir='ltr'>dignitatis</span> 
     </span>
     <span class='ocr_line' id='line_1_39' title="bbox 141 2824 1692 2880; baseline 0.003 -16"><span class='ocrx_word' id='word_1_393' title='bbox 141 2832 327 2880; x_wconf 84' lang='lat' dir='ltr'>paternae</span> <span class='ocrx_word' id='word_1_394' title='bbox 352 2824 593 2866; x_wconf 89' lang='lat' dir='ltr'>dissimilem.</span> <span class='ocrx_word' id='word_1_395' title='bbox 657 2824 746 2866; x_wconf 87' lang='lat' dir='ltr'>Nec</span> <span class='ocrx_word' id='word_1_396' title='bbox 783 2841 828 2866; x_wconf 87' lang='lat' dir='ltr'>eo</span> <span class='ocrx_word' id='word_1_397' title='bbox 865 2828 964 2880; x_wconf 89' lang='lat' dir='ltr'>quod</span> <span class='ocrx_word' id='word_1_398' title='bbox 1000 2840 1071 2866; x_wconf 86' lang='lat' dir='ltr'>rex</span> <span class='ocrx_word' id='word_1_399' title='bbox 1109 2826 1234 2876; x_wconf 87' lang='lat' dir='ltr'>dicat,</span> <span class='ocrx_word' id='word_1_400' title='bbox 1280 2825 1430 2880; x_wconf 83' lang='lat' dir='ltr'>Regem</span> <span class='ocrx_word' id='word_1_401' title='bbox 1468 2827 1572 2867; x_wconf 90' lang='lat' dir='ltr'>illum</span> <span class='ocrx_word' id='word_1_402' title='bbox 1602 2827 1692 2878; x_wconf 80' lang='lat' dir='ltr'>feci,</span> 
     </span>
     <span class='ocr_line' id='line_1_40' title="bbox 142 2893 1692 2946; baseline 0.003 -14"><span class='ocrx_word' id='word_1_403' title='bbox 142 2893 306 2933; x_wconf 89' lang='lat' dir='ltr'>eundem</span> <span class='ocrx_word' id='word_1_404' title='bbox 331 2908 373 2934; x_wconf 90' lang='lat' dir='ltr'>se</span> <span class='ocrx_word' id='word_1_405' title='bbox 401 2908 560 2935; x_wconf 88' lang='lat' dir='ltr'>creasse</span> <span class='ocrx_word' id='word_1_406' title='bbox 594 2894 821 2934; x_wconf 81' lang='lat' dir='ltr'>confitetur.</span> <span class='ocrx_word' id='word_1_407' title='bbox 884 2893 976 2934; x_wconf 90' lang='lat' dir='ltr'>Non</span> <span class='ocrx_word' id='word_1_408' title='bbox 1013 2894 1115 2934; x_wconf 87' lang='lat' dir='ltr'>enim</span> <span class='ocrx_word' id='word_1_409' title='bbox 1149 2894 1445 2946; x_wconf 81' lang='lat' dir='ltr'>generationem</span> <span class='ocrx_word' id='word_1_410' title='bbox 1480 2895 1692 2945; x_wconf 81' lang='lat' dir='ltr'>inficiatur,</span> 
     </span>
     <span class='ocr_line' id='line_1_41' title="bbox 142 2962 1693 3017; baseline 0.002 -16"><span class='ocrx_word' id='word_1_411' title='bbox 142 2975 227 3001; x_wconf 88' lang='lat' dir='ltr'>cum</span> <span class='ocrx_word' id='word_1_412' title='bbox 255 2975 340 3001; x_wconf 91' lang='lat' dir='ltr'>eum</span> <span class='ocrx_word' id='word_1_413' title='bbox 363 2976 405 3003; x_wconf 88' lang='lat' dir='ltr'>se</span> <span class='ocrx_word' id='word_1_414' title='bbox 425 2962 611 3017; x_wconf 88' lang='lat' dir='ltr'>genuisse</span> <span class='ocrx_word' id='word_1_415' title='bbox 638 2963 741 3002; x_wconf 82' lang='lat' dir='ltr'>dieat</span> <span class='ocrx_word' id='word_1_416' title='bbox 765 2962 836 3002; x_wconf 79' lang='lat' dir='ltr'>lioc</span> <span class='ocrx_word' id='word_1_417' title='bbox 864 2963 946 3016; x_wconf 88' lang='lat' dir='ltr'>ipso</span> <span class='ocrx_word' id='word_1_418' title='bbox 970 2964 1069 3016; x_wconf 87' lang='lat' dir='ltr'>quod</span> <span class='ocrx_word' id='word_1_419' title='bbox 1096 2963 1236 3002; x_wconf 83' lang='lat' dir='ltr'>fecisse</span> <span class='ocrx_word' id='word_1_420' title='bbox 1263 2976 1306 3003; x_wconf 89' lang='lat' dir='ltr'>se</span> <span class='ocrx_word' id='word_1_421' title='bbox 1330 2970 1478 3014; x_wconf 86' lang='lat' dir='ltr'>narrat,</span> <span class='ocrx_word' id='word_1_422' title='bbox 1512 2964 1580 3004; x_wconf 86' lang='lat' dir='ltr'>sed</span> <span class='ocrx_word' id='word_1_423' title='bbox 1607 2979 1693 3004; x_wconf 87' lang='lat' dir='ltr'>cum</span> 
     </span>
     <span class='ocr_line' id='line_1_42' title="bbox 141 3028 1695 3086; baseline 0.003 -18"><span class='ocrx_word' id='word_1_424' title='bbox 141 3028 244 3068; x_wconf 90' lang='lat' dir='ltr'>illam</span> <span class='ocrx_word' id='word_1_425' title='bbox 271 3037 403 3082; x_wconf 87' lang='lat' dir='ltr'>aperte</span> <span class='ocrx_word' id='word_1_426' title='bbox 426 3031 682 3086; x_wconf 78' lang='lat' dir='ltr'>profiteatur,</span> <span class='ocrx_word' id='word_1_427' title='bbox 728 3030 893 3070; x_wconf 87' lang='lat' dir='ltr'>faciendi</span> <span class='ocrx_word' id='word_1_428' title='bbox 921 3030 1171 3072; x_wconf 86' lang='lat' dir='ltr'>nihilominus</span> <span class='ocrx_word' id='word_1_429' title='bbox 1205 3031 1366 3072; x_wconf 83' lang='lat' dir='ltr'>verbum</span> <span class='ocrx_word' id='word_1_430' title='bbox 1393 3032 1438 3072; x_wconf 85' lang='lat' dir='ltr'>ad</span> <span class='ocrx_word' id='word_1_431' title='bbox 1467 3032 1695 3086; x_wconf 84' lang='lat' dir='ltr'>dignitatem</span> 
     </span>
    </p>
   </div>
  </div>
 </body>
</html>
