2066 3319
494 208 674 240 PANARII
699 208 840 241 Llss.11.
865 210 971 242 ΤΟΜ.
995 212 1018 241 1.
1044 211 1174 243 ΙΙΑΕΠ.
1193 212 1313 244 LXIV.
1596 203 1676 242 347

139 303 219 328 nem
232 305 244 326 .-
285 290 388 326 ve'deo
419 295 540 326 autem
564 290 676 327 alima
698 291 813 340 legem
845 299 1112 341 repugnantem
1140 294 1219 342 legi
1239 295 1371 331 mentis
1395 307 1515 338 meae,
1550 301 1587 330 et
1615 306 1676 330 ca—

132 359 336 408 ptivantem
363 370 419 394 me
440 358 520 407 legi
542 361 711 408 peceati,
747 372 841 409 qnae
864 366 920 396 est
945 362 982 397 e'tt
1005 361 1176 398 membris
1200 363 1310 399 meis:
1354 363 1488 412 e'tefeltlzt
1512 375 1580 412 ego
1611 362 1676 399 Ιιο-

137 429 220 464 mo!
258 427 342 476 quis
378 439 434 462 me
466 425 641 463 liberabit
680 428 725 464 de
757 441 913 477 corpore
948 431 1078 465 mot-tis
1111 430 1252 466 leuius?
1313 427 1384 469 Ubi
1421 444 1497 469 non
1536 443 1677 483 corpus

137 499 302 532 mortem
326 505 414 532 esse
437 492 682 546 pronuntiat,
717 495 784 533 sed
814 495 960 548 peceati
986 495 1166 535 videlicet
1193 496 1339 548 legem,
1375 511 1473 550 quae
1498 498 1533 537 in
1559 511 1678 537 mem-

136 560 214 600 bris
241 560 386 600 nostris
412 560 574 610 insidet,
609 575 654 600 ac
683 575 751 615 per
775 563 943 602 mandati
969 563 1320 616 transgressionem
1348 565 1514 605 latebras
1540 567 1575 605 in
1609 581 1676 606 no-

137 628 193 668 bis
216 627 432 678 constituit,
466 643 510 669 ac
535 629 700 683 denique
722 630 767 669 ad
788 630 999 671 iniustitiae
1021 645 1154 671 necem
1179 631 1345 671 animam
1366 640 1534 672 nostram
1558 635 1676 674 variis

133 695 366 751 imaginibus
395 696 589 737 illudendo
624 698 826 752 pertrahit.
890 697 1152 752 Quamobrem
1182 699 1344 739 subinde
1373 700 1408 740 in
1437 702 1570 741 eadem
1599 703 1675 742 (lis-

135 765 333 820 pntatione
365 764 521 805 subiicit
553 765 767 806 cuiusmodi
799 781 842 806 se
874 780 893 805 a
927 773 1050 806 morte
1081 766 1236 806 liberari
1262 775 1444 822 cuperet,
1480 777 1518 809 et
1549 784 1569 810 a
1601 786 1674 824 quo

133 833 356 874 liberandus
391 840 511 874 esset.
577 837 729 881 Grale'a,
778 834 920 888 inquit,
959 837 1024 873 cleo
1053 849 1123 886 pet·
1156 839 1276 874 lesum
1313 839 1514 875 Christum.
1579 836 1674 879 lllud

133 902 236 942 enim
261 902 469 955 diligenter
497 902 643 942 attendi
675 904 802 957 cupio.
867 901 910 943 Si
943 917 1084 957 corpus
1117 902 1218 943 istud
1249 912 1410 944 mortem
1444 912 1484 945 ut
1515 907 1672 960 putatis,

133 986 155 1011 0
179 970 437 1025 Aglaophon,
472 971 728 1025 appellasset,
763 985 958 1024 nunquam
988 971 1091 1012 illum
1121 969 1290 1022 Christi,
1327 980 1507 1027 tanquam
1540 975 1623 1014 eius
1654 990 1672 1014 a

133 1053 208 1093 quo
242 1046 376 1094 postea
408 1039 473 1079 tali
507 1053 559 1079 ex
592 1039 836 1079 incommodo
863 1039 1085 1094 eripiendus
1115 1048 1242 1090 esset,
1284 1042 1520 1082 mentionem
1555 1044 1677 1083 factu-

131 1122 232 1148 rum.
296 1105 399 1160 Quid
437 1107 539 1147 enim
574 1107 835 1148 admirabilius
869 1115 936 1148 aut
962 1108 1125 1163 amplius
1157 1123 1208 1149 ex
1236 1109 1300 1149 illo
1326 1107 1473 1151 Christi
1506 1112 1676 1152 adventu

131 1176 332 1217 consecuti
356 1175 525 1216 fuimus?
586 1173 688 1229 Quid
715 1183 842 1216 autem
869 1177 1069 1231 apostolus
1095 1178 1268 1229 omnino,
1304 1179 1412 1232 quasi
1438 1193 1506 1232 per
1528 1177 1673 1221 Christi

131 1244 391 1300 praesentiam
420 1258 441 1284 a
468 1251 593 1284 morte
617 1244 712 1299 eripi
737 1245 867 1284 divino
891 1244 1081 1285 beneflcio
1105 1253 1258 1300 posset,
1292 1247 1356 1287 illa
1381 1248 1672 1302 pronuntiabat,

130 1328 216 1354 cum
238 1313 432 1362 omnibus,
461 1312 577 1352 etiam
602 1320 808 1367 autequam
827 1311 1009 1354 Christus
1034 1314 1072 1354 in
1098 1314 1197 1354 huuc
1219 1315 1350 1355 orbem
1376 1317 1544 1368 veniret,
1570 1332 1674 1358 mors

129 1383 214 1437 ipsa
238 1380 471 1435 contigerit?
531 1379 634 1421 Nam
661 1382 832 1422 universi
858 1396 879 1422 a
908 1382 1134 1437 corporibus
1162 1383 1329 1437 separati
1362 1384 1398 1424 in
1426 1385 1529 1426 vitae
1563 1387 1673 1427 huius

131 1451 240 1491 exitu
275 1450 561 1500 liberabantur3
606 1463 650 1489 ao
682 1450 861 1490 similiter
889 1464 1046 1501 omnes,
1083 1458 1157 1491 tam
1191 1452 1399 1493 infidelium
1436 1468 1547 1507 quam
1583 1455 1675 1495 fide-

130 1520 247 1570 lium,
285 1525 360 1559 tam
388 1518 620 1558 iniustorum
646 1533 758 1572 quam
791 1519 1004 1568 iustorum,
1039 1520 1190 1561 animae
1220 1528 1417 1575 postremo
1449 1522 1515 1562 illo
1549 1523 1673 1563 obitus

130 1588 190 1628 die
213 1587 411 1628 seiunctae
437 1601 457 1626 a
479 1586 706 1640 corporibus
730 1587 949 1628 evolabant.
1000 1586 1194 1641 Quidnam
1220 1589 1337 1643 igitur
1360 1591 1558 1644 apostolus
1582 1606 1672 1645 prae

130 1656 274 1696 ceteris
300 1656 362 1710 qui
384 1655 610 1696 infidelitate
634 1656 752 1695 vitain
774 1656 1028 1696 traduxerant
1051 1658 1231 1697 studebat
1254 1658 1456 1699 obtinere?
1503 1661 1582 1700 Aut
1604 1675 1673 1700 cur

129 1724 285 1765 exsolvi
315 1724 490 1779 eorporis
522 1724 687 1764 vinculis
722 1724 900 1778 optabat,
935 1725 1034 1779 qnod
1063 1726 1123 1766 vel
1149 1726 1258 1767 initio
1291 1728 1557 1768 necessarium
1590 1737 1672 1769 erat

128 1793 332 1847 aliquando
359 1793 603 1846 contingere,
638 1800 750 1847 prout
776 1793 952 1833 omnibus
977 1794 1098 1834 emori
1122 1794 1372 1835 constitutum
1399 1804 1473 1847 est,
1508 1804 1545 1837 et
1567 1797 1670 1852 ipso-

127 1875 211 1902 rum
234 1862 382 1902 animas
411 1876 431 1902 a
458 1875 662 1916 corporum
687 1861 963 1902 coniunctione
988 1862 1143 1914 divelli,
1179 1863 1211 1904 si
1238 1865 1390 1918 quidem
1424 1879 1563 1920 corpus
1589 1866 1671 1906 ani-

126 1944 212 1971 mae
245 1929 444 1970 interitum
474 1944 562 1970 esse
596 1930 738 1970 vellet?
800 1929 931 1985 ltaque
963 1946 1039 1971 non
1074 1946 1213 1987 corpus
1241 1932 1335 1983 hoc,
1370 1948 1392 1972 o
1417 1934 1667 1989 Aglaophon,

127 2006 290 2040 mortem
315 1999 497 2053 appellat,
532 1999 599 2039 sed
625 2005 841 2052 peccatum,
875 2000 973 2053 quod
999 2014 1067 2054 per
1087 2001 1335 2056 cupiditatem
1359 2002 1396 2041 in
1422 2016 1585 2056 corpore
1609 2018 1671 2044 re-

126 2068 252 2118 sidet,
285 2081 306 2107 a
335 2082 410 2122 quo
438 2067 590 2121 quidem
616 2081 779 2122 corpore
812 2067 906 2108 deus
932 2068 1054 2122 ipsum
1087 2070 1276 2110 adventus
1301 2067 1448 2112 Christi
1480 2071 1670 2112 beneficio

125 2135 288 2177 liberum
317 2137 620 2191 expeditumque
643 2136 823 2176 reddidit.
886 2135 1042 2177 Etenim
1074 2138 1140 2178 lex
1172 2138 1331 2193 spiritus
1356 2140 1459 2180 vitae
1490 2140 1526 2180 in
1553 2138 1666 2181 Chri-

125 2212 185 2246 sto
212 2203 301 2246 lesu
326 2204 506 2245 liberavit
531 2218 601 2244 nos
625 2219 644 2243 a
668 2204 751 2258 tege
777 2206 925 2259 peceati
949 2213 985 2246 et
1008 2207 1169 2257 mortis,
1203 2216 1244 2246 ul
1264 2211 1525 2260 quiea-citavi!
1546 2212 1665 2248 Iesum
1686 2219 1809 2253 Rome,
1830 2220 1872 2247 11.

124 2289 147 2313 ιι
169 2277 340 2322 mortuis,
369 2282 528 2326 propter
550 2274 816 2313 inhabitantem
844 2277 923 2313 eius
947 2278 1119 2327 spiritum
1143 2279 1180 2315 in
1205 2277 1312 2315 nobis
1334 2279 1495 2329 virqfl‘ce!
1515 2286 1550 2316 et
1570 2292 1667 2316 mor—

125 2345 216 2382 talia
255 2357 414 2395 corpora
450 2351 580 2381 nostra
619 2357 700 2381 eum
734 2351 950 2394 peccatum,
993 2348 1093 2396 quod
1126 2348 1221 2384 inest
1255 2349 1292 2384 in
1329 2360 1483 2397 corpore
1518 2354 1660 2394 nostro,

123 2414 336 2451 damnatum
359 2414 410 2451 ad
430 2426 553 2451 aecem
574 2413 724 2465 suerit:
759 2425 832 2464 quo
859 2413 1046 2453 naturalis
1071 2413 1168 2466 legis
1193 2428 1237 2454 ac
1260 2413 1455 2468 praecepti
1481 2414 1665 2455 instilica-

125 2480 199 2531 tio,
233 2494 331 2534 quae
362 2495 433 2521 nos
458 2481 504 2520 ad
530 2481 670 2520 bonum
700 2479 900 2532 trahebat,
935 2496 1047 2535 quam
1071 2481 1278 2522 imbecillia
1302 2490 1407 2522 esset
1440 2491 1661 2537 appareret,

123 2562 220 2603 quae
245 2562 361 2588 carne
384 2555 472 2589 aute
492 2546 638 2589 Christi
659 2549 866 2590 adventum
890 2549 960 2589 sub
981 2551 1127 2605 peceati
1152 2557 1381 2606 potestatem
1406 2551 1562 2591 redacta
1587 2559 1663 2592 ter-

122 2617 228 2658 renis
251 2617 354 2658 euris
381 2625 465 2658 erat
490 2632 693 2672 oppressa.
757 2616 868 2658 lnsiti
894 2618 996 2658 enim
1023 2634 1043 2659 a
1070 2627 1207 2660 natura
1232 2620 1320 2659 boni
1346 2619 1446 2670 vim,
1481 2621 1580 2674 quod
1607 2621 1663 2660 iu-

122 2686 277 2740 genitae
301 2686 530 2741 corporibus
558 2686 756 2741 cupiditati
782 2687 1063 2739 succubuerat,
1100 2687 1344 2728 confirmavit
1373 2688 1662 2730 corroboravit-

120 2859 197 2888 recte
229 2858 401 2889 vindicavit
432 2860 606 2891 Galakerus
629 2860 648 2890 l.
671 2861 691 2891 l.
725 2870 757 2899 p.
781 2858 869 2898 808„
916 2865 1052 2903 pet-rato
1083 2865 1252 2901 superata,
1290 2865 1367 2890 ante.
1391 2859 1511 2892 Christi
1535 2861 1663 2892 adven—

121 2903 164 2933 sic
177 2906 312 2935 vertens:
339 2904 564 2947 „Utiuslegis
585 2905 753 2943 naturalis,
779 2904 867 2949 quod
915 2913 1004 2943 tum,
1041 2916 1111 2936 cnm
1149 2905 1231 2935 curis
1262 2906 1402 2937 terrenis
1427 2906 1664 2939 immisceretur

123 2946 210 2978 iuxta
233 2956 445 2992 praeceptum
469 2950 510 2981 ad
538 2951 658 2982 bonum
681 2962 740 2982 nos
760 2959 862 2983 attra-
915 2958 946 2982 et
972 2962 1043 2981 cnm
1066 2949 1110 2980 eis
1132 2950 1377 2992 quodammodo
1401 2953 1636 2984 coalesceret:-

122 2991 171 3022 hit
190 2993 432 3033 redamensum,
455 2995 524 3027 sive
543 2996 782 3033 resuscitatum,
804 3010 867 3040 ap-
958 2996 988 3029 6.
1017 2997 1112 3035 l'ulqo
1138 2995 1404 3039 ἐπεχωννυμένον.
1441 2997 1659 3042 ἐπιχωννυμό

122 3044 254 3080 pareat,
281 3040 370 3083 quod
393 3040 555 3074 infirmum
582 3043 700 3081 suerat,
728 3055 825 3075 carne
848 3053 866 3073 a
912 3054 966 3075 νου
990 3044 1100 3074 coniec.
1124 3043 1278 3075 vetat-ius.
