2066 3319
472 205 652 238 PANAau
678 204 760 235 Lm.
781 204 822 235 11.
846 203 955 235 Toxi.
975 203 999 234 1.
1023 201 1154 234 ΗΑΕΡ..
1174 200 1294 233 LXtv.
1578 187 1658 228 287

121 301 232 328 suum
264 286 354 326 illud
387 285 433 325 de
467 285 635 324 tollenda
669 283 959 323 resurrectione
991 283 1129 334 dogma
1165 280 1369 334 procedat,
1411 277 1472 332 qui
1505 277 1590 317 ideo
1622 283 1660 316 et

122 369 210 395 ossa
233 355 419 409 quaedam
448 352 699 405 intelligibilia
726 358 764 391 et
791 364 930 390 carnes
954 350 1133 390 similiter
1162 347 1424 401 intelligibiles
1454 345 1657 385 commenti

121 430 232 473 sunt,
267 437 311 463 ac
342 422 422 462 suis
458 420 654 474 allegoriis
685 419 781 459 alias
818 419 932 458 aliter
967 432 1119 458 sursum
1155 417 1413 469 deorsumque
1450 427 1538 454 sese
1570 428 1659 453 con-

121 498 292 532 vertunt.
355 489 476 544 Atqui
502 488 596 529 haec
621 488 779 543 perinde
809 501 851 527 ac
877 487 1019 541 scripta
1044 492 1133 525 sunt
1156 483 1380 537 accipienda
1405 496 1492 523 esse
1517 480 1659 522 Christi

122 560 324 599 confirmat
346 557 573 607 auctoritas,
609 556 672 596 ubi
699 555 1028 609 interrogantibus
1051 552 1276 593 pharisaeis
1305 552 1348 591 dc
1373 551 1508 591 uxoris
1535 551 1660 590 divor-

123 628 175 668 tio
213 628 446 682 respondet,
490 627 553 665 Ab
585 628 692 664 z'm'le’o
729 628 797 676 qzte'
825 626 969 662 creavit
1005 623 1206 660 masculum
1240 628 1275 658 et
1305 622 1479 671 seminam
1500 622 1598 672 [ει-[Ἰ
1627 624 1864 660 &Moab-wd-

121 699 240 743 davit,
274 698 434 748 Propter·
464 696 532 733 lzoc
563 696 751 745 relinquet
783 695 888 731 homo
917 698 1064 743 patrem
1096 696 1132 727 el
1163 696 1336 735 inatrem,
1372 696 1442 726 ele.
1509 688 1659 741 Alioqui

123 764 314 818 quomodo
337 765 382 803 de
404 762 542 803 animis
567 762 660 801 solis
687 761 848 813 intelligi
875 760 974 799 istud
1002 764 1150 813 potest:
1187 760 1352 795 Crescite
1372 765 1408 794 e!
1427 759 1565 808 replele
1587 766 1659 796 ter·
1678 762 1788 796 Gen.1‚
1803 762 1846 788 28-

121 847 201 872 ram
216 837 234 871 ?
278 830 375 872 ltem
404 831 518 871 illud:
551 834 715 882 Accepit
735 832 824 868 deas
846 831 891 867 cle
914 831 1000 867 limo
1027 834 1165 872 tet-rae,
1201 833 1240 863 ec
1250 827 1437 878 formavit
1457 828 1662 864 hominem?
1681 831 1755 859 Gen.
1770 833 1795 859 2.
1814 832 1838 858 ‘1-

124 898 238 954 Quod
262 901 308 940 de
335 914 499 954 corpore
526 899 680 954 proprie
704 898 845 938 dictum
872 895 1040 936 videtur.
1104 892 1245 947 Neque
1271 894 1370 933 enim
1403 895 1449 933 de
1479 893 1568 933 limo
1599 894 1661 933 de-

123 983 196 1023 que
217 968 463 1023 gravioribus
486 968 561 1008 illis
586 967 856 1019 concretisque
882 964 998 1004 rebus
1020 977 1128 1003 suain
1153 961 1279 1002 anima
1303 969 1477 1002 naturam
1504 976 1664 1015 expres-

124 1038 189 1078 sit.
252 1036 317 1077 Ex
346 1052 419 1091 quo
454 1036 671 1076 certissime
703 1034 793 1075 illud
830 1033 1016 1082 eflicitur,
1060 1039 1150 1072 ante
1186 1031 1368 1086 pelliceas
1398 1031 1483 1071 illas
1517 1031 1663 1070 tunicas

125 1120 289 1161 corpore
312 1106 525 1161 praeditum
551 1105 744 1144 hominem
772 1103 907 1142 fuisse.
972 1100 1080 1141 Haec
1104 1100 1204 1140 enim
1231 1100 1358 1139 omnia
1385 1107 1475 1140 ante
1502 1099 1664 1139 hominis

123 1174 271 1229 lapsum
297 1174 543 1229 pronuntiata
570 1187 658 1213 esse
689 1178 864 1221 constat,
900 1177 1030 1210 cetera
1054 1183 1149 1209 vero
1176 1177 1213 1209 te
1237 1168 1377 1208 tunicis
1404 1168 1556 1208 nonnisi
1582 1174 1664 1222 post

125 1243 288 1298 lapsum.
353 1240 618 1295 Quamobrem
641 1239 927 1281 consideranda
952 1238 1063 1278 nobis
1096 1252 1211 1292 porro
1236 1246 1327 1277 sunt
1350 1251 1448 1291 quae
1477 1237 1515 1276 in
1549 1236 1665 1276 mani·

125 1311 196 1352 bus
231 1311 437 1361 habemus,
480 1325 564 1350 eum
601 1310 691 1350 illud
730 1308 882 1349 abunde
914 1307 1337 1357 demonstraverimus,
1378 1312 1554 1346 scorteas
1585 1304 1666 1345 illas

128 1380 277 1421 tunicas
301 1393 465 1434 corpora
490 1393 567 1419 non
595 1378 729 1429 fuisse,
764 1377 831 1417 sed
855 1377 959 1416 illam
983 1390 1003 1415 a
1024 1375 1178 1416 ratione
1196 1375 1303 1416 velut
1323 1374 1542 1414 animalium
1566 1387 1667 1414 mor-

127 1456 204 1489 tem
229 1455 318 1488 tunc
341 1447 525 1502 temporis
550 1448 782 1501 perfectam,
818 1445 889 1485 hoc
913 1445 1014 1484 enim
1038 1445 1188 1484 demum
1213 1450 1408 1499 superest.
1472 1440 1667 1495 Quocirca

128 1524 240 1557 extra
266 1514 444 1556 Paradisi
469 1516 654 1556 terminos
682 1515 728 1555 ob
753 1528 836 1554 eam
872 1527 1050 1553 caussam
1081 1512 1249 1553 eiicitur.
1310 1510 1403 1552 Nou
1435 1513 1538 1550 enim
1569 1511 1666 1564 quod

130 1599 181 1626 ex
205 1585 345 1626 arbore
368 1585 472 1625 vitae
506 1598 618 1639 poma
646 1584 858 1637 decerpere
887 1596 932 1622 ac
959 1582 1165 1622 comedere.
1199 1580 1319 1621 nollet
1350 1580 1542 1620 hominem
1575 1580 1667 1619 deus

128 1654 215 1694 ideo
238 1653 472 1703 deturbavit,
507 1659 658 1708 poterat
679 1652 818 1706 quippe
845 1651 883 1690 iu
906 1650 1184 1705 sempiternum
1206 1650 1365 1699 vivere,
1401 1664 1485 1688 cnm
1508 1649 1667 1689 subinde

129 1735 179 1762 ex
209 1722 316 1762 vitali
348 1722 413 1762 illa
446 1721 588 1762 arbore
626 1720 884 1761 comedisset:
927 1720 994 1759 sed
1031 1733 1078 1759 ne
1115 1719 1356 1769 immortale,
1397 1718 1450 1758 uti
1483 1718 1666 1767 diximus,

128 1790 269 1831 malum
303 1797 430 1840 esset,
475 1789 546 1830 sibi
575 1789 788 1830 cavendum
818 1788 982 1844 putavit.
1044 1787 1203 1841 Alioqui
1228 1788 1316 1841 quid
1345 1786 1533 1827 attinebat
1557 1784 1670 1827 Chri-

128 1866 229 1899 stum
254 1859 292 1898 iu
316 1866 442 1899 terras
470 1872 490 1898 e
517 1858 627 1898 coelo
660 1857 837 1908 mittere,
873 1857 904 1897 si
937 1855 1094 1897 omuino
1127 1856 1231 1897 nulla
1253 1856 1358 1897 vitae
1384 1861 1493 1910 parte
1519 1861 1670 1909 gustata

129 1927 323 1968 hominem
356 1929 510 1982 penitus
541 1927 662 1967 vellet
693 1926 898 1980 extingui?
959 1923 1073 1978 Quod
1105 1925 1136 1965 si
1170 1925 1354 1965 nonnulla
1385 1923 1510 1965 veluti
1540 1923 1671 1977 poeni-

130 1997 250 2038 tentia
286 1997 438 2037 ductum
470 1995 571 2036 istud
605 1995 734 2049 egisse
767 1995 878 2034 deum
914 1994 1164 2035 adversarius
1191 1993 1371 2044 obiiciat,
1406 1992 1597 2032 imbecilla
1627 2006 1672 2033 ea

130 2066 230 2106 ratio
263 2073 346 2115 est,
391 2078 489 2119 quae
525 2064 675 2104 consilii
709 2063 747 2103 in
783 2064 894 2103 deum
929 2062 1181 2103 mutationem
1207 2061 1371 2102 invehit.
1437 2060 1515 2102 Sed
1548 2075 1671 2115 neque

130 2134 289 2188 ignarus
317 2133 433 2173 futuri
458 2134 553 2173 deus
576 2139 658 2183 est,
691 2146 763 2172 nec
786 2132 948 2172 effector
971 2131 1083 2182 mali,
1118 2131 1184 2172 sed
1209 2138 1247 2171 et
1272 2131 1396 2172 bouus
1418 2130 1591 2185 inprimis
1613 2137 1672 2170 est

132 2210 171 2243 et
194 2204 409 2243 futurorum
437 2202 652 2256 praescius.
717 2199 850 2255 Quare
875 2215 951 2241 non
974 2201 1062 2240 ideo
1089 2200 1254 2240 eiecisse
1280 2200 1471 2254 putandus
1494 2206 1568 2248 est,
1604 2212 1667 2248 ne,

132 2271 164 2313 si
190 2285 241 2312 ex
273 2271 426 2312 arboris
451 2271 554 2311 vitae
582 2271 706 2310 fructu
738 2270 982 2320 comederet,
1015 2270 1054 2309 in
1081 2276 1281 2309 aeternum
1307 2268 1523 2309 servandus
1556 2268 1668 2318 foret,

132 2341 201 2381 sed
227 2347 268 2380 ut
290 2346 490 2395 peccatum
515 2339 675 2394 primum
701 2339 868 2379 omnium
894 2345 1018 2378 morte
1040 2338 1313 2393 perimeretur,
1346 2344 1460 2390 atque
1485 2336 1552 2387 ita,
1587 2351 1671 2376 cum

133 2415 240 2450 esset
263 2415 438 2449 mortuus
453 2440 463 2459 ,
496 2408 604 2448 velut
627 2414 853 2462 consumpto
880 2407 1128 2461 eliquatoque
1149 2413 1309 2462 peccato
1331 2405 1525 2446 excitatus
1548 2405 1593 2445 ad
1615 2405 1672 2446 vi-

135 2484 211 2518 tam
244 2477 358 2517 homo
390 2490 435 2517 ac
467 2476 599 2531 purior
630 2477 752 2517 sactus
783 2476 861 2516 vita
892 2483 1138 2517 vesceretur.
1720 2504 1796 2548 Cap.

245 2544 335 2586 Nec
356 2553 417 2586 est
437 2546 535 2600 quod
559 2545 720 2586 stolidus
740 2544 924 2600 quispiam
949 2552 1096 2585 temere
1118 2544 1263 2584 iactare
1284 2543 1423 2583 audeat
1444 2542 1556 2583 aliter
1574 2542 1667 2584 haec
1703 2551 1834 2582 XXXI.

134 2628 223 2655 esse
260 2613 522 2669 pronuntiata.
591 2612 694 2654 Nam
725 2613 788 2668 qui
825 2627 981 2654 carnem
1022 2613 1118 2653 hanc
1152 2611 1429 2653 immortalitati
1462 2612 1670 2667 capiendae
1688 2596 1849 2640 (XXW')

135 2684 311 2725 idoneam
337 2697 424 2724 esse
453 2683 605 2738 penitus
630 2689 767 2737 negat,
802 2682 861 2723 hic
887 2683 1071 2723 vesaniae
1099 2681 1233 2721 morbo
1259 2680 1441 2720 laborans
1471 2688 1670 2721 contume-

94 2803 98 2807 .
136 2752 244 2793 liosis
266 2753 303 2792 in
327 2752 440 2792 deum
467 2751 628 2792 vocibus
656 2750 789 2791 utitur.
853 2749 936 2792 Cur
957 2752 1083 2801 enim,
1120 2757 1368 2804 posteaquam
1398 2748 1582 2802 pelliceae
1615 2757 1673 2790 tu-

138 2821 248 2861 nicae
273 2827 460 2861 consutae
483 2827 596 2871 sunt,
632 2819 805 2861 Adamus
829 2820 982 2860 eiiritur
1004 2833 1049 2860 ac
1069 2818 1171 2859 vitae
1199 2817 1376 2857 arborem
1399 2817 1590 2872 attingere
1615 2818 1673 2858 vi-

140 2902 308 2944 vereque
340 2888 588 2944 prohibetur,
631 2888 662 2929 si
694 2889 777 2928 fieri
809 2889 967 2929 omnino
1000 2902 1076 2927 non
1110 2892 1237 2941 potest
1263 2892 1304 2926 ut
1327 2886 1365 2926 in
1395 2885 1672 2941 sempiternum

184 2990 216 3024 7.
239 2990 392 3034 ἐποίησεν
416 2987 558 3034 αὐτοὺς,
584 2991 642 3026 καὶ
667 2994 812 3026 Ganand.
931 3039 954 3069 G
973 2993 1004 3067 τι.
1032 2991 1129 3067 ῑένὸα
1162 2987 1220 3022 καὶ
1249 2986 1310 3032 τὴν
1333 2987 1463 3033 μητέρα
1492 3000 1553 3023 non
1586 2991 1673 3022 habet

958 3048 976 3068 ss
1004 3046 1044 3067 an
1071 3060 1077 3067 -
