2066 3319
457 197 639 229 PANARH
665 197 748 228 [ΑΒ.
765 197 807 228 11.
832 197 1000 229 TOM.1[.
1027 196 1316 229 HAER.LXV11.
1591 188 1672 226 557

126 286 253 330 esset,
286 285 330 319 ut
351 291 395 318 ea
421 276 466 317 de
493 282 653 331 pectore
676 290 747 316 suo
773 276 879 316 velut
902 284 1175 332 expromeret,
1209 291 1255 317 ae
1277 274 1556 316 commentaria
1578 273 1675 314 scri-

124 347 282 403 psisset,
318 345 434 386 multa
458 344 504 384 de
530 358 601 384 suo
624 344 805 398 dogmata
826 345 1037 385 vanissime
1061 345 1244 400 aspersit,
1277 358 1322 384 ac
1347 342 1525 398 quicquid
1548 342 1673 382 visum

125 423 186 456 est
214 429 284 470 pro
316 413 474 454 libidine
505 427 576 452 sua
609 413 825 467 proposuit.

236 481 369 536 Negat
394 481 426 520 is
451 480 610 521 omnino
637 494 846 535 resurgere
870 495 1051 532 earnem,
1096 481 1211 534 idque
1242 480 1396 520 animae
1424 479 1495 518 soli
1524 478 1672 527 tribuit,

124 550 364 606 proindeque
386 549 600 603 spiritalem
635 562 723 588 esse
748 549 1078 589 resurrectionem
1113 549 1270 588 asserit.
1335 546 1546 587 Sacrarnm
1580 560 1675 587 vero

124 619 324 659 literarum
362 617 583 658 testimonia
622 617 834 671 colligens,
880 624 918 657 et
951 617 996 656 ad
1035 616 1251 656 institutum
1288 629 1398 656 suum
1434 630 1477 655 ac
1509 623 1675 655 mentem

125 686 446 736 accommodans,
483 684 762 725 absurdissima
796 685 984 738 quaedam
1015 685 1234 738 dogmatum
1263 690 1481 723 commenta
1507 683 1677 723 cumula-

122 755 203 805 vit,
237 762 277 794 et
307 754 353 794 ad
385 753 566 793 haeresin
591 767 698 793 snam
733 752 1005 793 stabiliendam
1039 766 1155 807 prava
1192 751 1380 805 quaedam
1417 751 1673 804 excogitavit.

124 820 310 863 Ceterum
341 822 444 862 vitae
479 822 543 861 ille
577 821 754 861 instituto
782 834 824 860 ae
851 833 996 873 genere
1025 821 1138 874 plane
1166 819 1404 859 admirabilis
1433 819 1525 869 fuit,
1560 826 1598 858 et
1630 820 1674 859 ad

123 890 351 931 alliciendos
386 890 537 929 animos
572 888 747 943 inprimis
792 889 944 928 efficax.
1010 885 1144 940 Quare
1177 887 1351 942 plerique
1383 901 1434 927 ex
1469 886 1676 941 Aegyptiis

124 958 327 999 monachis
360 958 398 997 in
428 957 529 997 iltius
565 970 723 996 errores
752 955 906 996 adducti
934 962 1039 996 sunt.
1101 953 1204 995 Nan]
1230 955 1328 1008 quod
1362 956 1406 994 ad
1436 962 1676 994 mortuorum

124 1025 457 1067 resurrectionem
486 1025 648 1074 attinet,
683 1024 784 1078 quod
809 1023 939 1064 carnis
966 1023 1298 1064 resurrectionem
1327 1023 1537 1073 inficiatur,
1570 1023 1605 1062 id
1632 1022 1677 1062 ab

124 1092 301 1148 Origene
325 1099 521 1134 mutuatus
547 1092 723 1143 videtur,
759 1092 832 1133 nisi
864 1092 900 1132 id
934 1106 985 1132 ex
1009 1105 1099 1132 sese
1128 1090 1351 1131 evomuisse
1383 1089 1568 1130 dicendus
1601 1097 1675 1131 est.

122 1161 229 1203 Idem
256 1162 410 1217 nuptias
434 1161 636 1216 repudiat,
671 1174 766 1214 quas
788 1160 935 1201 veteris
958 1159 1180 1200 testamenti
1208 1159 1385 1214 proprias
1411 1158 1531 1199 fuisse
1547 1159 1675 1199 docet.

123 1229 276 1286 Quippe
300 1230 566 1280 Abraamum,
608 1227 785 1269 Isaacum
820 1236 858 1269 et
891 1226 1100 1279 Iacobum,
1132 1225 1340 1282 Moysem,
1375 1227 1600 1278 Aaronem,
1635 1241 1678 1266 ac

120 1305 280 1340 sanctos
304 1312 463 1349 omnes,
496 1298 603 1338 velut
628 1296 768 1338 lsaiam
793 1304 833 1337 et
857 1295 1063 1338 leremiam
1090 1295 1239 1350 pariter
1263 1295 1514 1335 asciscendos
1540 1295 1678 1335 existi—

122 1373 226 1417 mat,
261 1374 300 1407 et
321 1366 530 1421 prophetas
553 1366 781 1416 arbitratur,
809 1365 1041 1420 nuptiasque
1067 1364 1106 1404 in
1136 1363 1262 1404 veteri
1289 1371 1524 1404 testamento
1550 1363 1677 1404 licitas

124 1435 270 1486 fuisse,
305 1435 373 1475 sed
410 1441 497 1489 post
522 1434 730 1474 adventum
755 1431 903 1473 Christi
940 1433 1096 1473 easdem
1129 1431 1386 1482 reiicienda53
1429 1439 1563 1486 utpote
1594 1431 1677 1486 qui-

122 1503 283 1545 buscum
310 1503 483 1544 eoeleste
505 1516 667 1556 regnum
692 1501 861 1542 obtineri
890 1508 1071 1555 nequeat.
1135 1499 1237 1554 Quid
1262 1500 1380 1551 enim,
1415 1500 1554 1554 inquit,
1588 1514 1677 1540 ver-

122 1571 212 1613 bum
236 1571 328 1612 novi
355 1578 392 1611 ut
421 1572 567 1611 faceret
590 1569 774 1610 advenit?
805 1569 893 1623 quid
922 1570 1077 1623 iuquam
1103 1568 1194 1609 novi
1218 1569 1459 1623 praedicare,
1488 1576 1552 1609 aut
1575 1569 1674 1622 quod

123 1639 322 1695 egregium
361 1639 510 1679 facinus
545 1638 671 1678 moliri
706 1637 854 1678 voluit?
915 1635 959 1677 Si
988 1638 1047 1677 dei
1082 1636 1262 1677 timorem
1289 1637 1460 1687 dixeris,
1495 1637 1568 1677 hoc
1600 1638 1674 1677 iam

122 1708 190 1749 lex
212 1708 296 1763 ipsa
318 1707 565 1748 continebat:
610 1706 641 1747 si
667 1706 842 1761 nuptias,
877 1705 990 1745 etiam
1019 1705 1055 1745 in
1080 1705 1204 1746 sacris
1230 1705 1354 1745 literis
1375 1705 1674 1759 praedicantur:

122 1777 154 1818 si
186 1776 371 1818 invidiam
405 1775 609 1815 avaritiam
641 1774 870 1815 iniustitiam
901 1774 1107 1814 damnasse
1142 1774 1274 1824 dicas,
1317 1773 1414 1813 haec
1447 1773 1577 1814 onmia
1608 1788 1677 1814 ve·-

121 1852 206 1886 tere
233 1850 467 1885 testamento
500 1842 782 1898 comprehensa
813 1849 918 1882 sunt.
983 1840 1176 1897 Superest
1198 1856 1291 1895 ergo
1321 1841 1357 1881 id
1383 1848 1423 1882 ut
1456 1857 1574 1883 unum
1601 1843 1679 1882 effi-

123 1927 213 1954 cere
248 1912 417 1954 voluerit
457 1919 498 1951 ut
531 1911 811 1951 continentiam
849 1910 1094 1965 praedicaret
1129 1910 1168 1950 in
1207 1910 1373 1961 mundo,
1423 1924 1469 1950 ac
1500 1910 1573 1951 sibi
1606 1910 1678 1965 ipsi

123 1980 391 2022 castimoniam
425 1980 636 2034 deligeret3
668 1979 752 2019 sine
785 1993 858 2033 qua
891 1978 1059 2019 obtineri
1090 1978 1169 2019 vita
1203 1993 1279 2018 non
1313 1978 1451 2034 possit.

235 2049 298 2090 Ad
321 2048 357 2089 id
381 2062 477 2089 vero
505 2049 644 2102 dogma
676 2047 1004 2102 comprobandum
1028 2047 1296 2101 undecumque
1328 2054 1558 2101 argumenta
1588 2061 1674 2087 cor·
1703 2051 1781 2093 Cap-
1808 2053 1847 2083 Η.

122 2124 259 2172 rogat,
293 2117 402 2158 velut
436 2117 541 2157 illum
576 2116 725 2156 locutu:
772 2117 1117 2168 Sanetgfieatc'onem
1152 2124 1333 2163 vestram,
1368 2119 1448 2155 sine
1471 2129 1543 2167 qna
1568 2129 1879 2163 nemoflct›r.1·.²‚1⁴.

123 2187 263 2226 videbit
293 2189 413 2225 deum.
480 2182 594 2237 Quod
619 2184 650 2224 si
688 2183 853 2238 apostoli
891 2184 1032 2224 dictum
1066 2184 1156 2224 ittud
1193 2183 1377 2235 obiicias,
1424 2186 1777 2225 Ilotzoramlaencbr.
1794 2198 1834 2231 13,
1855 2199 1879 2225 ⁴.

123 2263 215 2294 sunt
244 2258 417 2306 mtplz'ae,
453 2261 491 2292 et
513 2261 618 2292 torus
651 2255 933 2291 lmnmenlalecs:
967 2254 1230 2306 sorm‘eatores
1264 2261 1385 2292 (tutem
1419 2259 1456 2290 el
1483 2254 1676 2290 adulteros

125 2324 307 2362 indicabit
328 2325 441 2370 deus,
477 2321 533 2361 sic
560 2320 623 2361 itte
649 2321 883 2375 respondet:
929 2320 1048 2375 Atqui
1084 2321 1198 2376 paulo
1227 2327 1315 2375 post
1348 2320 1448 2360 idem
1473 2320 1674 2374 apostolus

125 2391 239 2441 dicit,
281 2394 446 2441 Jmmpla
469 2391 634 2428 sollicita
669 2396 725 2427 est
744 2392 788 2427 de
809 2391 868 2427 leis
891 2403 985 2441 quae
1008 2392 1071 2428 dez·
1089 2397 1178 2428 sunl
1191 2420 1201 2437 ,
1236 2391 1416 2441 quomodo
1431 2390 1583 2440 placeat
1612 2391 1677 2427 (lo—
1691 2397 1878 2431 1.C0r.7‚3{.

123 2462 237 2506 mino,
266 2467 303 2497 el
324 2461 454 2509 virgo:
487 2465 604 2509 nupta
627 2472 711 2496 vero
736 2459 900 2496 sollicita
924 2465 981 2496 est
1005 2461 1184 2509 quomodo
1200 2460 1351 2509 placeat
1372 2459 1465 2502 viro,
1498 2463 1536 2495 et
1556 2459 1674 2495 detnsa

123 2535 192 2566 esc.
256 2524 370 2567 Unde
394 2525 425 2565 si
452 2525 593 2566 divisio
621 2524 747 2575 inest,
781 2525 973 2579 quomodo
1003 2525 1249 2566 intercedere
1275 2524 1494 2564 communio
1521 2526 1675 2579 potest?

124 2595 186 2636 Ac
217 2594 250 2635 si
276 2594 349 2634 deo
376 2608 456 2650 non
478 2593 652 2648 placeat,
697 2593 764 2633 sed
797 2593 908 2644 viro,
950 2600 1130 2648 potestne
1155 2593 1410 2633 hereditatem
1434 2606 1453 2631 a
1479 2593 1551 2632 deo
1582 2606 1676 2633 eon-

125 2661 264 2716 sequi?
310 2659 409 2702 Cum
434 2667 562 2701 autem
587 2660 643 2701 sic
670 2660 868 2701 hortatur:
902 2664 1062 2712 I'ropler
1076 2663 1356 2714 sormbatebnes
1379 2668 1524 2708 aulem,
1560 2675 1675 2700 mms-
1695 2669 1831 2704 reum,
1853 2671 1877 2698 2.

125 2733 281 2782 quisque
309 2745 414 2768 suam.
448 2744 602 2767 umorem
629 2730 782 2776 habeat,
829 2743 906 2769 non
932 2729 1142 2769 laudandas
1168 2736 1254 2783 post
1279 2729 1485 2769 adventum
1512 2728 1673 2780 domini,

126 2798 194 2838 sed
221 2798 443 2838 tolerandas
468 2796 622 2851 nuptias
645 2804 773 2851 putat,
809 2810 857 2837 ne
886 2797 1010 2836 maius
1038 2797 1075 2836 in
1098 2796 1260 2836 exitium
1285 2795 1517 2850 praecipites
1542 2803 1671 2837 ruant.

126 2869 226 2904 Sunt
245 2869 338 2905 enlm
362 2868 543 2912 emmeles,
579 2868 647 2916 qm·
665 2868 806 2916 seipsos
829 2872 1092 2903 maravorum
1106 2872 1265 2916 propter
1286 2879 1443 2915 regnum
1465 2867 1665 2904 coelorum.
1695 2851 1810 2920 ῗᾷῗῗὲ]

199 2966 275 2999 CAP.
301 2968 340 2999 Π.
366 2985 409 2991 -
459 2966 486 2999 1.
510 2963 610 3008 ἡμῶν
634 2967 682 2999 ed.
708 2968 816 3000 Pelav.

194 3011 225 3044 2.
250 3014 393 3046 Fortasse
421 3009 600 3050 xoereuhi);.
