2066 3319
170 1985 237 2014 pag.
255 1977 313 2005 534.

154 2450 243 2494 Κεφ.
265 2447 318 2483 ια’.

333 191 412 229 244
895 194 1055 227 ΞΑΝΟΤῘ
1082 195 1309 227 ΕΡΙΡΗΑΝΙΙ

332 272 621 327 πεφλυάρηται,
659 270 766 323 ὅμως
798 269 866 323 τὴν
902 272 1043 325 ἔλεγξιν
1077 271 1363 326 παραθήσομαι
1390 269 1459 323 ἀφ’
1484 266 1538 312 ὧν
1566 273 1605 313 ἐν
1634 275 1686 327 τῷ
1717 269 1858 328 πρώτῳ

341 344 488 396 Ψαλμῷ
514 337 724 393 ἐξηγήσατο
747 338 846 379 κατά
867 343 944 379 τῶν
967 337 1036 391 τήν
1059 337 1266 381 ἀνάστασιν
1288 343 1357 392 τῆς
1384 341 1545 392 βεβαίας
1571 341 1723 387 ἐλπίδος
1748 336 1860 391 ἡμῶν

333 405 657 448 πεπιστευκότων.

444 475 525 516 Καὶ
553 475 654 515 ἔστιν
679 471 732 522 ὥς
753 474 870 528 λέγει,
902 472 980 514 Δια
1002 478 1117 515 τοῦτο
1144 472 1216 515 οὐκ
1239 473 1514 528 ἀναστήσονται
1541 473 1691 526 ἀσεβεῖς
1712 474 1752 515 ἐν
1779 474 1858 527 κρί·

331 557 397 584 σει.
441 540 555 593 Εἶτα,
581 539 633 589 ὥς
656 543 750 589 ἔθος
772 541 874 582 ἐστὶν
896 539 1001 597 αὐτῷ
1023 539 1101 582 ἀπὸ
1122 546 1198 582 τῶν
1219 540 1410 583 ἐκδόσεων
1431 542 1650 594 φαντάζειν,
1679 539 1858 593 Ὁμοίως,

332 611 442 663 φησὶ,
477 612 710 659 Θεοδοτίων,
741 607 919 658 Ἀκύλας,
950 607 1175 662 Σύμμαχος.
1227 607 1328 650 Εἶτα
1349 611 1523 665 ἐπιφέρει
1543 608 1641 651 κατά
1661 612 1738 649 τῶν
1762 609 1861 648 υἱῶν

330 683 399 731 τῆς
430 676 616 730 ἀληθείας
647 679 903 725 σκωπτωδῶς.

442 744 669 796 Ἐντεῦθεν,
701 746 841 797 φησὶν,
875 746 915 786 οἷ
935 742 1188 800 άπλούστεροι
1211 749 1289 786 τῶν
1309 744 1619 787 πεπιστευκότων
1640 741 1858 798 ὁρμώμενοι

332 817 530 867 νομίζουσι
563 812 656 862 τούς
681 811 830 866 ἀσεβεῖς
859 817 928 865 τῆς
955 810 1202 861 ἀναστάσεως
1227 811 1279 865 μή
1312 814 1524 862 τεύξασθαι
1554 814 1620 854 καὶ
1650 816 1719 865 τῆς
1747 813 1860 859 θείας

331 885 491 936 κρίσεως
515 879 567 934 μὴ
590 884 889 931 καταξιοῦσπθαι,
919 883 955 922 τί
978 885 1158 929 νοοῦντες
1180 879 1249 933 τὴν
1271 879 1478 922 ἀνάστασιν
1502 881 1569 921 καὶ
1591 877 1773 932 ποταπὴν
1789 876 1860 931 τὴν

330 953 455 1005 κρίσιν
480 948 761 1002 φανταζόμενοι
782 947 830 990 οὗ
855 947 959 990 πάνυ
981 951 1264 1001 σαφηνίζοντες.
1325 947 1413 989 Κάν
1435 948 1577 997 δόξωσι
1601 949 1690 1001 περὶ
1712 945 1860 988 τούτων

333 1016 651 1070 ἀποφαίνεσθαι,
682 1015 709 1070 ἦ
737 1016 908 1070 βάσανος
936 1014 1078 1064 αὕτούς
1109 1017 1306 1071 διελέγξει,
1337 1015 1379 1057 τό
1412 1017 1497 1069 ἑξῆς
1527 1014 1757 1063 ἀκολούθως
1787 1012 1861 1055 σώ-

332 1091 405 1136 ζειν
431 1084 478 1127 οὗ
506 1086 766 1138 δυναμένους,
806 1083 859 1138 μή
887 1083 1172 1138 κεκρατηκότας
1199 1083 1267 1125 τόν
1297 1085 1385 1138 περὶ
1412 1082 1655 1132 ἀναστάσεως
1684 1083 1751 1124 καὶ
1779 1084 1859 1135 κρί-

331 1168 428 1202 σεως
449 1152 605 1208 τρόπον.
662 1151 753 1193 Ἐάν
778 1148 850 1193 οὖν
873 1151 1175 1205 πυνθανώμεθα
1204 1155 1307 1200 τίνος
1335 1150 1542 1200 ἀνάστασις
1567 1154 1731 1206 γίνεται,
1764 1147 1859 1191 ἀπο-

331 1225 540 1276 κρίνονται,
572 1221 706 1273 φησὶν,
739 1220 799 1261 ὅτι
819 1225 895 1261 τῶν
918 1219 1108 1273 σωμάτων
1130 1214 1185 1260 ὧν
1206 1222 1460 1274 περικείμεθα
1480 1224 1562 1260 νῦν.
1622 1216 1723 1259 Εἶτα
1743 1234 1859 1272 προς-

333 1287 657 1344 επερωτησάντων
683 1285 792 1340 ἡμῶν
818 1287 981 1342 πότερον
1011 1292 1079 1340 τῆς
1107 1285 1242 1334 οὐσίας
1271 1286 1362 1340 ὅλης
1395 1285 1543 1337 αὐτῶν,
1575 1285 1601 1340 ἢ
1632 1284 1736 1339 οὐχὶ,
1768 1286 1860 1340 πρὶν

332 1360 540 1410 βασανίσαι
563 1356 740 1410 λέγουσιν
771 1354 830 1396 ὅτι
854 1359 922 1407 τῆς
949 1354 1051 1407 ὅλης.
1109 1352 1200 1395 Ἐάν
1223 1355 1264 1395 δὲ
1289 1353 1647 1409 προςαπορήσωμεν
1677 1368 1860 1408 συμπερι-

333 1423 540 1479 φερόμενοι
572 1428 618 1480 τῇ
651 1421 894 1476 ἀκεραιότητι
921 1420 1073 1473 αὐτῶν,
1114 1423 1180 1462 καὶ
1215 1420 1330 1463 οὐδὲν
1360 1423 1449 1476 περὶ
1473 1426 1542 1463 τοῦ
1573 1420 1733 1476 ῥευστὴν
1763 1418 1862 1462 εἶναι

333 1490 402 1545 τήν
425 1490 562 1533 οὐσίαν
587 1489 840 1540 ἐξετάζοντες,
874 1491 908 1530 εἰ
928 1488 1252 1542 συναναστήσεταε
1274 1488 1319 1530 τὰ
1343 1487 1636 1544 ἀπορρεύσαντα
1659 1490 1699 1530 ἐν
1721 1490 1859 1541 φλεβο-

332 1561 484 1612 τομίαις
506 1561 649 1611 αἵματα
673 1559 740 1599 καὶ
763 1560 804 1599 αἱ
833 1559 1047 1599 ἐκτακεῖσαι
1072 1559 1111 1599 ἐν
1135 1556 1266 1605 νόσοις
1296 1555 1455 1611 σάρκες,
1493 1558 1559 1598 καὶ
1588 1559 1710 1612 τρίχες
1738 1561 1860 1598 πᾶσαι

333 1629 374 1668 αἱ
395 1626 553 1668 πώποτε
573 1624 797 1682 γενόμεναι,
827 1624 854 1678 ἢ
879 1624 995 1678 μόναι
1017 1627 1059 1666 αἱ
1084 1623 1183 1680 πρὸς
1206 1630 1253 1682 τῇ
1276 1624 1397 1681 ἐξόδῳ
1421 1624 1673 1678 θλιβόμεναι,
1704 1621 1768 1665 ότὲ
1793 1624 1861 1677 μὲν

332 1693 621 1750 προςκόπτουσι
654 1694 720 1734 καὶ
749 1698 795 1750 τῇ
826 1694 1008 1751 γινομένῃ
1041 1692 1228 1744 ἐξετάσει,
1259 1691 1428 1745 οἰόμενοι
1456 1695 1536 1733 δεῖν
1561 1693 1779 1748 ἐπιτρέπειν
1806 1696 1860 1749 τῷ

330 1767 413 1819 θεῷ
436 1761 457 1804 ὃ
486 1761 667 1816 βούλεται
689 1763 777 1815 περὶ
799 1760 948 1803 τούτων
972 1767 1123 1811 ποιεῖν,
1155 1758 1217 1802 ὁτὲ
1249 1761 1289 1802 δὲ
1314 1763 1520 1808 δοκοῦντες
1543 1762 1862 1815 συγκαταβαίνειν

331 1829 400 1878 τοὶς
421 1831 484 1871 ἐπὶ
505 1831 601 1871 τέλει
622 1828 765 1882 ταύτης
789 1834 857 1882 τῆς
881 1833 980 1882 ζωῆς
1005 1832 1132 1883 τρίχας
1154 1829 1274 1881 φασὶν
1298 1826 1392 1881 ἡμῖν
1415 1827 1793 1881 συναναστήσεσθαι,
1825 1828 1865 1868 οἷ

333 1898 373 1939 δὲ
404 1897 662 1953 γενναιότεροι
693 1895 848 1947 αὐτῶν,
886 1899 951 1938 ἵνα
983 1895 1034 1949 μή
1066 1895 1351 1952 ἀναγκάζωνται
1382 1895 1428 1936 τά
1456 1897 1599 1948 αἵματα
1632 1901 1862 1950 συναγαγεῖν

334 1970 387 2023 τῷ
408 1964 532 2022 λόγῳ,
561 1964 608 2004 τά
633 1963 816 2012 πολλάκις
841 1963 1106 2019 ἀποκριθέντα
1133 1969 1211 2005 τῶν
1233 1963 1423 2017 σωμάτων
1452 1961 1585 2016 ἡμῶν,
1616 1965 1682 2005 καὶ
1707 1962 1777 2012 τάς
1799 1980 1862 2017 με·

333 2031 596 2087 ταβαλλούσας
619 2031 766 2087 σάρκας
792 2034 831 2073 ἐν
855 2031 984 2081 νόσοις
1013 2034 1066 2080 εἷς
1089 2034 1254 2087 ἱδρῶτας
1283 2030 1309 2084 ἢ
1333 2033 1420 2073 οἵαν
1452 2030 1594 2087 δήποτε
1617 2031 1733 2085 ῦλην,
1765 2033 1861 2084 φασὶ

333 2099 379 2141 τά
410 2102 475 2142 ἐπὶ
504 2101 599 2141 τέλει
627 2098 737 2153 ’ἡμῶν
767 2098 998 2142 ἀνίστασθαι
1029 2099 1199 2153 σώματα.

454 2439 584 2481 Ταῦτά
609 2441 686 2482 ἐστι
714 2438 761 2480 τά
786 2443 855 2480 τοῦ
881 2439 1164 2493 προειρημένου
1192 2438 1435 2491 ε’θελοσόφου
1462 2437 1729 2493 ἐπαπορητικά
1759 2436 1860 2495 πρὸς

333 2507 403 2561 τὴν
435 2506 623 2561 ἀλήθειαν
648 2509 825 2556 λεξείδια·
867 2505 891 2546 ἃ
917 2504 1135 2561 ἀναγκαίως
1164 2507 1392 2562 παρεθέμην
1424 2508 1477 2554 εἰς
1509 2505 1748 2561 παράστασιν
1775 2512 1859 2555 τοῖς

335 2576 586 2629 βουλομένοις
610 2576 752 2616 εἰδέναι
781 2572 860 2615 τόν
879 2572 1005 2615 πάντα
1029 2578 1123 2616 νοῦν
1146 2572 1274 2616 αὐτῶν
1295 2580 1363 2627 τῆς
1386 2574 1475 2629 περὶ
1498 2571 1740 2622 ἀναστάσεως
1769 2571 1857 2615 ἀπι-

336 2646 452 2692 στίας.
513 2644 591 2684 Καὶ
627 2641 700 2698 γάρ
733 2643 800 2683 καὶ
830 2639 922 2682 ἄλλα
952 2643 1024 2695 ἔχει
1055 2640 1141 2694 μεθ’
1169 2643 1277 2697 ἕτερα
1309 2640 1450 2692 πολλοὶ,
1490 2643 1531 2683 ἐν
1560 2640 1680 2698 ταύτῃ
1710 2645 1757 2699 τῇ
1787 2646 1856 2683 τοῦ

343 2716 509 2764 Ψαλμοῦ
541 2709 771 2767 ἀκολουθία.
834 2708 981 2751 Φάσκει
1013 2708 1107 2764 γάρ,
1150 2708 1228 2751 Διά
1259 2714 1372 2751 τοῦτο
1402 2707 1474 2751 οῦκ
1509 2707 1790 2761 ἀναστήσονται
1819 2710 1861 2750 οἷ

336 2777 486 2832 ἀσεβεῖς
512 2780 552 2821 ἐν
580 2782 711 2834 κρίσει.
768 2775 970 2819 Ἐντεῦθεν
1003 2776 1044 2818 δὲ
1067 2775 1364 2830 ἐπιλαμβάνεται
1386 2776 1452 2817 καὶ
1475 2776 1651 2817 ἐπέκεινα
1680 2780 1757 2816 τῶν
1785 2774 1856 2829 τήν

335 2845 489 2900 ἀσφαλῆ
513 2845 721 2888 ἀνάστασιν
746 2843 955 2901 ὁριζόντων
975 2845 1042 2886 καὶ
1063 2842 1133 2897 τὴν
1156 2847 1318 2898 βεβαίαν
1344 2845 1478 2886 ἐλπίδα
1504 2847 1574 2896 τῆς
1602 2846 1680 2883 τῶν
1708 2846 1856 2897 νεκρῶν

336 2912 578 2963 ἀναστάσεως
607 2913 888 2965 πιστευόντων,
921 2910 972 2962 ὥς
1003 2910 1191 2968 ἀκεραίων
1216 2910 1359 2964 ὅντων,
1390 2910 1509 2954 πολλοὶ
1541 2909 1722 2967 μοχθηροὶ
1752 2912 1854 2953 ἐπει-
