2066 3319
485 166 663 199 PANARn
689 166 772 199 Lm.
790 167 827 199 n.
854 166 961 198 τοΜ.
984 168 1021 199 n.
1046 166 1175 198 nana.
1197 166 1315 198 vai.
1587 154 1666 193 507

132 248 232 291 terio
255 248 356 289 laus.
411 245 608 303 Siquidem
636 247 753 287 arbor
777 247 840 287 illa
863 248 1007 302 peccati
1037 261 1058 287 a
1081 247 1251 286 bonitate
1281 244 1472 301 proficisci
1497 257 1573 285 non
1601 257 1668 298 po-

133 324 223 358 test.
286 315 372 357 Hoc
397 323 479 367 est,
520 317 651 356 Arbor
671 319 769 355 mala
796 318 908 356 bonos
927 318 1078 369 fructus
1099 330 1170 354 non
1194 317 1320 368 saell,
1355 329 1470 367 neque
1499 315 1591 353 bona
1621 327 1668 352 ea·

131 387 267 426 arbore
288 387 380 425 mali
404 387 556 438 fructus
578 388 766 424 oriantur.
834 383 1011 439 Exempli
1039 385 1162 438 gratia
1189 384 1305 423 arbor
1326 383 1389 423 illa
1416 382 1538 431 bona,
1573 394 1668 435 quae

132 454 254 495 malos
293 455 438 494 l'ructus
477 454 594 493 edere
634 468 709 493 non
754 460 902 508 potest,
948 454 985 492 lit
1026 452 1193 506 benigna
1231 451 1422 506 hospitum
1466 450 1663 505 exceptio.

134 521 326 578 Quicquid
359 522 459 562 enim
491 522 536 562 ab
562 536 606 562 ea
636 521 925 577 proficiscatur,
961 523 1019 562 vis
1043 521 1126 561 eius
1151 520 1197 560 ab
1221 520 1464 575 improbitate
1491 533 1565 559 non
1592 518 1670 558 ori-

134 598 210 632 tur.
274 589 463 632 Similiter
487 591 762 646 eleemosyna,
797 591 1026 631 castimonia
1057 603 1153 644 quae
1188 595 1345 644 propter
1370 588 1480 627 deum
1513 587 1667 636 colitur,

133 659 371 701 continentia
402 666 560 714 propter
591 660 808 710 dominum,
843 660 988 700 iustitia
1018 659 1115 713 legis
1146 657 1270 711 gratia
1301 663 1495 710 suscepta.

204 819 207 822 ⁴
247 795 509 851 Quamobrem
536 797 670 838 ambae
703 797 789 838 illae
814 796 974 836 arbores
1000 797 1045 836 de
1073 795 1217 836 iustitia
1249 802 1287 834 et
1320 801 1478 849 peceato
1510 793 1671 847 intelligi
1721 794 1797 837 cap

135 868 334 908 commode
367 874 543 922 possunt.
608 866 662 907 At
696 866 881 906 barbarus
913 864 977 905 ille
1002 862 1257 905 Manichaeus
1290 877 1490 918 perperam
1524 865 1569 903 de
1602 864 1673 903 deo
1699 839 1821 873 Ltht.

133 950 178 977 ae
200 935 352 976 diabolo
375 943 538 976 conatur
561 935 754 990 accipere.
818 932 965 974 Verum
992 933 1184 974 neminem
1213 946 1261 972 eo
1286 932 1468 973 audaciae
1494 933 1672 988 progredi

135 1018 250 1060 posse
275 1004 517 1059 perspicuum
542 1011 601 1043 est
624 1011 664 1044 ut
688 1010 752 1044 aut
773 1004 883 1043 deum
909 1010 1062 1044 asserat
1080 1002 1218 1042 malum
1244 1001 1449 1056 aliquando
1468 1003 1671 1052 facturum,

135 1080 200 1115 aut
225 1073 417 1114 diabolum
444 1073 602 1113 bonum.
653 1070 837 1126 Qninimo
869 1072 968 1112 bona
1008 1071 1135 1112 omnia
1168 1071 1261 1111 deus
1283 1070 1412 1121 efficit,
1448 1083 1572 1125 neque
1596 1085 1676 1110 ma-

135 1144 211 1184 lum
237 1143 438 1197 quicquam
472 1142 518 1182 ab
543 1156 589 1182 eo
614 1142 840 1197 productum
867 1148 949 1191 est,
983 1148 1046 1182 aut
1073 1154 1168 1181 vero
1195 1139 1434 1195 producitur.
1497 1137 1610 1193 Quod
1643 1138 1673 1178 si

136 1212 311 1253 diabolus
339 1211 522 1252 nonnulla
550 1211 646 1251 mala
671 1210 843 1262 molitur,
878 1210 1057 1250 nimirum
1080 1209 1151 1249 bac
1175 1208 1277 1249 illins
1299 1222 1417 1263 opera
1440 1208 1584 1248 sanctis
1609 1208 1675 1248 ho-

137 1280 304 1321 minibus
343 1294 487 1321 corona
527 1280 717 1331 nectitur,
763 1294 807 1321 ae
840 1279 1052 1334 praemium
1084 1278 1296 1319 victoribus
1330 1277 1525 1318 tribuitur.
1588 1275 1676 1317 Sic-

137 1363 210 1404 que
243 1356 320 1389 tota
352 1349 456 1390 illius
487 1349 586 1389 ratio
618 1348 779 1389 corruit.
841 1347 947 1388 Mala
988 1347 1088 1388 enim
1130 1346 1246 1386 arbor
1285 1353 1323 1386 et
1353 1346 1454 1386 bona
1487 1346 1532 1386 de
1564 1345 1676 1386 bonis

137 1432 182 1459 ac
214 1418 324 1458 malis
356 1418 537 1472 operibus
569 1418 836 1471 explicantur,
884 1431 954 1457 nee
987 1417 1032 1457 ad
1064 1423 1178 1457 vetus
1218 1428 1436 1470 novumque
1469 1421 1678 1455 testamen-

137 1493 216 1527 tum
248 1487 465 1541 pertinent,
502 1495 540 1528 ut
574 1487 669 1527 salso
700 1484 958 1527 Manichacus
991 1485 1205 1526 existimat.

252 1623 330 1666 Sed
363 1625 481 1666 inst-u,
514 1625 614 1665 idem
649 1625 735 1675 ille,
781 1632 815 1665 et
851 1631 892 1665 ut
921 1638 1030 1665 suum
1060 1624 1104 1663 de
1131 1622 1279 1664 dnobus
1311 1622 1508 1677 principiis
1540 1622 1676 1675 dogma
1713 1623 1791 1666 Cap

141 1694 333 1744 stabili-n,
368 1694 574 1735 nonnullas
600 1708 620 1733 e
642 1694 843 1749 scr-ipunis
872 1707 990 1734 voees
1023 1707 1091 1748 pro
1116 1706 1183 1732 sua
1216 1691 1371 1732 libidine
1395 1698 1545 1745 capta,t
1581 1703 1678 1744 quae
1704 1670 1824 1702 LXW

141 1771 232 1804 sunt
265 1764 471 1805 eiusmodi.
542 1761 722 1814 ludaeis,
768 1762 911 1817 inquit,
955 1762 1130 1802 dominus
1165 1761 1288 1811 dixit,
1333 1763 1404 1799 Vos
1423 1762 1511 1812 filie·
1541 1761 1882 1806 clc'czbolz'loann.e‚4t.

140 1836 252 1873 estis.-
287 1836 350 1873 ille
376 1836 558 1873 homicida
574 1834 677 1887 snit,
713 1835 883 1885 quonlam
901 1839 1011 1883 pater
1037 1833 1117 1869 eius
1139 1833 1298 1869 mendam
1321 1837 1416 1868 erat.
1482 1826 1604 1869 Cuius
1628 1842 1681 1869 ex

141 1903 346 1943 occasione
381 1902 452 1943 loei
488 1902 600 1941 homo
634 1900 914 1941 contumeliose
942 1900 979 1940 in
1007 1901 1118 1939 deum
1154 1899 1305 1953 garrire
1336 1913 1411 1938 non
1439 1897 1605 1947 dubitat,
1642 1904 1680 1937 et

139 1971 238 2012 coeli
274 1979 478 2026 terraeque
515 1970 755 2011 conditorem
792 1976 939 2024 patrem
973 1983 1061 2009 esse
1100 1968 1238 2008 diaboli
1272 1967 1426 2017 dicere,
1469 1980 1554 2006 eum
1588 1965 1681 2006 nihil

142 2040 329 2083 eiusmodi
357 2041 464 2081 loeus
490 2040 553 2080 ille
582 2039 803 2088 contineat3
839 2038 980 2078 etenim
1006 2037 1038 2078 si
1062 2036 1202 2077 diaboli
1226 2036 1289 2076 filii
1315 2035 1477 2076 habendi
1499 2035 1553 2075 illi
1572 2042 1677 2084 sunt,

142 2110 276 2151 salsum
302 2118 363 2150 est
391 2110 489 2165 quod
520 2109 594 2149 alio
627 2108 712 2148 loco
736 2107 922 2158 defendit,
956 2121 1001 2147 ac
1023 2106 1094 2147 sibi
1116 2105 1200 2162 ipse
1225 2105 1448 2160 imprudens
1473 2110 1677 2158 repugnat.

143 2178 330 2234 Sequitur
363 2178 464 2219 enim
496 2184 693 2233 separatas
725 2176 929 2232 deinceps,
978 2183 1015 2216 et
1054 2190 1073 2216 a
1107 2175 1259 2215 diabolo
1292 2175 1496 2229 productas
1526 2172 1680 2212 illorum

142 2249 291 2290 animas
325 2248 469 2299 fuisse,
504 2247 735 2301 minimeque
760 2246 806 2286 ab
832 2245 991 2286 coelesti
1017 2244 1161 2286 virtute
1186 2245 1402 2300 profectas,
1438 2248 1479 2281 ut
1503 2241 1604 2281 illius
1629 2241 1681 2280 sa-

143 2318 228 2358 bula
257 2317 454 2359 narrabat.
497 2313 604 2356 'Nec
638 2315 711 2355 iam
749 2328 837 2369 pars
862 2314 936 2354 erit
970 2314 1043 2354 nlla
1067 2313 1187 2363 lucis,
1222 2320 1287 2353 aut
1313 2311 1415 2352 illius
1441 2316 1678 2358 armaturae,

142 2393 208 2427 aut
241 2386 444 2427 columnae
472 2385 650 2434 luminis,
696 2390 762 2424 aut
792 2384 926 2424 matris
952 2382 1073 2423 vitae.
1138 2381 1219 2422 lmo
1252 2395 1346 2421 vero
1380 2380 1412 2420 si
1445 2377 1585 2419 diaboli
1618 2378 1680 2418 filii

143 2462 254 2506 sunt,
290 2455 536 2495 Abrallamus
561 2454 674 2493 etiam
704 2453 855 2493 illorum
881 2459 1011 2507 pater,
1046 2466 1067 2492 a
1092 2465 1166 2506 quo
1194 2448 1322 2490 ludaei
1348 2446 1548 2504 propagati
1573 2453 1677 2494 sunt,

143 2524 280 2565 diaboli
314 2523 413 2564 lilius
452 2522 549 2574 erit,
595 2536 644 2562 ex
680 2522 742 2562 illa
771 2519 992 2562 Manichaei
1030 2519 1240 2561 sententia.
1305 2516 1417 2571 Quod
1453 2517 1483 2556 si
1519 2517 1570 2557 ita
1602 2522 1677 2566 est,

144 2607 308 2649 quanam
333 2592 483 2633 ratione
509 2592 680 2634 salvator
706 2590 789 2645 ipse
816 2590 873 2630 his
898 2590 984 2630 illos
1008 2589 1138 2629 verbis
1161 2588 1350 2643 appellat:
1399 2589 1469 2625 Vos
1489 2601 1560 2625 non
1592 2587 1680 2625 escis
1696 2590 1887 2624 loann.e,4o.

143 2733 253 2763 habent
269 2730 364 2785 φαῦῗ)
369 2734 457 2764 σῖαι.
507 2732 551 2762 ΙΙα
574 2739 669 2769 supra
692 2731 773 2761 haer.
789 2727 842 2767 50,
857 2726 886 2759 4.
935 2726 1070 2770 ἐμαυτῷ
1107 2726 1154 2768 (in
1182 2726 1248 2757 cod.
1285 2726 1343 2756 len.
1375 2733 1488 2755 rasura
1518 2726 1683 2764 conspicua

143 2778 222 2808 dixit
247 2775 300 2810 Τὰ
324 2775 410 2840 (ὰο
410 2776 491 2814 etc?
495 2785 664 2816 εοωσυνην
685 2773 889 2816 παραδοζῑέν-
935 2778 991 2815 est)
1018 2764 1105 2804 codd
1132 2781 1203 2802 mss
1229 2774 1254 2802 et
1279 2771 1325 2802 ed.
1347 2772 1446 2810 princ.

143 2833 185 2855 τα
217 2820 273 2856 διὰ
306 2833 341 2855 το
372 2819 579 2875 ἐξοχώτατοι
613 2820 676 2862 τῆς
705 2819 890 2862 ἱερουργίας
981 2819 1009 2849 ἱ.»
1038 2815 1054 2850 ὁ
1078 2828 1192 2857 σωτηο
1215 2814 1269 2849 έὶε
1272 2827 1333 2857 (κ’.
1337 2815 1418 2853 ικῶς
1441 2817 1683 2848 επιεηάαυίιΡε-

147 2867 194 2905 εἰς
215 2864 297 2901 τάντ
301 2879 339 2900 αἱ
364 2866 456 2910 ενόμ.
461 2878 519 2900 σαι
543 2867 625 2903 ἴσως
649 2877 690 2908 φῖ
685 2865 730 2908 ’ρε
734 2867 821 2899 oba.
937 2866 1058 2902 tacius,
1092 2865 1208 2902 parlim
1237 2865 1402 2901 praeeunte
1427 2863 1598 2901 Ceruario,
1632 2864 1684 2901 qui

189 2915 219 2943 4.
244 2912 323 2946 ἑαυτ
326 2915 352 2945 ῶ
384 2923 421 2945 ex
455 2915 532 2944 libro
557 2922 612 2943 ms.
650 2914 718 2952 (qui
750 2914 789 2943 M.
813 2913 890 2951 si9lo
937 2912 1152 2948 interpretatus
1174 2911 1215 2939 est.
1249 2907 1423 2946 Quomodo
1443 2906 1543 2950 igitur
1566 2906 1683 2938 Salsa—

145 2960 266 2990 notatus
287 2961 344 3000 est)
367 2960 528 2990 annotavit
552 2960 582 2989 in
604 2967 703 2998 mary.
719 2960 767 2989 sui
789 2967 891 2988 exem·
938 2962 991 2985 tor
1016 2965 1168 2995 expresse
1197 2951 1277 2984 dicit
1303 2952 1345 2984 ad
1369 2952 1456 2995 ipsos
1486 2956 1550 2984 cett.
1598 2954 1683 2984 Libri

144 3004 189 3043 pti
221 3005 270 3035 Fr.
290 3005 448 3044 Schottus,
483 3005 562 3036 unde
594 3005 706 3043 recepit
733 3004 890 3036 Petavius.
937 3002 1028 3040 vulgo
1053 3001 1162 3032 habent
1188 2996 1205 3033 ὁ
1228 2997 1338 3042 πατὴρ
1365 2999 1535 3035 λεκτικῶς.
