2030 3324
470 177 650 209 PANARn
678 176 759 208 Lm.
780 177 820 208 n.
843 178 952 210 ToM.
976 178 1015 210 n.
1041 178 1172 210 HAER.
1194 178 1320 209 inx.
1589 169 1664 208 621

120 271 166 297 ac
189 256 399 310 singularis
425 263 485 296 est
505 256 566 296 illa
591 256 711 309 patris
741 256 928 310 sapientia
953 271 996 296 ae
1022 257 1240 298 subsistens
1263 258 1321 297 dei
1346 257 1522 298 verbum.
1586 255 1670 297 Ne-

120 338 193 378 que
217 337 311 364 vero
336 323 401 363 illo
428 323 642 378 sapientiae
665 324 854 365 vocabulo
882 327 1146 379 constringor,
1178 333 1215 365 ut
1237 326 1281 365 ad
1305 326 1363 365 dei
1388 325 1503 365 lilium
1529 326 1667 365 rel'erri

119 399 247 446 putem
277 399 475 446 oportere.
539 389 631 431 Non
653 392 753 432 enim
779 393 812 432 id
841 400 906 433 aut
933 408 954 432 a
980 392 1193 434 Salomone
1217 394 1498 447 significatum,
1533 401 1596 433 aut
1622 394 1668 433 ab

121 459 299 515 apostolo
327 459 456 514 aliquo
476 459 738 510 declaratum,
773 468 836 500 aut
864 461 898 500 in
928 461 1136 514 evangelio
1161 468 1220 500 est
1246 475 1492 515 expressum.
1556 461 1668 515 Quod

120 527 152 568 si
180 528 238 567 dei
264 527 340 567 filio
365 535 572 582 utcumque
600 528 866 583 accipiendum
891 528 1067 578 videtur,
1104 543 1178 568 non
1207 536 1267 568 est
1294 535 1420 569 tamen
1447 530 1580 569 eadem
1603 545 1671 570 vo-

120 595 244 635 cabuli
265 596 346 646 vis,
382 610 508 650 neque
535 610 587 636 ex
611 586 773 651 simplici
809 597 1016 636 verborum
1044 610 1141 636 sono
1173 597 1219 635 de
1242 610 1288 635 eo
1313 597 1556 637 iudicandum
1592 605 1665 638 est.

118 661 221 704 Nam
248 678 333 703 cum
358 671 461 704 totus
484 664 545 704 ille
569 664 667 704 liber
691 678 741 704 ex
769 664 988 719 proverbiis
1009 671 1220 704 contextus
1244 665 1308 714 sit,
1339 664 1516 719 quiequid
1542 673 1669 706 autem

119 745 189 786 per
209 732 458 786 proverbium
485 733 670 783 ell'ertur,
706 733 806 772 alind
831 731 961 772 verbis
986 745 1077 786 prae
1101 746 1142 771 se
1170 733 1285 782 serat,
1321 733 1422 772 aliud
1446 747 1563 774 sensu
1587 734 1670 789 ipso

118 812 188 854 per
211 799 436 854 allegoriam
462 800 679 855 significet,
716 801 745 841 si
780 800 895 840 l'uerit
920 800 999 850 illa,
1035 814 1145 854 quam
1171 799 1234 840 isti
1262 809 1411 855 putant,
1447 800 1671 842 Salomonis

119 880 254 919 mens,
288 874 328 908 et
356 868 400 908 ad
429 869 487 909 dei
518 870 633 909 lilium
673 869 823 908 referre
859 868 1034 908 nonnulli
1061 868 1252 918 audeant,
1300 869 1461 923 primum
1497 871 1542 910 de
1574 870 1671 910 divi-

119 936 242 976 nitate
275 935 395 991 ipsius
428 937 647 991 intelligere
687 936 846 976 omnino
878 938 988 977 nel'as
1015 943 1090 976 est.
1157 935 1308 976 Deinde
1343 938 1373 976 si
1402 939 1500 977 l'orte
1533 939 1578 978 ad
1610 952 1672 979 as-

119 1011 309 1059 sumptam
338 1005 384 1045 ab
413 1019 460 1045 eo
489 1005 655 1045 bominis
683 1011 861 1044 naturam
902 1004 1116 1045 convenire
1145 1005 1287 1060 poterit.
1319 1006 1667 1060 (quandoquidem,

119 1075 313 1124 Sapientia
334 1077 414 1125 ipsa
437 1075 670 1112 se'bz'clomum
693 1076 913 1125 e.1'lt'!!.1·1'l),·
949 1073 1047 1127 quod
1077 1072 1107 1112 si
1134 1073 1184 1112 ita
1208 1081 1290 1123 est,
1325 1074 1370 1113 ab
1399 1074 1565 1115 humana
1599 1090 1666 1115 na—
1688 1089 1815 1122 Prona,
1837 1090 1857 1116 1.

120 1147 204 1180 tura
240 1140 380 1181 dictum
405 1141 623 1182 existimari
658 1141 766 1181 salva
801 1140 943 1195 pietate
979 1148 1128 1195 potest,
1163 1155 1262 1195 quae
1289 1142 1334 1181 de
1364 1141 1566 1184 divinitate
1601 1158 1671 1184 sua

119 1208 322 1263 loquatur,
357 1213 539 1249 Dome'mts
561 1213 703 1249 creavit
723 1225 791 1257 me,
829 1209 900 1249 lioe
927 1216 1010 1260 cst,
1048 1209 1279 1250 Aedilieavit
1300 1224 1360 1250 me
1386 1212 1423 1250 in
1446 1220 1559 1252 utero
1585 1211 1674 1252 Ma-

120 1277 223 1327 riae,
259 1281 406 1317 initium
436 1282 578 1318 viarum
604 1293 782 1326 semrum,
828 1282 864 1316 lu
899 1293 1011 1330 opera
1040 1281 1171 1330 ipsius,
1240 1276 1394 1319 Initium
1420 1282 1558 1336 quippe
1591 1281 1673 1321 via-

121 1359 203 1385 rum
228 1353 265 1386 et
295 1347 485 1387 adventus
519 1347 554 1386 in
577 1347 677 1387 hune
704 1346 884 1387 mundum
913 1344 1060 1387 Christi
1090 1361 1231 1401 eorpus
1258 1347 1343 1387 eius
1371 1355 1427 1388 est
1463 1362 1512 1389 ex
1545 1347 1673 1389 Maria

118 1421 310 1469 sumptum
327 1447 336 1464 ,
371 1415 416 1456 ad
442 1415 612 1455 iustitiae
638 1422 674 1455 et
698 1415 832 1455 salutis
859 1429 954 1469 opus
978 1415 1185 1455 adscitum.
1231 1414 1377 1457 Verum
1405 1417 1516 1457 facile
1542 1425 1672 1458 mente

120 1489 255 1536 captus
287 1483 450 1538 aliquis,
494 1490 530 1523 et
562 1484 672 1537 gravi
712 1483 774 1523 illo
811 1490 988 1537 tanquam
1017 1484 1178 1524 vulnere
1204 1485 1424 1535 sauciatus,
1461 1485 1602 1540 quique
1635 1487 1671 1527 in

120 1549 180 1590 dei
208 1550 327 1591 filium
355 1551 471 1591 animi
499 1553 662 1606 quodam
687 1551 774 1591 odio
807 1553 976 1602 seratur,
1012 1552 1173 1592 ulterius
1203 1554 1427 1607 prosiliendi
1455 1569 1507 1595 ex
1535 1568 1580 1595 eo
1604 1570 1673 1595 an-

119 1632 201 1658 sam
225 1619 408 1674 arripiet,
445 1620 544 1673 quod
573 1620 772 1674 sequitur,
809 1623 856 1659 Se'
872 1623 1094 1660 nuntiavero
1120 1622 1220 1660 vobis
1242 1637 1338 1674 qaae
1365 1627 1530 1675 qnotidie
1543 1626 1666 1675 fiunt,

119 1702 450 1727 commemoravero
484 1703 578 1741 qaae
609 1702 631 1727 (ι
655 1690 780 1727 seculo
803 1697 912 1736 sunl,
949 1697 990 1727 ul
1011 1704 1230 1729 enumerem.
1298 1689 1442 1742 Vides,
1478 1692 1670 1746 inquiunt,

120 1755 219 1809 quod
255 1756 377 1805 dixit,
420 1760 461 1795 A
489 1759 629 1796 seculo.
697 1756 817 1811 Atqui
851 1756 914 1796 illa
950 1757 1079 1797 carnis
1112 1759 1326 1813 assumptio
1364 1774 1440 1800 non
1477 1760 1550 1799 nisi
1588 1767 1676 1815 post

119 1823 212 1864 duas
249 1831 288 1864 et
323 1824 532 1879 sexaginta
558 1825 836 1879 generationes
860 1823 1063 1866 Matthaeo
1094 1832 1194 1866 teste
1231 1827 1408 1881 contigit.
1474 1826 1550 1881 Qui
1585 1843 1673 1883 pos·
1694 1843 1806 1871 Manu.
1826 1846 1845 1871 ι.

119 1900 210 1933 sunt
239 1893 360 1948 igitur
391 1907 490 1948 quae
522 1893 569 1933 ab
602 1893 712 1933 initio
744 1900 859 1947 atque
891 1892 936 1933 ab
969 1900 1131 1935 aeterno
1159 1895 1314 1935 fuerunt
1339 1895 1384 1935 ab
1410 1895 1475 1937 illo
1505 1911 1673 1937 comme-

120 1961 294 2002 morari?

235 2027 385 2070 Verum
411 2030 517 2071 caeci
543 2030 743 2081 homines,
790 2045 835 2070 ae
867 2038 946 2071 tota
979 2032 1040 2072 via
1071 2032 1248 2074 veritatis
1274 2033 1531 2086 aberrantes,
1575 2033 1673 2075 hanc
1724 2047 1803 2088 Cap.

120 2111 210 2138 esse
233 2098 451 2153 scripturae
474 2099 796 2140 consuetudinem
820 2099 1017 2154 ignorant,
1046 2107 1086 2141 ut
1106 2115 1374 2156 quaecumque
1396 2102 1538 2143 docere
1558 2102 1669 2154 velit,
1708 2093 1824 2124 ΧΧΗ·

119 2179 196 2206 non
221 2165 268 2206 ab
293 2167 575 2221 antiquissimis
599 2167 839 2223 temporibus
868 2175 1042 2223 repetat,
1087 2177 1152 2210 aut
1181 2169 1228 2210 ab
1253 2169 1339 2225 ipso
1366 2171 1515 2226 capite,
1549 2178 1590 2211 ut
1622 2171 1672 2211 ita

120 2233 268 2285 dicam,
302 2242 501 2285 arcessat,
537 2235 604 2276 sed
632 2235 679 2276 ab
704 2235 752 2276 iis
777 2250 876 2291 quae
902 2237 1080 2292 proxima
1105 2245 1218 2289 sunt,
1256 2246 1297 2279 ut
1328 2240 1428 2293 qnod
1455 2247 1568 2280 antea
1601 2253 1672 2280 ex-

121 2302 244 2342 titerit
277 2311 514 2357 postremum
548 2304 729 2359 appellet.
795 2305 924 2359 Atque
957 2319 1002 2347 ea
1036 2320 1176 2348 caussa
1212 2314 1272 2347 est
1306 2322 1375 2348 eur
1411 2307 1578 2358 dixerit,
1625 2310 1860 2354 Sz'Ex0‹1.3,2.

119 2375 342 2410 nuntiavero
369 2373 469 2411 vobis
492 2387 586 2424 quae
615 2375 918 2425 qzcoleile'estmzt,
965 2374 1103 2415 deinde
1135 2377 1424 2415 commemorabo
1451 2391 1545 2429 quae
1570 2391 1592 2416 α
1615 2392 1672 2416 se-

120 2441 205 2478 culo
229 2448 329 2478 semt.
383 2439 470 2493 Qua
495 2439 610 2480 etiam
635 2439 766 2496 Moysi
791 2442 954 2496 primum
978 2443 1073 2484 deus
1099 2444 1299 2484 ardentem
1328 2444 1457 2499 ignem
1483 2445 1670 2496 ostendit,

121 2508 312 2563 pauloque
339 2515 426 2563 post
456 2508 493 2548 in
520 2509 647 2549 medio
675 2510 758 2550 rubi
783 2510 963 2552 incendio
990 2512 1114 2553 visum
1143 2512 1234 2553 illud
1265 2512 1433 2553 oblatum
1467 2519 1548 2564 est3
1593 2520 1672 2554 tum

121 2576 284 2631 angelus
311 2576 344 2617 ei
368 2576 531 2617 subinde
556 2577 708 2618 locutus
734 2586 815 2629 est,
849 2593 893 2619 ae
917 2587 1053 2634 postea
1080 2581 1260 2620 dominus
1290 2595 1341 2621 ex
1367 2581 1463 2620 rubo
1495 2580 1674 2622 similiter

121 2644 260 2686 affatus
290 2653 364 2686 est.
430 2645 484 2685 At
505 2645 587 2700 ipse
616 2660 692 2686 non
721 2660 765 2687 ea
794 2647 959 2688 subinde
984 2662 1081 2702 quae
1108 2649 1342 2689 videbantur
1374 2649 1576 2704 alloquens
1609 2664 1671 2690 re-

123 2713 261 2767 quirit,
306 2714 373 2754 sed
402 2714 447 2754 de
475 2713 533 2754 his
560 2727 657 2768 quae
690 2715 736 2754 ab
763 2715 872 2756 initio
903 2716 1056 2757 fuerant
1087 2716 1318 2771 interrogat.
1384 2721 1496 2765 Veni,
1532 2718 1670 2773 inquit,
1695 2730 1784 2759 mou.
1801 2730 1826 2765 3,
1841 2730 1878 2757 13.

121 2788 158 2820 et
189 2785 332 2822 mittam
366 2791 400 2822 te
430 2785 480 2821 ml
496 2785 608 2832 filios
641 2785 784 2830 Israel,
821 2792 858 2822 et
887 2787 987 2823 dic-es
1017 2788 1068 2824 ml
1096 2800 1179 2833 eos,
1223 2789 1323 2824 Deus
1349 2794 1501 2837 patrum
1535 2795 1675 2826 restro-

166 2906 196 2938 3.
224 2905 360 2952 σημάνῃ
386 2910 475 2940 codd.
501 2919 574 2940 mss.
599 2912 625 2940 et
649 2909 695 2940 ed.
719 2918 767 2949 pr.
816 2919 876 2951 ση-
924 2913 1011 2942 eunte
1040 2911 1200 2950 Ceruario,
1225 2913 1279 2951 qui
1302 2914 1448 2944 convertit
1469 2917 1504 2943 et
1528 2911 1676 2943 mentio-

124 2950 225 2995 μαίνῃ
252 2954 298 2984 ed.
322 2956 429 2986 Petav.
923 2966 997 2987 uem
1036 2955 1154 2988 faciam
1192 2967 1305 2989 eorum
1338 2968 1421 3000 qnae
1466 2957 1508 2989 ab
1537 2963 1674 2990 aeterno

165 2996 195 3029 4.
225 2998 447 3041 μνημονεύσω
467 3001 588 3041 placuit
611 3001 759 3039 Petavio,
784 3010 877 3041 prae·
924 3007 1011 3034 sunt.
