2066 3319
516 190 697 223 PANARu
722 191 804 221 Lis.
823 190 864 221 11.
889 191 996 222 ToM.
1018 191 1058 222 11.
1083 191 1214 223 HAER.
1235 191 1358 222 vai.
1633 181 1714 219 447

171 285 296 312 casse.
361 271 414 310 At
440 269 617 311 Baiulum
644 270 745 310 infra
772 269 991 320 sustinere,
1028 271 1302 325 fatigatumque
1337 278 1528 320 tremere,
1563 283 1608 309 ac
1637 275 1715 308 ter-

169 354 238 380 rae
269 346 412 379 motum
450 346 606 394 praeter
631 338 882 378 constitutum
910 345 1059 393 tenipus
1084 341 1252 379 efficere.
1317 337 1377 379 Ob
1414 339 1447 378 id
1475 339 1622 388 bonus,
1657 337 1715 377 in-

170 408 274 462 quit,
309 406 430 448 Pater
453 407 567 447 filium
594 421 614 447 e
640 407 727 447 sinu
753 421 824 447 suo
849 406 886 447 in
913 414 1042 447 terrae
1072 407 1285 463 penetralia
1316 415 1429 461 atque
1453 406 1608 447 intimas
1632 405 1716 446 eius

169 482 299 530 partes
325 475 525 529 allegavit,
560 483 600 516 ut
625 475 728 515 illius
753 484 1020 517 consentaneo
1046 476 1240 516 desiderio
1263 476 1525 525 satisfaceret,
1561 482 1599 515 et
1623 488 1715 529 quo-

169 544 244 585 ties
275 551 377 585 terra
405 551 558 595 movet,
592 544 655 584 vel
680 544 743 584 ille
773 544 954 585 laborans
982 544 1133 595 tremit,
1169 544 1231 584 vel
1261 558 1358 583 onus
1389 544 1426 583 in
1455 544 1617 584 alterum
1651 543 1718 583 liu-

169 627 316 653 merum
354 613 557 652 transfert.
621 611 700 653 Per
731 613 830 652 idem
866 621 1016 668 tempus
1051 613 1212 653 materia
1249 612 1390 666 stirpes
1422 626 1473 652 ex
1509 626 1597 652 sese
1631 626 1719 666 pro-

169 681 334 733 creavit3
370 696 464 736 quas
488 697 572 722 cum
599 681 771 721 nonnulli
794 679 996 737 Principes
1017 681 1246 736 diriperent,
1277 680 1504 720 convocatis
1525 681 1586 721 illa
1606 679 1718 721 Priu-

168 751 292 805 cipum
321 750 576 806 primoribus,
610 765 727 790 uuam
756 750 803 790 ab
827 750 990 805 singulis
1022 750 1203 789 virtutem
1238 749 1410 804 accepit,
1446 749 1716 803 hominemque

169 819 342 859 condidit
367 820 412 859 ad
445 820 557 874 primi
585 819 687 859 illius
721 818 887 859 hominis
912 818 1136 872 exemplar,
1172 816 1234 857 cui
1266 824 1304 857 et
1336 818 1503 857 animam
1536 818 1714 871 illigavit.

169 885 375 928 Eiusmodi
408 887 699 928 commixtionis
733 894 794 927 est
822 887 937 927 ratio.
1002 885 1082 927 Sed
1115 886 1227 927 vivus
1246 884 1388 936 Pater,
1423 887 1521 939 quod
1549 885 1715 926 animam

168 956 208 996 in
229 970 395 1012 corpore
423 957 599 997 afflictam
634 963 838 1005 cerneret,
875 962 913 995 ut
944 963 1004 996 est
1027 954 1253 996 misericors
1279 969 1322 995 ac
1348 954 1561 1009 benignus,
1597 955 1718 994 caris-

169 1024 307 1065 simum
332 1025 404 1065 sibi
432 1025 548 1065 filium
576 1025 622 1065 ad
648 1024 751 1065 illius
774 1024 1077 1078 recuperandam
1104 1024 1268 1064 salutem
1294 1023 1437 1064 emisit.
1483 1021 1593 1062 Hanc
1617 1023 1716 1062 enim

170 1093 219 1134 ob
245 1107 448 1144 caussam,
482 1093 595 1133 simul
618 1100 654 1133 et
679 1091 806 1133 Baiuli
829 1092 956 1147 gratia
980 1092 1135 1133 misisse
1160 1091 1315 1132 dicitur.
1380 1090 1506 1146 Igitur
1529 1092 1628 1132 lilius
1654 1092 1720 1130 ad-

169 1161 336 1203 veniens
357 1176 447 1203 sese
470 1161 635 1202 hominis
665 1162 702 1201 in
731 1162 890 1216 figuram
917 1161 1134 1211 convertit,
1167 1168 1282 1215 atque
1305 1160 1471 1201 hominis
1494 1160 1630 1201 similis
1653 1160 1720 1199 lio-

171 1231 338 1272 miuibus
372 1231 569 1286 apparuit,
605 1230 695 1271 licet
722 1230 835 1271 homo
871 1245 947 1271 non
983 1237 1112 1281 esset,
1156 1230 1397 1284 eundemque
1425 1230 1596 1284 genitum
1631 1242 1718 1269 esse

172 1299 338 1340 hominis
364 1300 478 1354 vulgo
505 1300 770 1340 crediderunt.
835 1297 972 1354 Itaque
999 1313 1091 1339 mox
1115 1305 1154 1339 ut
1178 1297 1369 1349 accessit,
1404 1313 1500 1353 opus
1529 1298 1717 1352 quoddam

171 1369 217 1409 ad
243 1369 457 1409 animarum
485 1368 648 1408 salutem
678 1368 834 1408 molitus
860 1375 943 1418 est,
977 1367 1270 1422 niac'niuamque
1300 1366 1546 1418 construxit,
1580 1366 1617 1406 in
1646 1380 1719 1419 qua

173 1438 256 1478 cadi
282 1444 393 1478 eraut
418 1437 618 1477 duodecim
635 1469 645 1488 ,
679 1450 775 1491 quae
807 1436 909 1491 globi
943 1436 1141 1476 cuiusdam
1167 1436 1380 1490 agitatione
1403 1449 1594 1476 conversa
1618 1449 1721 1474 mor-

172 1513 325 1546 tuorum
354 1506 503 1545 animas
535 1519 688 1546 sursum
720 1505 873 1555 evellit,
909 1519 981 1559 qua
1013 1519 1192 1558 magnum
1221 1504 1311 1545 illud
1347 1504 1454 1546 sidus
1487 1504 1605 1544 radiis
1638 1503 1720 1544 suis

173 1582 360 1630 exceptas
381 1588 424 1614 ac
452 1581 681 1629 repurgatas
705 1573 741 1613 in
768 1574 895 1614 lunam
923 1580 1174 1628 transportat.
1240 1571 1296 1613 lta
1324 1573 1379 1624 fit,
1415 1580 1455 1613 ut
1478 1572 1590 1613 liuius
1614 1572 1720 1612 orbis

172 1643 396 1698 impleatur,
432 1643 494 1697 qui
521 1643 648 1683 discus
673 1657 694 1682 a
718 1641 828 1683 nobis
851 1642 967 1697 vulgo
989 1642 1167 1683 dicitur.¹
1205 1639 1376 1696 Navigia
1403 1642 1540 1697 quippe
1562 1647 1600 1681 et
1627 1655 1720 1695 pon-

171 1718 284 1752 tones
308 1712 382 1752 duo
409 1725 497 1751 esse
523 1711 651 1752 sidera
678 1711 741 1751 illa
767 1717 903 1751 censet
983 1707 1135 1751 Onusta
1163 1724 1257 1750 vero
1281 1710 1371 1750 luna
1394 1711 1438 1750 ad
1465 1710 1716 1750 subsolanum

173 1781 407 1822 transvehit.
473 1778 529 1820 lta
562 1780 738 1835 deposito
771 1794 892 1820 onere
920 1779 1094 1828 levatur,
1129 1793 1174 1819 ac
1201 1793 1354 1819 rursum
1389 1778 1582 1833 navigium
1616 1794 1719 1819 com-

173 1850 272 1904 plet,
309 1849 396 1889 hinc
425 1849 537 1889 novis
562 1863 631 1904 per
655 1850 771 1889 cados
797 1848 946 1889 evectis
976 1847 1114 1889 animis
1138 1848 1277 1887 iterum
1303 1854 1561 1898 exoneratur,
1597 1848 1721 1887 donec

172 1932 282 1959 suam
306 1932 351 1958 ac
375 1918 610 1973 peculiarem
635 1917 788 1957 animae
811 1925 955 1973 partem
980 1917 1134 1972 eripiat.
1181 1914 1337 1956 Etenim
1360 1916 1524 1956 animam
1548 1931 1717 1966 omnem,

172 1993 288 2041 atquc
314 2001 428 2027 mnne
462 1988 560 2041 quod
586 1994 766 2026 movetur
795 1986 962 2037 animal,
997 1985 1084 2026 boui
1117 1985 1219 2025 illius
1245 1983 1374 2025 Patris
1409 1992 1571 2025 naturae
1604 1985 1721 2040 parti-

173 2069 264 2109 ceps
287 2069 376 2097 esse
401 2056 528 2096 docet.
592 2054 717 2096 Porro
744 2071 828 2095 cum
854 2069 952 2095 onus
978 2055 1068 2094 illud
1096 2053 1311 2094 animarum
1335 2055 1381 2094 ad
1406 2052 1536 2094 Patris
1560 2055 1720 2094 Aeones

173 2124 264 2165 luna
290 2124 580 2174 transvexerit,
617 2131 771 2164 manent
801 2137 868 2164 eae
897 2123 933 2163 iu
958 2123 1107 2177 gloriae
1130 2123 1306 2163 columna
1334 2123 1397 2177 qui
1427 2124 1622 2178 perlectus
1652 2127 1721 2163 a'e'r

173 2193 329 2234 dicitur.
392 2192 465 2234 Est
490 2202 617 2233 autem
654 2194 714 2233 hic
749 2197 818 2234 ae‘r
842 2192 938 2233 lucis
972 2193 1150 2232 columna
1178 2194 1388 2246 quaedan13
1424 2191 1603 2246 quoniam
1636 2190 1720 2231 ani-

173 2262 309 2302 mabus
331 2276 429 2316 quae
456 2269 669 2317 purgantur
691 2270 750 2302 cst
780 2262 940 2302 referta.
1004 2259 1112 2301 Ilaec
1135 2260 1216 2316 ipsa
1250 2275 1390 2302 caussa
1413 2268 1473 2301 est
1506 2274 1575 2316 per
1605 2274 1719 2314 quam

173 2332 337 2372 salutem
371 2332 523 2372 animae
554 2340 859 2385 consequantur.

287 2469 370 2510 Cur
406 2475 534 2510 autem
577 2467 793 2508 moriantur
831 2468 1008 2509 homiues
1048 2482 1224 2508 caussam
1265 2466 1482 2507 huiusmodi
1521 2467 1715 2522 proponit.

175 2536 301 2592 Virgo
321 2540 526 2592 quaedam,
558 2537 696 2591 inquit,
733 2539 899 2577 formosa
923 2545 1036 2591 atque
1059 2544 1208 2591 compta
1235 2535 1583 2589 blanditiarumque
1609 2537 1719 2591 plena

172 2603 378 2662 Principes
413 2621 435 2647 a
464 2605 565 2647 Vivo
596 2604 744 2660 Spiritu
773 2606 809 2646 iu
840 2606 1122 2647 firimimentum
1155 2607 1315 2645 eductos
1349 2618 1396 2644 ac
1429 2604 1533 2644 cruci
1561 2606 1721 2645 suffixos

173 2711 212 2741 iis
233 2720 311 2750 quae
333 2720 430 2750 supra
455 2711 586 2741 tradidit
609 2720 678 2749 cap.
697 2710 750 2741 22.
970 2711 1015 2742 ad
1034 2711 1158 2747 secula,
1183 2711 1245 2739 sive
1268 2711 1392 2739 Aeones.

218 2763 250 2788 ὸ.
275 2759 349 2788 Acta
376 2757 516 2788 Archelai
538 2757 649 2787 hahent
673 2762 703 2785 et
726 2754 843 2787 iterum
867 2767 921 2787 re-
1021 2759 1067 2788 tt.
1093 2752 1176 2795 οἷν-ἦρ
1211 2773 1225 2777 -
1251 2772 1270 2776 -
1296 2750 1313 2786 ὁ
1345 2752 1382 2786 δὲ
1413 2749 1498 2795 ἀνὴρ
1535 2755 1581 2786 ed.
1608 2757 1717 2787 Petav.

174 2799 256 2843 pleri
277 2802 437 2844 cymbam,
465 2812 528 2840 qua
542 2803 788 2840 interpretatione
808 2810 924 2833 auctor
971 2804 1073 2834 Calon.
1100 2803 1191 2839 repet.
1227 2801 1342 2830 vitiose.
1401 2800 1599 2841 Quamquam
1629 2803 1722 2832 etiam

175 2855 279 2878 eorum
300 2857 330 2879 se
354 2847 412 2880 καὶ
435 2843 534 2885 αῧῖις
558 2849 663 2887 le9isse
686 2849 853 2887 siqnificat.
969 2850 999 2879 in
1015 2849 1094 2878 Artis
1109 2846 1248 2877 Archelai
1269 2847 1379 2884 teyilur
1399 2845 1487 2887 quod
1509 2855 1645 2877 vocatur
1665 2846 1722 2877 Vir

243 2894 278 2924 9.
303 2893 483 2924 animarum
509 2895 617 2925 haben(
638 2896 713 2924 Acta
736 2894 886 2925 Archelai.
972 2894 1149 2935 perlectus.
1201 2890 1260 2920 llic
1284 2898 1393 2921 autem
1418 2891 1473 2922 Vir
1494 2899 1543 2922 est
1565 2893 1718 2923 columna

224 2937 275 2969 10.
304 2946 496 2978 permanent
518 2938 574 2970 itta
607 2938 639 2968 in
673 2938 822 2970 columna
847 2939 922 2981 glo·
970 2938 1061 2969 lucis.

177 2981 243 3013 riae
266 2983 352 3015 habet
366 2988 440 3016 Acta
456 2985 544 3016 Arch.
594 2985 720 3015 Videtur
739 2987 842 3025 itaque
863 2996 923 3017 πα-
1015 2983 1081 3013 C.w
1113 2981 1254 3013 XXVII.
1281 2999 1325 3005 -—
1374 2982 1401 3014 1.
1425 2983 1512 3015 Libri
1541 2984 1652 3015 habent
1678 2981 1715 3016 τὸ

178 3026 370 3070 ραμένουσιν
393 3032 530 3062 retulisse
550 3039 612 3062 non
634 3030 677 3061 ad
697 3032 822 3063 animas
830 3054 840 3071 ‚
870 3031 923 3062 sed
969 3025 1154 3062 οἷποὲῖανεῖν.

1770 2477 1847 2521 Cap.

1745 2524 1886 2556 XXVII.
