2066 3319
199 1422 264 1450 pag.
282 1414 340 1442 504.

186 2085 273 2128 Κεφ.
294 2082 346 2128 ιγ’.

369 224 447 265 192
927 231 1089 265 SANcTt
1112 233 1338 266 EPIPHANH

365 327 423 358 τις
445 307 666 363 διασφαγήν
689 306 814 363 εὑρών
838 309 879 350 ἐν
901 314 1068 366 φραγμῷ
1086 309 1194 365 παρά
1215 310 1417 368 λεωφόρῳ,
1448 313 1514 353 καὶ
1532 313 1696 365 νομίσας
1719 310 1786 354 διά
1807 311 1896 354 ταύ-

365 394 433 430 της
464 379 653 430 βαδίζειν,
690 378 758 418 καὶ
783 376 1004 418 καταλιπών
1034 377 1105 431 τὴν
1133 377 1229 421 ὁδόν
1257 380 1459 434 τρέπηται,
1500 382 1660 433 νομίσας
1690 379 1897 435 ἐγγύτατον

367 447 463 497 ἔχειν
487 443 587 486 ὅθεν
610 443 840 498 διακάμψας
858 445 974 486 πάλιν
995 450 1064 499 τῆς
1086 444 1183 488 ὁδοῦ
1208 447 1430 501 ἐπιλάβοιτο
1444 481 1453 498 ,
1485 446 1664 502 ἀγνοήσει
1685 448 1727 489 δὲ
1746 447 1806 490 ὅτι
1827 454 1899 490 τεῖ-

366 511 432 566 χός
461 515 562 554 ἐστιν
586 510 807 567 ὕπέρβατον
833 514 898 554 καὶ
922 519 1059 571 μακρῷ
1088 516 1319 568 διαστήματι
1348 513 1670 572 ᾠκοδομημένον,
1710 517 1899 571 ἐπιτρέχοι

368 581 410 621 δὲ
431 580 483 634 μή
505 579 695 635 εὑρίσκων
718 580 782 622 διά
803 585 922 630 ποίας
943 580 1012 635 τὴν
1034 583 1206 632 διέξοδον
1227 583 1442 637 ποιήσεται,
1473 582 1558 624 ἀντὶ
1579 581 1666 632 ἒνὸς
1691 588 1707 611 ³
1722 586 1897 636 σημείου,

368 647 456 701 ἤτοι
487 651 635 701 μιλίου,
678 649 948 704 4προκόπτων
978 649 1076 691 κατά
1101 657 1208 707 χεῖρα
1239 653 1292 693 ἔτι
1325 653 1442 693 πλέον
1468 650 1520 705 μὴ
1551 651 1657 706 εὕροι
1686 650 1759 705 τήν
1789 649 1897 703 ὁδόν,

367 718 434 758 καὶ
457 715 584 765 οὕτως
611 718 795 771 τρέπηται
823 719 889 759 ἐπὶ
914 717 961 759 τά
982 722 1119 770 πλείω,
1151 718 1311 773 κάμνων
1343 720 1384 761 δὲ
1410 719 1512 761 οὕτω
1543 721 1609 761 καὶ
1637 717 1690 773 μὴ
1722 717 1899 773 εὐπορῶν

368 783 433 826 διά
458 788 574 833 ποίας
599 786 661 826 ἐπὶ
686 785 757 838 τήν
779 784 1008 841 ὁδοιπορίαν
1031 785 1168 842 ἀγάγοι
1201 787 1326 841 5τάχα
1355 804 1396 843 γε
1427 787 1518 841 μήτε
1547 785 1673 843 εὑρεῖν
1694 790 1897 841 δυνηθείη,

368 855 404 894 εἰ
425 852 478 907 μή
501 871 536 895 τι
557 851 784 907 ἀνακάμψει
812 853 860 896 δι’
884 849 932 908 ἧς
954 856 1019 896 καὶ
1041 857 1231 909 εἰςῆλθεν,
1252 882 1307 888 -—-
1337 855 1462 904 οὕτως
1485 854 1628 909 ἑκάστη
1651 857 1814 910 αἵρεσις,
1846 854 1899 905 ὦς

368 924 578 974 συντομίαν
602 920 688 964 τινά
721 924 898 976 ἐφευρεῖν
928 926 1165 976 δυνηθεῖσα,
1196 922 1449 978 παρεξωκειλε
1476 923 1540 966 διά
1569 929 1640 977 τῆς
1668 927 1898 980 μακροδίας,

367 989 513 1046 εὑρέθη
543 991 584 1032 δὲ
611 988 709 1048 αὐτῇ
739 996 862 1044 τεῖχος
885 989 1051 1047 ἀρραγὲς
1072 990 1099 1045 ἡ
1123 997 1192 1046 τῆς
1222 990 1381 1047 ἀγνοίας
1411 993 1476 1034 καὶ
1509 991 1702 1047 ἀγνωσίας
1732 998 1898 1047 6παλιμ-

365 1058 511 1112 πλοκή,
541 1060 608 1100 καὶ
629 1057 702 1100 οὐκ
728 1057 776 1100 ἂν
801 1058 908 1115 εὕροι
934 1058 960 1114 ἦ
988 1060 1148 1113 τοιαύτη
1175 1061 1239 1101 ἐπὶ
1270 1059 1341 1114 τήν
1369 1058 1564 1114 ἀληθινὴν
1585 1060 1694 1114 ἥκειν
1719 1059 1836 1113 ὁδὸν,
1867 1063 1902 1102 εἷ

366 1126 418 1180 μή
440 1145 476 1168 τι
499 1125 721 1180 ἀνακάμψει
746 1129 800 1176 εἰς
821 1127 863 1169 τὸ
888 1126 1104 1183 ἀρχέτυπον
1134 1133 1203 1182 τῆς
1234 1126 1352 1179 ὁδοῦ,
1383 1130 1552 1170 τουτέστι
1580 1133 1649 1182 τῆς
1678 1131 1896 1183 βασιλικῆς·

369 1193 420 1244 ὥς
441 1197 507 1237 καὶ
528 1193 550 1237 ὁ
571 1194 692 1248 νόμος
717 1195 933 1250 διαρρήδην
954 1197 1050 1249 ἐβόα
1073 1201 1143 1238 τοῦ
1168 1195 1279 1252 άγίου
1302 1198 1524 1248 Μωϋσέως,
1554 1198 1731 1253 λέγοντος
1754 1203 1808 1255 τῷ
1829 1200 1896 1252 βα-

369 1269 465 1305 σιλεῖ
482 1262 612 1317 Ἐδώμ
641 1263 722 1314 ὅτι,
760 1263 860 1305 Τάδε
884 1265 981 1318 λέγει
1013 1262 1037 1305 ὅ
1064 1263 1231 1316 ἀδελφός
1263 1279 1335 1306 σου
1365 1263 1539 1320 Ἰσραήλ·
1585 1264 1704 1320 Παρά
1733 1265 1780 1307 τὰ
1808 1263 1900 1321 ὅριά

368 1347 439 1373 σου
466 1331 707 1384 διελεύσομαι
733 1334 786 1380 εἰς
807 1336 879 1387 γῆν
906 1331 955 1385 ἣν
979 1330 1107 1385 ὤμοσε
1129 1331 1265 1387 κύριος
1289 1338 1370 1381 τοῖς
1399 1332 1592 1388 πατράσιν
1611 1332 1724 1386 ἡμῶν
1745 1336 1898 1387 δοῦναι,

367 1405 440 1455 γῆν
475 1401 642 1453 ῥέουσαν
669 1400 752 1452 μέλι
785 1401 850 1441 καὶ
875 1398 992 1454 γάλα,
1024 1398 1094 1453 τήν
1125 1405 1198 1455 γῆν
1227 1405 1304 1441 τῶν
1325 1398 1567 1455 Ἀμορραίων
1589 1403 1655 1443 καὶ
1682 1404 1900 1458 Φερεζαίων

366 1469 433 1510 καὶ
454 1466 707 1520 Ἰεβουσαίων
729 1469 795 1509 καὶ
824 1466 986 1509 Εὐαίων
1007 1469 1074 1509 καὶ
1099 1470 1333 1509 Χαναναίων
1356 1469 1424 1509 καὶ
1446 1471 1663 1520 Χετταίων,
1691 1475 1766 1525 γῆν
1788 1470 1898 1525 ῥέου-

368 1551 439 1577 σαν
459 1534 557 1590 γάλα
579 1537 644 1577 καὶ
668 1536 773 1589 μέλι,
806 1535 878 1578 οὐκ
903 1538 1150 1589 ἐκκλινοῦμεν
1176 1535 1281 1586 δεξιά
1307 1535 1335 1590 ἢ
1355 1535 1554 1592 ἀριστερά·
1585 1537 1694 1593 ὕδωρ
1718 1539 1758 1580 ἐν
1780 1536 1896 1594 ἀργυ-

369 1607 440 1661 ρίῳ
462 1602 661 1657 πιώμεθα,
694 1605 760 1646 καὶ
782 1603 969 1660 βρώματα
991 1603 1181 1660 ἀργυρίου
1203 1603 1443 1660 φαγώμεθα·
1476 1603 1549 1647 οὐκ
1572 1606 1822 1660 ἐκκλινοῦμεν
1842 1607 1901 1648 ἐν·

367 1677 507 1714 τεῦθεν
541 1670 563 1726 ἢ
587 1674 790 1723 ἐντεῦθεν,
822 1671 903 1730 ὁδῷ
928 1675 1106 1730 βασιλικῇ
1140 1675 1362 1727 βαδιοῦμεν.
1418 1671 1529 1715 ’Ἐστι
1563 1672 1636 1729 γάρ
1667 1671 1760 1724 ὄδός
1792 1677 1899 1728 βασι-

368 1740 475 1793 λική,
517 1739 602 1794 ἥτις
637 1742 741 1782 ἐστὶν
775 1739 800 1794 ἡ
827 1746 897 1783 τοῦ
930 1746 1028 1783 θεοῦ
1064 1743 1244 1794 ἐκκλησία
1273 1743 1340 1783 καὶ
1368 1739 1576 1797 ὁδοιπορία
1605 1746 1674 1796 τῆς
1702 1740 1899 1796 ἀληθείας.

366 1807 529 1862 Ἑκάστη
555 1809 597 1851 δὲ
620 1807 769 1850 τούτων
793 1808 862 1863 τήν
889 1808 1093 1863 βασιλικὴν
1113 1812 1396 1862 καταλείψασα,
1427 1813 1587 1852 κλίνασα
1611 1810 1653 1852 δὲ
1683 1811 1746 1853 ἐπὶ
1767 1809 1816 1852 τά
1840 1813 1899 1852 δε·

369 1877 430 1927 {to}
451 1875 478 1930 ἢ
500 1878 563 1918 ἐπὶ
587 1876 633 1918 τά
655 1875 853 1933 ἀριστερά,
885 1879 949 1920 ἐπὶ
975 1877 1074 1920 πολύ
1096 1877 1234 1920 λοιπόν
1256 1877 1399 1932 ἑαυτὴν
1424 1880 1652 1921 ἐπιδιδοῦσα
1676 1880 1730 1928 εἰς
1751 1877 1900 1933 πλάνην

369 1944 727 2000 παρελκυθήσεται,
767 1948 834 1988 καὶ
866 1945 996 1989 οὐκέτι
1029 1947 1168 2001 μέτρον
1198 1948 1272 2001 ἔχει
1304 1945 1394 2003 παρ’
1427 1945 1568 2006 ἑκάστῃ
1605 1948 1748 2003 αἱρέσει
1776 1945 1803 2001 ἡ
1832 1952 1901 2001 τῆς

369 2012 518 2066 πλάνης
548 2011 733 2055 ἀναίδεια.

471 2080 565 2137 ’Ἁγε
597 2085 728 2124 τοίνυν
759 2087 857 2124 θεοῦ
891 2085 1044 2132 δοῦλοι,
1074 2085 1156 2125 υἱοί
1180 2100 1219 2124 τε
1249 2088 1317 2137 τῆς
1350 2081 1460 2138 ἀγίας
1484 2087 1584 2124 θεοῦ
1610 2084 1830 2136 ἐκκλησίας,
1862 2084 1903 2125 οἱ

367 2149 436 2192 τόν
459 2148 606 2192 κανόνα
626 2149 782 2204 ἀσφαλῆ
804 2150 1054 2206 γινώσκοντες
1074 2153 1141 2192 καὶ
1161 2150 1231 2205 τήν
1253 2149 1347 2194 ὁδόν
1370 2156 1438 2205 τῆς
1457 2149 1644 2204 ἀληθείας
1666 2153 1897 2204 βαδίζοντες,

370 2217 422 2272 μή
442 2224 595 2270 φωναῖς
623 2223 635 2246 ¹
653 2217 945 2272 ἀνθελκόμενοι,
969 2221 1036 2261 καὶ
1056 2225 1170 2277 φωνῇ
1192 2219 1353 2273 ἑκάστης
1373 2220 1749 2274 παραπεποιημένης
1769 2221 1898 2274 ἐπιτη-

370 2286 548 2336 δεύσεως.
609 2288 810 2342 Σφαλεραὶ
841 2286 912 2343 γάρ
947 2290 989 2329 αἱ
1017 2287 1167 2330 τούτων
1191 2286 1298 2338 ὁδοὶ,
1330 2288 1396 2330 καὶ
1423 2286 1590 2341 ἀνάντης
1615 2285 1641 2341 ἡ
1669 2290 1801 2343 τρίβος
1829 2292 1900 2342 τῆς

372 2354 501 2397 αὐτῶν
526 2357 899 2410 παραπεποιημένης
924 2357 1086 2405 ἐννοίας.
1147 2360 1469 2412 Μεγαλαυχοῦσι,
1507 2356 1574 2397 καὶ
1601 2354 1648 2397 τά
1677 2354 1794 2412 μικρά
1824 2353 1898 2398 οὐκ

369 2426 508 2465 ἰ’σασιν.
564 2421 811 2479 Ἐλευθερίαν
834 2425 1152 2480 ἐπαγγέλλονται,
1184 2423 1296 2466 αὐτοὶ
1320 2426 1452 2466 δοῦλοι
1473 2421 1580 2472 ὅντες
1605 2427 1674 2477 τῆς
1696 2421 1897 2480 ἀμαρτίας.

375 2491 431 2533 Τά
461 2494 613 2545 μείζονα
644 2489 828 2546 αὕχοῦσι,
859 2494 926 2534 καὶ
956 2496 1031 2535 τῶν
1061 2497 1210 2548 μικρῶν
1241 2490 1324 2534 οὐδ’
1356 2492 1453 2542 ὅλως
1483 2490 1724 2545 ἐπελάβοντο.

479 2627 598 2670 Ἀλλά
621 2630 685 2670 καὶ
708 2630 795 2684 περὶ
820 2627 969 2670 τούτων
992 2634 1068 2670 τῶν
1096 2628 1143 2682 δὴ
1171 2633 1377 2684 Καθαρῶν
1397 2628 1622 2683 λεγομένων,
1654 2626 1896 2684 ἀκαθάρτων

371 2696 411 2737 δὲ
437 2698 471 2737 εἰ
494 2699 555 2738 δεῖ
579 2695 610 2738 τ’
634 2695 765 2752 ἀληθῆ
789 2697 931 2752 λέγειν,
963 2694 1124 2751 ἀρκετὸν
1145 2694 1314 2752 ἡγοῦμαι
1340 2697 1411 2745 ἕως
1433 2698 1609 2738 ἐνταῦθα
1632 2697 1776 2746 ἱκανῶς
1795 2698 1896 2752 εἰρῆ-

371 2770 477 2805 σθαι.
544 2766 696 2818 Ταύτην
722 2766 764 2807 δὲ
791 2770 1098 2820 παραλείψαντες
1130 2763 1184 2814 ὥς
1215 2768 1439 2819 βασιλίσκου
1471 2763 1705 2820 πρόςωπον,
1744 2769 1798 2822 τῷ
1827 2765 1897 2819 μὲν

371 2831 610 2887 προσχήματι
630 2837 698 2875 τοῦ
723 2831 915 2887 ὀνόματος
937 2831 1172 2887 ἑξοχωτάτην
1194 2832 1280 2875 τινά
1299 2835 1523 2886 ἐπωνυμίαν
1543 2833 1799 2887 κεκτημένου,
1828 2833 1896 2875 καὶ

415 2958 446 2991 3.
474 2958 594 3001 σημίου
619 2961 688 2992 edit.
712 2963 810 3000 princ.
835 2964 861 2992 et
885 2962 951 2992 cod.
976 2962 1071 2992 Rhed.
1153 2959 1376 3004 προςκόπτον)
1399 2962 1491 3001 vulyo
1513 2962 1660 3000 scriptum
1683 2964 1736 2992 est.

415 3003 445 3034 4.
469 3003 662 3043 προκόπτων
682 3008 871 3037 coniecerunt
886 3007 1052 3038 Cornarius
1065 3009 1110 3036 at·
1202 3007 1232 3038 ὃ.
1255 3005 1343 3050 τάχα.
1365 3017 1404 3049 γε
1428 3015 1481 3046 eyo
1501 3007 1654 3046 rescripsi.
1687 3006 1774 3037 Libri
1786 3005 1895 3038 habent

372 3058 428 3088 que
460 3050 614 3081 Petavius.
669 3048 880 3092 προςκότῑτων
916 3051 980 3094 (εά.
1011 3053 1110 3091 princ.
1156 3047 1243 3094 τάχα
1266 3063 1313 3085 τε.
