2030 3324
470 211 654 242 PANARH
678 211 761 245 ΜΒ.
784 212 824 244 n.
855 213 965 245 ToM.
981 214 1022 246 n.
1047 214 1180 246 nana.
1200 215 1328 245 inx.
1608 209 1688 248 682»

138 290 317 352 quoniam
353 290 517 344 apostoli
549 298 686 331 contra
713 289 875 333 ludaeos
905 293 1170 348 disputantes,
1216 309 1300 335 eum
1335 309 1563 349 persuasum
1597 296 1690 350 ipsis

137 365 244 400 esset
265 358 464 412 apostolos
489 357 535 397 ab
563 357 658 412 legis
687 359 758 399 deo
783 361 1042 401 defectionem
1071 362 1314 416 praedicare,
1351 377 1502 403 necnon
1529 371 1567 404 ct
1589 364 1689 418 quod

137 427 296 482 spiritus
321 432 481 466 sanctus
511 427 759 481 praevideret
791 429 980 469 eiusmodi
1010 429 1194 470 haereses
1223 432 1395 481 futuras,
1443 446 1541 486 quae
1571 447 1591 472 a
1625 447 1690 486 pa-

136 503 248 536 terna
279 494 479 535 voluntate
509 492 710 535 Christum
747 496 971 536 abalienare
1009 512 1053 537 ac
1086 512 1272 552 separare
1306 500 1534 550 studerent,
1584 515 1686 551 cum,

135 564 314 617 inquam,
350 570 557 618 propterea
588 564 632 603 ad
659 578 772 604 unam
798 565 1039 604 divinitatem
1072 567 1200 606 omnia
1237 576 1474 608 revocarent
1505 569 1687 623 apostoli,

135 631 447 686 quandoquidem
474 647 542 686 pro
569 646 614 671 eo
642 647 686 672 ac
711 633 809 687 patri
833 633 959 672 visum
987 641 1045 673 est
1068 634 1113 673 de
1139 634 1201 673 lilii
1227 635 1427 676 voluntate
1450 651 1494 676 ac
1521 651 1690 677 consen-

135 700 256 739 tiente
282 699 421 754 spiritu
447 707 584 740 saneto
611 701 740 740 omnia
764 701 917 741 condita
942 709 1054 752 sunt,
1090 702 1302 753 baeretici,
1338 704 1508 758 inquam,
1546 706 1606 745 isti
1633 706 1690 746 bis

134 767 316 822 loquendi
341 769 464 808 modis
496 769 721 808 inferiorem
748 770 938 822 quandam
967 770 1228 810 conditionem
1265 779 1331 811 aut
1369 772 1688 823 imbecillitatem,

135 843 202 876 aut
233 836 353 876 divini
387 837 495 876 verbi
532 837 578 876 ab
614 837 787 877 essentia
820 838 940 892 patris
979 838 1255 878 alienationem
1290 840 1502 893 significari
1538 849 1687 896 putant.

135 902 284 945 Verum
310 905 425 958 longe
451 905 566 944 aliter
590 919 631 945 se
656 919 720 944 res
751 905 880 945 babet.
945 904 997 945 Et
1022 913 1061 945 ut
1086 907 1175 946 illud
1199 907 1394 961 intelligas
1411 941 1420 958 ,
1456 924 1526 963 age
1555 925 1691 950 exem-

135 972 257 1027 plaria
284 973 366 1028 ipse
399 980 611 1023 contuere,
646 973 733 1027 qnid
760 973 921 1027 angelus
946 972 1100 1014 Mariae
1124 975 1286 1029 eiusque
1314 976 1432 1017 sociis
1464 978 1691 1018 mulieribus

134 1041 302 1082 dixerit:
339 1044 438 1092 Quid
465 1044 647 1093 quaet-itis
678 1045 855 1080 viventem
888 1056 969 1080 eum
1003 1047 1190 1081 mortuis?
1244 1042 1364 1084 Vides
1392 1052 1430 1084 ut
1459 1047 1597 1086 vivens
1623 1047 1685 1086 ille
1706 1056 1777 1083 Luc.
1791 1056 1834 1090 2⁴,
1854 1057 1879 1083 ι’».

135 1125 221 1150 cum
255 1124 323 1150 sua
349 1108 551 1149 divinitate
579 1116 617 1148 et
642 1123 758 1149 carne
789 1111 1026 1150 surrexerit.
1089 1109 1232 1165 Neque
1257 1125 1353 1151 vero
1382 1113 1485 1152 inter
1517 1121 1692 1153 mortuos

134 1177 299 1232 amplius
326 1177 491 1217 iacebat.
558 1174 642 1217 Cur
665 1184 792 1217 autem
819 1178 870 1218 ita
897 1177 1051 1219 locutus
1075 1186 1157 1229 est,
1193 1182 1395 1228 Surrexit,
1430 1196 1503 1220 nou
1525 1190 1583 1220 est
1602 1184 1690 1221 hle?
1710 1191 1897 1227 Matth.lss‚6.

133 1260 210 1286 non
236 1253 363 1286 autem
391 1246 442 1286 ita
467 1245 587 1286 dixit:
637 1245 839 1286 Excitavit
867 1260 953 1286 eum
979 1247 1097 1297 deus,
1141 1255 1180 1287 et
1210 1263 1287 1288 non
1320 1255 1381 1289 est
1413 1249 1499 1289 bic?
1545 1250 1619 1290 nisi
1652 1258 1692 1290 ut

133 1321 364 1369 potestatem
392 1313 494 1354 illius
517 1314 761 1364 ostenderet,
797 1314 978 1368 quoniam
1008 1322 1046 1354 et
1067 1314 1180 1355 vivus
1201 1318 1404 1357 surrexit?
1447 1316 1552 1371 Quin
1575 1319 1690 1359 etiam

133 1383 355 1438 priusquam
396 1383 479 1437 ipse
517 1390 716 1437 pateretur
751 1382 961 1436 discipulos
1000 1397 1093 1423 suos
1136 1385 1192 1424 sic
1233 1385 1424 1425 allocutus
1456 1393 1537 1426 est:
1587 1390 1688 1427 Ecce
1714 1391 1827 1453 ὲῐθῒῑῦ-

133 1454 369 1490 ascendimus
402 1453 685 1501 Hierosolyma,
735 1459 771 1490 ct
803 1454 975 1490 tradetur
999 1453 1115 1503 filius
1146 1455 1306 1492 hominis
1345 1462 1386 1492 ut
1417 1456 1683 1506 crucifigatur,
1759 1447 1766 1460 ’
1822 1448 1827 1453 .

133 1528 171 1559 et
209 1523 321 1559 tertia
352 1522 411 1558 die
449 1528 638 1570 resurget.
710 1518 803 1559 Non
838 1520 958 1569 dixit,
1005 1519 1205 1560 Excitabit
1238 1522 1387 1576 ipsum,
1433 1524 1500 1563 sed
1536 1533 1686 1579 aperte,

133 1588 233 1642 quod
267 1588 311 1628 ad
336 1601 419 1628 eam
444 1601 524 1628 rem
550 1587 710 1637 attinet,
753 1601 848 1628 suae
874 1588 949 1627 vim
977 1590 1184 1643 potestatis
1208 1590 1383 1644 aperuit,
1419 1591 1575 1642 dicens,
1619 1596 1822 1657 P⁰·¹‘1'3‘¹¹l's

134 1664 301 1695 testatem
335 1657 450 1695 habeo
481 1659 641 1695 (mimam
673 1671 788 1694 meam
815 1671 974 1708 ponere,
1019 1665 1059 1696 et
1084 1673 1230 1697 sumere
1261 1662 1392 1710 ipsam.
1460 1658 1537 1712 Qui
1569 1660 1689 1715 igitur
1762 1652 1769 1665 ’
1825 1649 1832 1656 ’

133 1732 366 1780 potestatem
405 1724 594 1775 babebat,
642 1725 892 1780 semetipsum
932 1725 1110 1765 excitare
1147 1741 1223 1766 non
1261 1728 1414 1781 potuit?
1473 1728 1690 1783 Apostolus

131 1808 229 1835 vero
255 1793 346 1833 nihil
371 1793 516 1847 absque
550 1794 672 1847 patris
702 1794 901 1833 voluntate
933 1793 972 1833 in
999 1794 1304 1834 administranda
1336 1796 1532 1836 bominum
1566 1798 1692 1838 salute

134 1869 286 1917 gestum
322 1862 593 1902 demonstrare
628 1861 811 1916 cupiens,
856 1862 908 1902 ita
940 1861 1121 1916 scripsit:
1172 1866 1273 1902 Deus
1303 1867 1503 1903 suscitavit
1532 1868 1637 1905 illum
1668 1881 1690 1905 a
1710 1876 1818 1911 Acus,
1839 1877 1879 1904 15.

135 1934 308 1970 mortuis.
374 1928 478 1970 Nam
515 1937 552 1969 et
578 1930 654 1970 alio
679 1930 764 1970 loeo
790 1930 891 1970 idem
918 1931 1142 1985 apostolus,
1192 1934 1374 1980 Tametsi,
1411 1932 1556 1987 inquit,
1591 1943 1899 1979 mor-2.Cor.13‚⁴.

137 2008 224 2039 tuus
254 2007 310 2038 est
340 2014 388 2038 ez·
418 2000 694 2046 imbecillitate,
741 2002 832 2038 vivit
868 2014 917 2038 eoe
948 2003 1098 2038 virtute.
1164 1997 1250 2054 Ego
1280 2014 1377 2041 vero
1413 2002 1592 2055 quidnam
1625 2002 1690 2043 isti

137 2067 315 2108 bomines
348 2074 424 2108 tam
455 2075 635 2108 accurata
661 2081 861 2108 sacrarum
886 2068 1086 2108 literarum
1112 2067 1278 2108 scientia
1303 2070 1466 2124 praediti
1492 2070 1529 2110 in
1563 2071 1693 2112 animo

136 2135 328 2187 babeant,
364 2137 532 2177 libenter
555 2137 819 2190 interrogem,
863 2136 952 2190 quid
985 2136 1022 2176 in
1059 2136 1174 2177 unico
1207 2137 1267 2177 dei
1303 2138 1379 2178 filio
1413 2137 1692 2180 imbecillitatis

136 2205 276 2254 fuerit,
313 2219 382 2260 per
409 2220 521 2260 quem
549 2206 699 2246 coelum
728 2219 944 2260 expansum
969 2213 1030 2245 est
1051 2211 1089 2245 et
1113 2206 1365 2260 productum,
1401 2219 1470 2260 per
1498 2221 1610 2260 quem
1634 2207 1694 2248 sol

134 2274 342 2328 splendore
366 2276 545 2329 perfusus
572 2281 651 2324 est,
687 2288 758 2328 per
778 2287 891 2328 quem
920 2274 1088 2313 illuxere
1113 2273 1259 2319 sidera,
1292 2288 1363 2328 per
1389 2288 1501 2328 quem
1523 2288 1543 2314 e
1572 2275 1691 2316 nibilo

135 2349 226 2383 sunt
251 2343 378 2383 omnia
404 2344 607 2398 producta.
643 2341 769 2395 Quam
791 2341 910 2396 igitur
933 2342 1237 2382 imbecillitatem
1264 2342 1298 2382 ei
1320 2342 1518 2382 tribuunt?
1542 2342 1693 2385 Eamne

136 2425 247 2466 quam
271 2411 309 2451 in
338 2419 473 2452 nostra
497 2425 615 2451 carne
631 2443 640 2461 ,
677 2411 740 2451 ubi
762 2411 865 2451 illam
889 2411 1038 2461 induit,
1073 2409 1135 2450 dei
1156 2410 1318 2450 verbum
1345 2410 1382 2450 in
1406 2424 1495 2451 sese
1523 2418 1695 2452 transtu-

135 2479 202 2530 lit,
238 2494 312 2534 quo
336 2479 600 2520 infirmitatem
626 2486 798 2520 nostram
828 2479 910 2534 ipse
935 2482 1136 2535 portaret?
1197 2478 1531 2532 Quemadmodum
1559 2480 1606 2520 de
1627 2479 1694 2520 illo

137 2548 327 2603 propbeta
355 2548 520 2588 cecinit:
554 2550 801 2600 Itfirrni'tates
823 2556 974 2587 nostras
995 2551 1178 2600 suscepit,
1215 2556 1253 2586 et
1271 2548 1418 2586 morbos
1443 2549 1542 2587 tulit.
1609 2545 1687 2601 Igi-
1706 2557 1789 2586 Esai.
1811 2558 1852 2593 1³,
1872 2560 1897 2586 4.

137 2624 200 2657 tur
221 2624 397 2657 mortuus
420 2623 480 2656 est
507 2624 665 2671 propter
689 2616 952 2657 infirmitatem
981 2623 1152 2656 nostram
1176 2616 1215 2655 in
1240 2615 1433 2656 imbecilla
1458 2630 1593 2667 carne,
1627 2616 1692 2657 ille

136 2685 221 2741 ipse
243 2685 305 2740 qui
329 2686 410 2726 vita
432 2692 493 2725 est
517 2691 556 2725 et
575 2685 756 2725 immunis
780 2699 801 2725 a
825 2685 1009 2740 passione
1030 2685 1148 2724 deus:
1185 2683 1283 2724 vivit
1300 2692 1429 2724 autem
1454 2698 1506 2725 ex
1527 2684 1689 2725 virtute.

140 2757 254 2794 Vivus
284 2762 340 2794 est
370 2757 465 2793 euim
502 2768 623 2792 sermo
653 2756 732 2800 dei,
781 2762 818 2792 et
848 2755 1010 2805 officum,
1059 2760 1096 2791 et
1120 2754 1394 2803 penetrabilior
1431 2757 1533 2792 omni
1555 2755 1687 2804 gladio
1706 2762 1836 2798 liebr.4‚
1856 2762 1897 2790 1².

138 2826 309 2875 ancipiti.
377 2820 512 2875 Quare
539 2828 715 2862 mortuus
742 2828 801 2861 est
825 2834 878 2861 ex
908 2819 1157 2870 infirmitate,
1202 2820 1300 2861 vivit
1318 2828 1447 2861 autem
1479 2835 1530 2861 ex
1554 2821 1694 2861 diviui-

141 2892 230 2932 tatis
261 2905 356 2932 suae
382 2890 551 2940 virtute,
587 2897 626 2930 et
648 2890 686 2929 in
714 2903 831 2929 carne
857 2896 991 2929 nostra
1014 2888 1134 2938 vivit,
1169 2887 1208 2928 in
1234 2903 1309 2943 qua
1337 2890 1560 2944 passionem
1588 2889 1694 2930 illam

136 2996 302 3033 punctione
322 2995 380 3025 hac
403 2986 492 3032 (3833
516 2989 586 3026 ἀλλ’
606 2991 659 3025 ἵνα
681 2990 817 3031 δείξωσι
840 3010 859 3014 -
875 3009 892 3014 -
986 2992 1017 3022 8.
1043 2992 1185 3022 Fortasse
1209 2989 1300 3032 παρὰ
1323 2990 1452 3025 τούτου.

139 3035 277 3080 ἀνέστη.
319 3038 377 3072 καὶ
400 3042 466 3070 cett.
986 3036 1016 3069 9.
1044 3031 1113 3079 ἅδη
1139 3037 1228 3068 codd.
1245 3047 1319 3070 mss.
1343 3041 1370 3069 et
1394 3039 1440 3070 ed.
1460 3039 1560 3078 princ.

209 3095 328 3130 corpus
347 3093 524 3120 llaereseol.
551 3091 588 3119 11.
608 3094 634 3120 2.
1367 3099 1418 3137 44
