2030 3324
509 191 692 224 PANARn
716 191 800 225 Lm.
820 193 859 225 n.
884 193 992 226 ToM.
1013 195 1053 226 n.
1078 193 1210 227 HAER.
1232 195 1358 228 inx.
1631 188 1713 229 679

162 275 246 324 Ego
277 286 382 319 sum,
427 270 574 324 inquit,
622 275 680 310 via
719 280 756 311 et
788 288 858 325 per
888 289 944 312 me
977 277 1239 325 ingredientia·
1267 278 1318 314 ad
1341 283 1502 327 patrem.
1567 274 1628 316 Ac
1661 289 1708 316 ne
1744 294 1866 323 ΜΗ,

161 340 245 394 quis
271 340 459 379 minorem
489 339 576 378 ideo
604 353 692 380 esse
720 347 827 394 patre
853 342 1057 392 erederet,
1092 343 1191 396 quod
1221 356 1289 397 per
1321 343 1445 398 ipsum
1480 344 1526 384 ad
1561 350 1710 398 patrem

161 408 287 449 aditus
317 413 492 462 pateret,
536 406 592 446 sic
623 407 699 447 alio
723 408 807 447 loco
832 409 954 458 dixit,
1001 412 1118 448 Nemo
1150 414 1269 449 veniet
1299 414 1349 449 ad
1377 427 1454 459 me,
1502 415 1580 451 m'si
1601 420 1714 464 pater
1734 415 1838 477 ¹3³2}-

160 490 261 516 meus
284 477 454 514 coelestss
476 478 639 514 tim-erit
663 478 783 515 illum.
849 474 973 530 igitur
995 484 1032 516 et
1055 483 1164 531 pater
1183 477 1228 516 ad
1252 478 1367 518 lilium
1394 479 1513 530 ducit,
1547 487 1586 520 et
1610 479 1709 520 lilius
1768 470 1775 484 ’
1831 469 1836 474 ’

158 544 204 584 ad
231 551 403 598 patrem,
450 550 487 582 et
513 550 676 596 uterque
706 558 773 598 per
800 543 977 598 spiritum
1013 551 1189 584 sanetum
1217 545 1443 586 introducit.
1505 546 1608 587 Nam
1642 547 1710 587 tri-

158 612 259 652 nitas
292 610 329 650 in
361 625 435 650 una
461 610 729 665 singularique
753 611 956 651 divinitate
985 618 1173 666 perpetuo
1198 614 1400 665 consistit,
1445 622 1485 654 ut
1519 616 1589 654 tria
1623 629 1710 670 per-

160 680 260 720 fecta
292 679 392 727 sint,
428 692 581 732 unaque
614 679 814 719 divinitas.
878 680 1010 733 Atque
1044 679 1116 719 hoe
1149 680 1262 720 modo
1293 681 1580 722 baereticorum
1614 684 1709 723 isto-

157 761 241 787 rum
274 746 406 800 opinio
438 746 651 786 cohaerere
684 761 758 786 non
793 753 935 801 potest.

271 812 348 855 Sed
393 815 483 854 illud
524 814 726 854 obiiciunt.
792 812 875 855 Cur
913 814 1032 868 igitur
1063 814 1261 868 discipulis
1301 817 1381 856 suis
1415 815 1598 858 Christus
1639 818 1708 858 ali·
1734 829 1814 871 Cap.
1841 827 1913 859 Lv.

158 883 312 937 quando
345 882 467 932 dixit,
519 885 620 921 l'aclo
660 885 710 921 ad
743 890 890 934 patrem
931 897 1071 930 meum,
1123 891 1159 921 el
1188 892 1335 934 patrem
1368 894 1552 934 vesu-um,
1602 889 1708 925 deum
1733 905 1834 932 loaun.

155 966 271 990 meum
311 959 350 990 et
376 954 481 990 (lemn
522 958 698 989 vestrum.
773 948 875 990 Nam
915 950 946 990 si
986 951 1097 989 deum
1139 964 1251 990 suum
1296 953 1462 1003 l'aletur,
1513 955 1706 1007 quomodo
1740 940 1846 973 ²⁰⁸st

157 1018 244 1059 linio
277 1019 450 1072 aequalis
483 1031 571 1058 esse
605 1017 770 1071 poterit,
817 1018 879 1057 vel
912 1017 959 1057 ab
992 1031 1039 1057 eo
1080 1019 1254 1072 germani
1289 1019 1352 1059 lilii
1385 1034 1493 1060 more
1526 1023 1709 1074 genitus?

155 1087 286 1141 Atque
319 1087 389 1126 hae
421 1085 572 1140 quidem
607 1085 786 1125 oratione
818 1099 968 1125 summa
1008 1099 1052 1126 se
1092 1085 1129 1125 in
1169 1086 1348 1126 omnibus
1382 1088 1441 1127 dei
1484 1088 1708 1142 ignorantia

154 1155 334 1195 laborare
361 1155 652 1203 demonstrant,
687 1166 759 1193 nec
791 1167 843 1193 ex
876 1153 952 1193 ulla
985 1160 1093 1208 parte
1126 1154 1321 1206 evangelii
1352 1155 1562 1209 splendore
1588 1157 1709 1196 collu-

153 1222 286 1262 strari.
350 1221 508 1262 Etenim
542 1221 715 1275 quisquis
749 1221 987 1275 perscrutari
1022 1228 1061 1261 et
1091 1235 1112 1261 a
1144 1221 1278 1262 seculo
1307 1236 1353 1262 ac
1385 1237 1454 1277 per
1486 1224 1709 1278 generatio-

155 1304 224 1330 nes
256 1290 441 1344 indagare
474 1290 668 1340 voluerit,
715 1303 813 1343 quae
847 1290 897 1329 sit
929 1289 1108 1329 veritatis
1150 1290 1187 1329 in
1221 1290 1430 1331 salvatoris
1463 1292 1587 1332 nostri
1621 1306 1709 1347 per-

157 1360 255 1398 l'ecta
287 1357 474 1407 scientia,
516 1358 676 1411 eiusque
709 1371 793 1397 cum
828 1364 938 1412 patre
970 1357 1216 1411 aequalitatis
1250 1357 1331 1408 vis,
1366 1358 1574 1413 intelliget.
1639 1359 1709 1400 lsti

155 1439 251 1466 vero
287 1424 453 1466 {udaieis
486 1425 733 1480 opinionibus
771 1425 943 1480 impediti
976 1425 1166 1466 adversus
1199 1426 1259 1466 dei
1299 1426 1416 1467 {ilium
1450 1428 1708 1468 exstimulan-

155 1500 238 1545 tur,
274 1494 432 1547 perinde
466 1501 579 1548 atque
614 1493 666 1533 illi
695 1491 854 1534 Christo
888 1493 1090 1543 dicebant,
1125 1496 1282 1533 Nullum
1314 1496 1359 1533 ob
1389 1497 1497 1534 allud
1524 1498 1647 1535 scelus
1675 1496 1850 1562 te1‘1’3J‘3‘3·

155 1564 385 1614 lapidamus,
435 1565 501 1601 sed
529 1564 629 1614 quod
664 1564 770 1600 homo
801 1576 883 1601 eum
915 1565 990 1609 είς,
1029 1563 1160 1613 filium
1192 1565 1256 1601 dei
1285 1567 1440 1615 leae'psum
1471 1567 1641 1603 nominas
1671 1573 1709 1603 et

150 1633 342 1683 aequalem
380 1633 447 1669 deo
487 1638 521 1669 te
552 1632 665 1682 sacis.
743 1628 826 1670 Hac
865 1629 918 1669 illi
958 1627 1263 1670 Pharisaeorum
1304 1645 1348 1671 ac
1391 1630 1623 1672 ludaeorum
1666 1631 1706 1672 in

151 1695 352 1739 Christum
384 1699 585 1739 iracundia
623 1697 761 1753 perciti
795 1698 995 1748 feruntur,
1044 1711 1169 1751 neque
1203 1698 1320 1739 lilium
1361 1700 1563 1754 aequalem
1596 1700 1707 1753 geni-

151 1768 227 1807 tori
259 1766 435 1806 confiteri
470 1767 620 1806 volunt.
686 1764 774 1819 Qua
805 1766 844 1806 in
877 1779 920 1806 re
952 1779 1151 1806 sacrarum
1177 1766 1378 1807 literarum
1403 1774 1624 1808 accuratam
1648 1768 1705 1808 di-

151 1835 349 1889 ligentiam
382 1834 559 1889 inprimis
593 1835 822 1884 considera,
870 1847 968 1888 quae
1000 1841 1091 1874 ante
1133 1835 1442 1876 incarnationem
1477 1836 1570 1876 nihil
1603 1836 1705 1876 eius-

149 1903 251 1943 modi
285 1903 332 1942 de
355 1899 516 1943 Christo
549 1903 870 1957 pronuntiarunt,
901 1902 968 1942 sed
1002 1909 1112 1957 pater
1144 1902 1222 1943 filio
1247 1903 1396 1944 dixisse
1424 1904 1592 1958 legitur,
1628 1907 1702 1944 Fa·
1721 1915 1798 1943 Gen.
1821 1917 1848 1950 1,
1867 1915 1909 1943 26.

149 1975 292 2011 ciamus
314 1973 516 2019 hominem,
554 1978 592 2011 ut
618 1970 834 2010 eommunis
863 1969 1002 2024 opificii
1026 1977 1225 2011 auctorem
1254 1972 1401 2026 pariter
1432 1972 1549 2012 filium
1575 1973 1705 2027 appel-

150 2040 199 2080 let
226 2045 264 2079 ct
289 2039 523 2092 aequalitate
549 2053 776 2092 germanum
802 2038 1011 2092 significet.
1073 2037 1217 2092 Neque
1239 2054 1335 2080 vero
1358 2047 1436 2080 tum
1461 2041 1562 2081 filius
1587 2044 1704 2080 Deum

149 2123 287 2155 meum,
330 2115 370 2145 et
396 2109 501 2146 deum
532 2115 693 2146 vestrum
727 2107 874 2160 uspiam
908 2106 1078 2147 vocavit.
1145 2105 1240 2147 ltem
1273 2108 1450 2148 Adamus
1481 2112 1556 2148 Dei
1582 2124 1703 2148 vocem
1724 2119 1801 2147 Gen.
1825 2120 1906 2155 3‚18.

149 2178 321 2215 eoeaetde'z't
350 2176 576 2214 ambulantis
609 2178 645 2214 e'n
678 2178 883 2214 paradiso.-
921 2182 1024 2225 tum,
1058 2178 1135 2215 Fae
1167 2177 1238 2215 le‘bz‘
1263 2191 1390 2215 arcam
1421 2179 1466 2215 (le
1497 2179 1613 2227 lignis
1644 2180 1701 2216 in·
1721 2187 1798 2214 Gen.
1819 2188 1846 2222 o,
1867 2187 1908 2216 14.

149 2247 361 2295 eorrupstls:
397 2250 449 2291 et,
484 2245 585 2282 I’lm‘t
615 2246 785 2282 dominas
815 2258 837 2282 ιι
868 2246 1028 2283 domino.
1094 2242 1190 2284 Item
1224 2244 1401 2284 dominus
1423 2242 1580 2299 Moysi:
1614 2247 1699 2295 Ego
1721 2255 1906 2290 Exod.3‚6-

148 2327 228 2351 sum
260 2315 350 2351 deus
366 2313 559 2358 Abi-ctam,
595 2319 634 2349 et
659 2314 748 2350 dens
779 2314 909 2359 Isaac,
944 2320 980 2350 el
1002 2315 1093 2351 dens
1123 2314 1249 2352 Iacob.
1297 2311 1522 2365 Quinetiam
1546 2310 1699 2352 David:

148 2384 260 2420 Deli-it
279 2382 611 2419 donnnusdonu'no
636 2394 734 2427 mee,
771 2382 866 2419 Sede
885 2394 906 2418 ιι
927 2382 1073 2419 dextris
1104 2384 1206 2420 meis.
1271 2379 1359 2420 Nec
1392 2379 1496 2420 ullibi
1523 2380 1702 2421 dominns
1732 2392 1781 2419 Ps.
1804 2392 1862 2428 109,
1884 2394 1906 2422 1.

149 2452 265 2488 Deum
291 2463 407 2487 meum
432 2456 469 2486 et
489 2451 594 2487 (lenm
626 2456 785 2486 vestrum
810 2448 1039 2488 nominavit.
1086 2446 1272 2489 Ceterum
1296 2448 1357 2488 ubi
1382 2461 1547 2502 corpore
1568 2455 1702 2489 nostro

149 2523 358 2571 suscepto,
401 2519 445 2555 Ιιι
479 2524 581 2555 terra
613 2519 714 2554 ve'sus
744 2524 819 2563 est,
862 2524 899 2555 et
927 2531 1010 2555 eum
1041 2518 1251 2555 hominibus
1281 2524 1545 2564 conversatus,
1581 2523 1698 2571 atque
1719 2524 1828 2587 Bgrgg-

149 2586 253 2624 inter
285 2598 355 2624 nos
395 2591 621 2623 numeratus
655 2591 738 2634 est,
786 2591 877 2624 tunc
909 2584 1119 2638 discipulos
1157 2598 1250 2624 suos
1287 2584 1515 2639 alloquens,
1564 2585 1702 2639 quibus
1758 2580 1766 2593 ⁷
1820 2580 1826 2587 ’

151 2666 237 2692 cum
270 2651 479 2705 adaequari
512 2652 664 2706 penitus
705 2651 790 2691 solo
823 2659 990 2706 excepto
1023 2659 1184 2707 peccato
1217 2652 1370 2703 debuit,
1417 2656 1534 2692 Deum
1565 2667 1697 2701 meum,
1725 2650 1845 2721 '33:¹25

154 2721 277 2771 dixit,
312 2728 347 2759 el
377 2722 482 2758 deum
516 2727 698 2766 vestrum,
729 2728 876 2771 palrem
908 2735 1050 2768 meum,
1084 2729 1123 2759 et
1143 2728 1291 2773 patrem
1323 2729 1499 2760 restrum.
1542 2719 1701 2762 Patrem

151 2801 304 2839 meum,
340 2794 478 2828 natura
512 2788 661 2827 scilieet
693 2802 738 2827 ac
770 2788 972 2828 divinitate
1005 2795 1152 2843 patrem
1185 2797 1382 2839 vestrum,
1417 2789 1540 2843 gratia
1563 2790 1702 2830 dunta-

195 2911 226 2945 7.
249 2909 348 2954 ἡμῶν
366 2914 512 2944 mendum
535 2916 576 2944 est
596 2914 642 2944 ed.
671 2914 778 2945 Petav.
798 2914 900 2945 Colon.
947 2911 1029 2955 τέρα
1052 2910 1146 2955 ὑμῶν
1170 2915 1215 2945 bis
1238 2917 1345 2947 extant
1376 2917 1409 2947 in
1433 2916 1480 2947 ed.
1506 2916 1615 2949 Petav.
1645 2916 1701 2947 Co-

149 2960 303 2998 repetitae.
947 2960 1007 2990 lon.
1029 2962 1121 2999 repet.

194 3008 224 3034 δ’.
256 3005 351 3036 Verba
374 3002 503 3046 πατέρα
524 3015 586 3046 μου
605 3002 663 3046 μὲν
688 3021 705 3028 -
727 3021 746 3028 -·
768 3002 827 3037 καὶ
841 3014 902 3036 πα·
