2030 3324
175 1154 241 1182 pag.
260 1146 318 1174 721.

166 1753 252 1796 Κεφ.
276 1750 311 1788 ε’.

338 240 418 279 576
902 245 1062 278 SANCTI
1085 246 1310 279 EPIPHANII

339 319 765 372 Κωνσταντινουπόλει,
807 321 872 362 ἐπὶ
904 319 1157 377 Ἀλεξάνδρου
1189 322 1408 365 ἐπισκόπου
1439 321 1655 376 ὁμωνύμου
1699 327 1803 379 θιτοῢ
1833 323 1874 365 ἐν

335 388 602 445 Ἀλεξανδρείᾳ
633 386 870 440 ἐπισκόπου,
902 387 1014 437 ὄντος
1045 389 1086 430 δὲ
1117 389 1336 432 ἐπισκόπου
1370 388 1834 438 Κωνσταντινουπόλεως.

437 455 543 508 ’Ήδη
575 456 616 497 δὲ
648 454 670 497 ὁ
695 459 909 511 μακαρίτης
931 454 1179 511 Ἀλέξανδρος
1210 455 1233 497 o‘
1259 458 1299 499 ἐν
1318 455 1582 515 Ἀλεξανδρείᾳ
1610 456 1703 511 μετὰ
1725 455 1796 510 τὴν
1818 473 1875 498 τε-

334 523 470 577 λευτὴν
486 526 688 576 Μελητίου
713 528 783 565 τοῦ
804 524 1090 579 προειρημένου
1115 521 1367 579 όμολογητοῦ,
1400 531 1513 578 ζῆλον
1533 523 1755 578 ἀνειληφώς
1777 523 1875 566 κατά

335 596 406 633 τοῦ
436 594 641 645 σχίσματος
674 595 743 643 τῆς
775 592 998 644 ἐκκλησίας,
1038 588 1164 644 πάντη
1196 590 1289 640 τούς
1317 594 1397 649 ἰδίᾳ
1427 592 1682 647 συνάγοντας,
1722 590 1802 634 ὖπὸ
1834 591 1876 632 δὲ

337 661 538 711 Μελητίου
568 659 918 710 καταλειφθέντας,
951 657 1076 700 ἐδόκει
1100 657 1305 712 ταράσσειν
1327 676 1366 700 τε
1390 661 1455 701 καὶ
1479 661 1649 713 συνέχειν
1673 657 1876 713 βιάζεσθαί

334 743 392 778 τε,
434 725 542 775 ὅπως
575 725 627 779 μή
654 725 904 779 ἀφηνιάσωσι
933 730 1002 778 τῆς
1027 729 1121 778 μιᾶς
1144 727 1357 779 ἐκκλησίας.
1423 729 1474 768 Oi
1497 728 1539 769 δὲ
1563 726 1617 781 μή
1641 725 1876 780 βουλόμενοι

337 793 544 849 ἐτάραττον
573 795 639 834 καὶ
667 791 837 848 ταραχάς
862 791 1062 847 ἐνήργουν.
1118 793 1191 835 Ἐκ
1214 792 1355 835 τούτου
1386 794 1606 848 πιεζόμενοι
1631 796 1695 836 καὶ
1722 792 1875 847 συνεχό-

336 878 444 915 μενοι
465 859 544 902 ὖπὸ
566 866 635 902 τοῦ
659 863 853 915 μακαρίου
868 858 1122 916 Ἀλεξάνδρου
1145 863 1380 916 ἐπιχειροῦσί
1400 878 1500 910 τινες
1520 864 1558 912 ἐξ
1579 860 1708 903 αὐτῶν
1734 866 1748 890 ¹
1765 860 1877 916 άκρέ-

337 946 470 983 μονες,
497 930 564 970 καὶ
592 927 639 969 τά
660 933 830 983 πρωτεῖα
851 926 1143 982 ἀποφερόμενοι
1163 930 1204 970 ἕν
1226 945 1265 969 τε
1289 927 1463 986 εὐσεβείᾳ
1485 931 1552 970 καὶ
1583 930 1659 971 2ἐν
1682 931 1778 986 βίῳ,
1809 930 1876 970 καὶ

337 998 549 1039 στέλλονται
572 997 636 1038 ἐπὶ
660 994 702 1037 τὸ
729 995 974 1049 3κομητιίτον
996 997 1169 1049 ἐντυχίας
1188 998 1313 1049 ἕνεκα,
1344 1001 1416 1038 τοῦ
1438 1000 1458 1024 4
1474 998 1645 1050 ἐντυχεῖν
1663 997 1729 1038 καὶ
1758 995 1876 1038 5ἇνε-

337 1071 459 1119 θῆναι
483 1071 554 1106 τοῦ
577 1065 756 1119 συνάγειν
784 1064 888 1121 ἰδία,
927 1065 994 1105 καὶ
1017 1063 1069 1117 μή
1091 1063 1325 1105 κωλύεσθαι.
1378 1059 1451 1105 ῒΗν
1471 1065 1512 1106 δὲ
1533 1062 1791 1117 Παφνούτιός
1819 1080 1876 1112 τις

340 1135 458 1189 μέγας
479 1132 580 1188 ἀνὴρ
602 1130 874 1187 άναχωρητής,
907 1132 971 1173 καὶ
992 1130 1113 1180 αὐτὸς
1139 1130 1225 1180 υίὸς
1246 1129 1531 1187 ὁμολογητρίας
1552 1131 1770 1187 τυγχάνων,
1803 1148 1876 1172 πα-

336 1200 564 1257 ραψάμενος
594 1201 658 1242 καὶ
691 1198 810 1247 αὐτὸς
845 1203 979 1247 ποσῶς
1009 1204 1077 1252 τῆς
1107 1197 1335 1254 ὁμολογίας,
1372 1198 1556 1252 Ἰωάννης
1590 1215 1629 1240 τε
1662 1200 1877 1247 ἐπίσκοπος

336 1274 414 1310 τῶν
437 1268 586 1317 αὐτῶν,
619 1265 719 1321 ἀνὴρ
749 1267 815 1308 καὶ
842 1264 960 1314 αὐτὸς
977 1265 1223 1319 τιμιώτατος,
1268 1266 1500 1315 Καλλίνικός
1534 1283 1574 1308 τε
1605 1265 1628 1309 ὁ
1652 1268 1693 1308 ἐν
1720 1271 1876 1319 Πηλου-

339 1340 409 1394 σίῳ
434 1338 663 1386 ἐπίσκοπος,
707 1335 774 1375 καὶ
805 1332 910 1375 ἄλλοι
934 1333 1033 1381 τινὲς
1060 1336 1100 1375 οἵ
1135 1338 1250 1375 τοῦτο
1283 1333 1559 1387 ποιησάμενοι,
1599 1336 1740 1383 οἵτινες
1764 1331 1877 1376 άπελ-

336 1404 480 1452 θόντες
507 1403 605 1444 6καὶ
629 1400 852 1454 ἐντυχόντες
876 1405 931 1457 τῷ
952 1403 1103 1453 βασιλεῖ
1122 1399 1385 1456 ἀπετρέποντο
1409 1403 1474 1443 καὶ
1502 1400 1765 1455 7ἐξεβάλοντο.
1829 1402 1880 1442 Οἱ

337 1471 408 1527 γάρ
432 1473 471 1513 ἐν
493 1475 545 1528 τῷ
569 1471 743 1526 παλατίῳ
767 1467 1004 1517 ἀκούσαντες
1024 1473 1284 1522 Μελητιανῶν
1307 1468 1432 1523 ὄνομα
1441 1504 1450 1522 ,
1482 1470 1550 1511 καὶ
1579 1467 1812 1524 ἀγνοοῦντες
1840 1470 1876 1510 τί

336 1539 384 1580 ι’ὶν
414 1541 472 1592 εἴη
503 1536 546 1580 τὸ
576 1541 776 1589 τοιοῦτον,
809 1535 855 1578 οὐ
887 1535 1130 1592 συνεχώρουν
1161 1535 1297 1587 αὐτοῖς
1327 1538 1495 1591 ἐντυχεῖν
1524 1541 1579 1594 τῷ
1609 1539 1768 1590 βασιλεῖ.

451 1744 530 1784 Καὶ
562 1744 603 1784 ἐν
631 1741 754 1799 τούτῳ
789 1743 1010 1795 συμβέβηκε
1040 1744 1335 1797 χρονοτριβῆσαι
1369 1746 1461 1790 τοῦς
1493 1742 1583 1798 περὶ
1616 1737 1876 1793 Παφνούτιον

337 1812 403 1853 καὶ
424 1809 608 1864 Ἰωάννην
635 1811 702 1851 καὶ
733 1808 895 1858 λοιποῦς
919 1810 983 1851 ἐπὶ
1017 1808 1064 1850 τά
1095 1811 1190 1864 μέρη
1214 1814 1283 1863 τῆς
1308 1808 1780 1861 Κωνσταντινουπόλεως,
1809 1809 1876 1850 καὶ

340 1881 618 1932 Νικομηδείας.
685 1876 778 1918 Τότε
800 1877 840 1918 δὲ
862 1882 1084 1928 φιλιοῦνται
1118 1876 1320 1935 ἐπισκόπῳ
1345 1879 1615 1930 Νικομηδείας
1636 1881 1691 1934 τῷ
1728 1873 1872 1917 1Εὐσε-

337 1949 429 2003 βίῳ,
460 1947 527 1988 καὶ
548 1945 814 2000 άναφέρουσιν
837 1945 944 2001 αὐτῷ
964 1943 1011 1986 τά
1036 1943 1133 1986 κατά
1155 1944 1225 1998 τήν
1249 1943 1398 1998 ἳαύτὴν
1420 1942 1626 1987 ὑπόθεσιν.
1671 1942 1877 1985 ’Ήιδεισαν

337 2013 409 2070 γάρ
433 2012 554 2056 αὐτόν
577 2011 678 2068 πρός
706 2011 773 2054 τὸν
804 2013 962 2065 βασιλέα
990 2017 1291 2054 Κωνσταντῖνον
1317 2014 1538 2068 παρρησίαν
1564 2013 1682 2065 ἔχειν,
1723 2009 1876 2061 άξιοῦσί

337 2099 376 2123 τε
394 2080 511 2123 αὐτόν
531 2079 579 2122 δι’
601 2079 725 2121 αὐτοῦ
744 2084 801 2137 τῷ
822 2083 973 2133 βασιλεῖ
990 2085 1269 2136 γνωρισθῆναι.
1327 2078 1370 2121 Ὁ
1391 2080 1433 2122 δὲ
1455 2078 1548 2133 μετά
1570 2078 1613 2121 τὸ
1634 2077 1877 2133 ὑποσχέσθαι

339 2148 484 2198 αὐτους
514 2147 686 2190 άνοίσειν
710 2152 763 2204 τῷ
792 2150 958 2201 βασιλεῖ,
1000 2151 1064 2190 καὶ
1091 2154 1250 2202 ποιῆσαι
1281 2146 1415 2197 αὐτοῖς
1438 2146 1480 2189 τὸ
1505 2152 1666 2203 πρᾶγμα
1697 2151 1767 2200 τῆς
1788 2145 1874 2200 δεή-

338 2232 450 2270 σεως,
482 2218 641 2258 αἰτεῖται
663 2213 754 2270 παρ’
782 2215 912 2257 αὐτῶν
935 2215 977 2258 τό
1005 2218 1148 2270 αἴτημα
1166 2221 1303 2268 τοῦτο,
1345 2214 1454 2264 ὅπως
1479 2216 1664 2265 δέξωνται
1695 2213 1876 2270 3”Λρειον

338 2283 413 2339 μετ’
439 2283 570 2326 αὐτῶν
592 2285 647 2332 εἰς
672 2286 901 2336 κοινωνίαν,
934 2287 1059 2337 δῆθεν
1083 2288 1356 2340 προςποιητῶς
1380 2282 1502 2325 αὐτόν
1522 2283 1589 2324 καὶ
1613 2284 1789 2339 εἰρωνείᾳ
1810 2297 1875 2335 με-

337 2357 563 2395 τανοοῦντα.
628 2353 680 2393 Οἱ
700 2351 740 2392 δὲ
765 2349 1042 2404 ὑπισχνοῦνται
1068 2350 1238 2404 4αὕτὸν,
1270 2353 1337 2393 καὶ
1364 2353 1548 2393 ἐντεῦθεν
1568 2350 1781 2406 προςφέρει
1805 2346 1871 2390 αὖ·

337 2419 430 2469 τούς
452 2425 507 2478 τῷ
529 2424 697 2475 βασιλεῖ,
728 2420 792 2460 καὶ
824 2417 870 2460 τά
896 2417 975 2460 κατ’
999 2417 1144 2468 αὐτούς
1167 2417 1361 2473 Εὐσέβιος
1391 2417 1664 2470 ἀναδιδάσκει,
1693 2418 1761 2459 καὶ
1785 2431 1875 2472 συγ-

337 2495 513 2543 χωρεῖται
533 2494 614 2536 τοῖς
637 2491 901 2540 Μελητιανοῖς
923 2487 1051 2528 ἔκτοτε
1075 2485 1168 2528 καθ’
1192 2486 1354 2536 ἕαυτούς
1375 2485 1573 2540 συνάγειν,
1612 2485 1678 2526 καὶ
1711 2483 1765 2538 μὴ
1794 2481 1874 2526 ὖπό

338 2574 454 2598 τινων
480 2561 497 2584 5
514 2554 721 2609 ὀχλεῖσθαι.
779 2552 848 2602 Ὡς
870 2556 955 2595 εἴθε
978 2557 1119 2606 μᾶλλον
1152 2557 1192 2596 οἱ
1214 2553 1326 2597 αὐτοὶ
1360 2557 1401 2597 οἱ
1426 2552 1497 2607 τὴν
1519 2550 1876 2607 άκροδικαιοσύνην

337 2628 406 2676 τῆς
427 2624 613 2676 ἀληθείας
636 2621 934 2677 άναδεδεγμένοι
954 2623 1198 2674 Μελητιανοὶ
1223 2621 1318 2675 μετά
1340 2625 1416 2664 τῶν
1444 2619 1750 2675 παραπεσόντων
1780 2617 1875 2672 μετὰ

340 2692 547 2743 μετάνοιαν
572 2689 833 2744 ἐκοινώιησαν
858 2688 958 2745 ’ἥπερ
986 2686 1120 2745 Ἀρείῳ
1153 2691 1220 2731 καὶ
1240 2695 1322 2739 τοῖς
1346 2688 1412 2730 ἀπ’
1437 2687 1569 2730 αὐτοῦ.
1629 2687 1771 2742 Γέγονε
1800 2684 1873 2741 γάρ

339 2758 475 2807 αὐτοῖς
495 2763 610 2800 τοῦτο
644 2756 742 2800 nocto}
764 2757 834 2811 τήν
855 2759 1070 2812 παροιμίαν
1093 2755 1153 2798 ὅτι
1184 2756 1394 2812 φεύγοντες
1423 2755 1492 2798 τὸν
1521 2753 1674 2796 καπνόν
1707 2754 1762 2802 εἰς
1793 2757 1873 2808 πῦρ

384 2860 416 2893 9.
441 2863 525 2893 Libri
555 2863 660 2902 scripti
697 2862 808 2892 habent
841 2860 897 2894 τοῦ
929 2855 1082 2900 Ἀλεξᾶν·
1173 2860 1204 2893 3.
1229 2858 1417 2902 κομητάτον
1442 2860 1487 2890 ed.
1498 2868 1548 2898 pr.
1568 2853 1766 2899 κωμητοίτον
1783 2857 1873 2888 codd.

339 2907 427 2948 δρου.
1130 2914 1202 2938 mss.
1228 2904 1427 2947 κωμητᾶτον
1451 2904 1498 2934 ed.
1521 2904 1628 2934 Pelav.

386 2950 463 2981 cm
486 2952 524 2982 V.
551 2969 593 2974 —
629 2952 656 2983 1.
680 2953 768 2983 Libri
795 2953 904 2983 habent
923 2948 1085 2993 οἷκραίμο-
1175 2948 1207 2982 4.
1231 2953 1341 2993 τυχεῖν
1364 2949 1431 2981 cod.
1451 2948 1579 2987 Rhediy.
1623 2978 1629 2983 ,

338 3005 400 3033 νες.
450 2996 496 3035 Cf.
519 3005 617 3035 supra
640 3006 709 3036 cap.
726 2998 753 3029 1.
1176 2995 1207 3027 ὃ.
1231 2991 1413 3036 ἅνευὲςῆναι
1435 2993 1545 3024 habent
1567 2992 1684 3032 scripti.

382 3040 416 3073 2.
443 3038 474 3073 ἐν
498 3050 557 3072 om.
583 3042 650 3072 cod.
675 3042 804 3082 Rhediy.

2020 39 2030 99 5¹⁴-—
