<?xml version="1.0" encoding="UTF-8"?>
<!DOCTYPE html PUBLIC "-//W3C//DTD XHTML 1.0 Transitional//EN"
    "http://www.w3.org/TR/xhtml1/DTD/xhtml1-transitional.dtd">
<html xmlns="http://www.w3.org/1999/xhtml" xml:lang="en" lang="en">
 <head>
  <title>
</title>
<meta http-equiv="Content-Type" content="text/html;charset=utf-8" />
  <meta name='ocr-system' content='tesseract 3.04.00' />
  <meta name='ocr-capabilities' content='ocr_page ocr_carea ocr_par ocr_line ocrx_word'/>
</head>
<body>
  <div class='ocr_page' id='page_1' title='image "./p2corporishaereseo02epipuoft/p2corporishaereseo02epipuoft_0608.png"; bbox 0 0 2030 3324; ppageno 0'>
   <div class='ocr_carea' id='block_1_1' title="bbox 223 335 370 370">
    <p class='ocr_par' dir='ltr' id='par_1_1' title="bbox 223 335 370 370">
     <span class='ocr_line' id='line_1_1' title="bbox 223 335 370 370; baseline 0.007 -10"><span class='ocrx_word' id='word_1_1' title='bbox 223 343 288 370; x_wconf 71' lang='lat' dir='ltr'><em>pag.</em></span> <span class='ocrx_word' id='word_1_2' title='bbox 310 335 370 363; x_wconf 77' lang='lat'><strong>726.</strong></span> 
     </span>
    </p>
   </div>
   <div class='ocr_carea' id='block_1_2' title="bbox 214 524 362 570">
    <p class='ocr_par' dir='ltr' id='par_1_2' title="bbox 214 524 362 570">
     <span class='ocr_line' id='line_1_2' title="bbox 214 524 362 570; baseline -0.02 -10"><span class='ocrx_word' id='word_1_3' title='bbox 214 528 299 570; x_wconf 73' lang='grc' dir='ltr'><em>Κεφ.</em></span> <span class='ocrx_word' id='word_1_4' title='bbox 322 524 362 560; x_wconf 76' lang='grc' dir='ltr'><em>κ’.</em></span> 
     </span>
    </p>
   </div>
   <div class='ocr_carea' id='block_1_3' title="bbox 231 2507 369 2542">
    <p class='ocr_par' dir='ltr' id='par_1_3' title="bbox 231 2507 369 2542">
     <span class='ocr_line' id='line_1_3' title="bbox 231 2507 369 2542; baseline 0.007 -11"><span class='ocrx_word' id='word_1_5' title='bbox 231 2515 296 2542; x_wconf 68' lang='lat' dir='ltr'><em>pag.</em></span> <span class='ocrx_word' id='word_1_6' title='bbox 312 2507 369 2533; x_wconf 75' lang='lat'><em>727,</em></span> 
     </span>
    </p>
   </div>
   <div class='ocr_carea' id='block_1_4' title="bbox 385 234 1367 273">
    <p class='ocr_par' dir='ltr' id='par_1_4' title="bbox 385 234 1367 273">
     <span class='ocr_line' id='line_1_4' title="bbox 385 234 1367 273; baseline -0.002 0"><span class='ocrx_word' id='word_1_7' title='bbox 385 234 465 273; x_wconf 80' lang='grc'><em>586</em></span> <span class='ocrx_word' id='word_1_8' title='bbox 956 238 1116 272; x_wconf 70' lang='grc' dir='ltr'><em>ελΝοΤι</em></span> <span class='ocrx_word' id='word_1_9' title='bbox 1141 239 1367 272; x_wconf 72' lang='grc' dir='ltr'>ΕΡΙΡΗΑΝΠ</span> 
     </span>
    </p>
   </div>
   <div class='ocr_carea' id='block_1_5' title="bbox 384 313 1938 2743">
    <p class='ocr_par' dir='ltr' id='par_1_5' title="bbox 385 313 1926 509">
     <span class='ocr_line' id='line_1_5' title="bbox 386 313 1926 373; baseline 0.001 -16"><span class='ocrx_word' id='word_1_10' title='bbox 386 316 647 373; x_wconf 79' lang='grc' dir='ltr'><em>Ἀθανασίῳ),</em></span> <span class='ocrx_word' id='word_1_11' title='bbox 685 316 753 357; x_wconf 84' lang='grc' dir='ltr'><em>καὶ</em></span> <span class='ocrx_word' id='word_1_12' title='bbox 784 316 990 366; x_wconf 81' lang='grc' dir='ltr'><em>καθέζεται</em></span> <span class='ocrx_word' id='word_1_13' title='bbox 1020 313 1138 356; x_wconf 81' lang='grc' dir='ltr'><em>πάλιν</em></span> <span class='ocrx_word' id='word_1_14' title='bbox 1166 317 1220 364; x_wconf 85' lang='grc' dir='ltr'><em>εἰς</em></span> <span class='ocrx_word' id='word_1_15' title='bbox 1245 315 1312 358; x_wconf 77' lang='grc' dir='ltr'><em>τόν</em></span> <span class='ocrx_word' id='word_1_16' title='bbox 1336 315 1508 371; x_wconf 86' lang='grc' dir='ltr'><em>θρόνον,</em></span> <span class='ocrx_word' id='word_1_17' title='bbox 1541 315 1635 370; x_wconf 74' lang='grc' dir='ltr'><em>μετά</em></span> <span class='ocrx_word' id='word_1_18' title='bbox 1656 315 1725 358; x_wconf 78' lang='grc' dir='ltr'><em>τόν</em></span> <span class='ocrx_word' id='word_1_19' title='bbox 1752 315 1926 367; x_wconf 81' lang='grc' dir='ltr'><em>διαδεξά·</em></span> 
     </span>
     <span class='ocr_line' id='line_1_6' title="bbox 385 379 1926 442; baseline 0.001 -17"><span class='ocrx_word' id='word_1_20' title='bbox 385 401 501 437; x_wconf 85' lang='grc' dir='ltr'><em>μενον</em></span> <span class='ocrx_word' id='word_1_21' title='bbox 526 382 646 425; x_wconf 78' lang='grc' dir='ltr'><em>αὐτόν</em></span> <span class='ocrx_word' id='word_1_22' title='bbox 678 382 755 425; x_wconf 80' lang='grc' dir='ltr'><em>ὑπὸ</em></span> <span class='ocrx_word' id='word_1_23' title='bbox 786 388 865 425; x_wconf 81' lang='grc' dir='ltr'><em>τῶν</em></span> <span class='ocrx_word' id='word_1_24' title='bbox 893 382 1103 438; x_wconf 81' lang='grc' dir='ltr'><em>Ἀρειανῶν</em></span> <span class='ocrx_word' id='word_1_25' title='bbox 1126 385 1360 436; x_wconf 82' lang='grc' dir='ltr'><strong><em>πεμφθέντα</em></strong></span> <span class='ocrx_word' id='word_1_26' title='bbox 1388 383 1626 440; x_wconf 79' lang='grc' dir='ltr'><em>Γρηγόριον,</em></span> <span class='ocrx_word' id='word_1_27' title='bbox 1658 384 1722 426; x_wconf 77' lang='grc' dir='ltr'><em>ὅτε</em></span> <span class='ocrx_word' id='word_1_28' title='bbox 1744 379 1792 438; x_wconf 73' lang='grc' dir='ltr'><em>ἦν</em></span> <span class='ocrx_word' id='word_1_29' title='bbox 1815 386 1856 426; x_wconf 92' lang='grc' dir='ltr'><em>ε’ν</em></span> <span class='ocrx_word' id='word_1_30' title='bbox 1878 388 1926 442; x_wconf 79' lang='grc' dir='ltr'><em>τῇ</em></span> 
     </span>
     <span class='ocr_line' id='line_1_7' title="bbox 385 450 791 509; baseline -0.005 -15"><span class='ocrx_word' id='word_1_31' title='bbox 385 454 514 509; x_wconf 75' lang='grc' dir='ltr'><em>ἐξορίᾳ</em></span> <span class='ocrx_word' id='word_1_32' title='bbox 542 450 791 500; x_wconf 81' lang='grc' dir='ltr'><em>Ἀθανάσιος.</em></span> 
     </span>
    </p>

    <p class='ocr_par' dir='ltr' id='par_1_6' title="bbox 384 517 1938 2339">
     <span class='ocr_line' id='line_1_8' title="bbox 505 517 1929 575; baseline 0.001 -16"><span class='ocrx_word' id='word_1_33' title='bbox 505 519 631 561; x_wconf 88' lang='grc' dir='ltr'><em>Πάλιν</em></span> <span class='ocrx_word' id='word_1_34' title='bbox 652 519 693 561; x_wconf 81' lang='grc' dir='ltr'><em>δὲ</em></span> <span class='ocrx_word' id='word_1_35' title='bbox 718 517 1016 570; x_wconf 79' lang='grc' dir='ltr'><em>συνεσκευάσθη</em></span> <span class='ocrx_word' id='word_1_36' title='bbox 1039 517 1139 573; x_wconf 82' lang='grc' dir='ltr'><em>πρός</em></span> <span class='ocrx_word' id='word_1_37' title='bbox 1159 518 1431 560; x_wconf 87' lang='grc' dir='ltr'><em>Κωνστάντιον</em></span> <span class='ocrx_word' id='word_1_38' title='bbox 1462 518 1541 561; x_wconf 72' lang='grc' dir='ltr'><em>ἀπὸ</em></span> <span class='ocrx_word' id='word_1_39' title='bbox 1563 525 1641 561; x_wconf 80' lang='grc' dir='ltr'><em>τῶν</em></span> <span class='ocrx_word' id='word_1_40' title='bbox 1663 521 1751 575; x_wconf 81' lang='grc' dir='ltr'><em>περὶ</em></span> <span class='ocrx_word' id='word_1_41' title='bbox 1775 520 1929 572; x_wconf 82' lang='grc' dir='ltr'><em>Στέφα-</em></span> 
     </span>
     <span class='ocr_line' id='line_1_9' title="bbox 385 585 1930 641; baseline -0.001 -12"><span class='ocrx_word' id='word_1_42' title='bbox 385 605 472 638; x_wconf 83' lang='grc' dir='ltr'><em>νον,</em></span> <span class='ocrx_word' id='word_1_43' title='bbox 503 589 567 628; x_wconf 77' lang='grc' dir='ltr'><em>καὶ</em></span> <span class='ocrx_word' id='word_1_44' title='bbox 593 586 755 639; x_wconf 82' lang='grc' dir='ltr'><em>έξειόθη.</em></span> <span class='ocrx_word' id='word_1_45' title='bbox 820 587 898 627; x_wconf 85' lang='grc' dir='ltr'><em>Καὶ</em></span> <span class='ocrx_word' id='word_1_46' title='bbox 921 586 1121 639; x_wconf 86' lang='grc' dir='ltr'><em>μετέπειτα</em></span> <span class='ocrx_word' id='word_1_47' title='bbox 1152 585 1268 627; x_wconf 82' lang='grc' dir='ltr'><em>πάλιν</em></span> <span class='ocrx_word' id='word_1_48' title='bbox 1290 588 1589 640; x_wconf 71' lang='grc' dir='ltr'><em>συνεσκευάσθη</em></span> <span class='ocrx_word' id='word_1_49' title='bbox 1620 585 1698 629; x_wconf 79' lang='grc' dir='ltr'><em>άπὸ</em></span> <span class='ocrx_word' id='word_1_50' title='bbox 1732 592 1810 629; x_wconf 75' lang='grc' dir='ltr'><em>τῶν</em></span> <span class='ocrx_word' id='word_1_51' title='bbox 1839 588 1930 641; x_wconf 85' lang='grc' dir='ltr'><em>περὶ</em></span> 
     </span>
     <span class='ocr_line' id='line_1_10' title="bbox 385 652 1930 710; baseline -0.001 -13"><span class='ocrx_word' id='word_1_52' title='bbox 385 654 580 697; x_wconf 81' lang='grc' dir='ltr'><em>Λεόντιον</em></span> <span class='ocrx_word' id='word_1_53' title='bbox 603 654 671 696; x_wconf 78' lang='grc' dir='ltr'><em>τόν</em></span> <span class='ocrx_word' id='word_1_54' title='bbox 693 653 903 696; x_wconf 80' lang='grc' dir='ltr'><em>άπόκοπον</em></span> <span class='ocrx_word' id='word_1_55' title='bbox 934 655 997 694; x_wconf 80' lang='grc' dir='ltr'><em>καὶ</em></span> <span class='ocrx_word' id='word_1_56' title='bbox 1038 658 1140 694; x_wconf 78' lang='grc' dir='ltr'><em>Ιτῶν</em></span> <span class='ocrx_word' id='word_1_57' title='bbox 1168 652 1249 706; x_wconf 72' lang='grc' dir='ltr'><em>ἅμα</em></span> <span class='ocrx_word' id='word_1_58' title='bbox 1276 652 1420 703; x_wconf 77' lang='grc' dir='ltr'><em>αὐτοῖς.</em></span> <span class='ocrx_word' id='word_1_59' title='bbox 1469 653 1618 696; x_wconf 71' lang='grc' dir='ltr'><em>’Ένθεν</em></span> <span class='ocrx_word' id='word_1_60' title='bbox 1641 657 1784 710; x_wconf 80' lang='grc' dir='ltr'><em>ἐγίνετο</em></span> <span class='ocrx_word' id='word_1_61' title='bbox 1808 653 1930 696; x_wconf 74' lang='grc' dir='ltr'><em>αὐτᾶν</em></span> 
     </span>
     <span class='ocr_line' id='line_1_11' title="bbox 386 719 1929 776; baseline -0.002 -11"><span class='ocrx_word' id='word_1_62' title='bbox 386 723 645 776; x_wconf 76' lang='grc' dir='ltr'><em>ἐκβάλλεσθαι</em></span> <span class='ocrx_word' id='word_1_63' title='bbox 672 723 739 763; x_wconf 86' lang='grc' dir='ltr'><em>καὶ</em></span> <span class='ocrx_word' id='word_1_64' title='bbox 769 721 886 762; x_wconf 83' lang='grc' dir='ltr'><em>πάλιν</em></span> <span class='ocrx_word' id='word_1_65' title='bbox 914 722 1174 775; x_wconf 77' lang='grc' dir='ltr'><em>εἰς-φέρεσθαι.</em></span> <span class='ocrx_word' id='word_1_66' title='bbox 1237 721 1434 776; x_wconf 82' lang='grc' dir='ltr'><em>Γεώργιος</em></span> <span class='ocrx_word' id='word_1_67' title='bbox 1455 719 1528 776; x_wconf 80' lang='grc' dir='ltr'><em>γάρ</em></span> <span class='ocrx_word' id='word_1_68' title='bbox 1550 720 1628 764; x_wconf 74' lang='grc' dir='ltr'><em>ὑπὸ</em></span> <span class='ocrx_word' id='word_1_69' title='bbox 1654 724 1929 764; x_wconf 89' lang='grc' dir='ltr'><em>Κωνσταντίου</em></span> 
     </span>
     <span class='ocr_line' id='line_1_12' title="bbox 387 787 1930 843; baseline -0.001 -11"><span class='ocrx_word' id='word_1_70' title='bbox 387 790 673 841; x_wconf 69' lang='grc' dir='ltr'><em>ἀποστέλλεται,</em></span> <span class='ocrx_word' id='word_1_71' title='bbox 705 791 769 830; x_wconf 77' lang='grc' dir='ltr'><em>καὶ</em></span> <span class='ocrx_word' id='word_1_72' title='bbox 797 787 998 843; x_wconf 73' lang='grc' dir='ltr'><em>ὑποχωρεῖ</em></span> <span class='ocrx_word' id='word_1_73' title='bbox 1014 787 1265 839; x_wconf 83' lang='grc' dir='ltr'><em>Ἀθανάσιος,</em></span> <span class='ocrx_word' id='word_1_74' title='bbox 1296 791 1456 843; x_wconf 82' lang='grc' dir='ltr'><em>κρυβεὶς</em></span> <span class='ocrx_word' id='word_1_75' title='bbox 1473 788 1613 843; x_wconf 87' lang='grc' dir='ltr'><em>χρόνον</em></span> <span class='ocrx_word' id='word_1_76' title='bbox 1635 789 1733 842; x_wconf 85' lang='grc' dir='ltr'><em>τινά,</em></span> <span class='ocrx_word' id='word_1_77' title='bbox 1766 791 1839 838; x_wconf 75' lang='grc' dir='ltr'><em>ἕως</em></span> <span class='ocrx_word' id='word_1_78' title='bbox 1865 789 1930 831; x_wconf 81' lang='grc' dir='ltr'><em>ὅτε</em></span> 
     </span>
     <span class='ocr_line' id='line_1_13' title="bbox 387 851 1932 915; baseline -0.001 -15"><span class='ocrx_word' id='word_1_79' title='bbox 387 857 409 901; x_wconf 81' lang='grc' dir='ltr'>ὁ</span> <span class='ocrx_word' id='word_1_80' title='bbox 448 858 644 913; x_wconf 82' lang='grc' dir='ltr'><em>Γεώργιος</em></span> <span class='ocrx_word' id='word_1_81' title='bbox 679 856 878 915; x_wconf 80' lang='grc' dir='ltr'><em>άνῃρέθη,</em></span> <span class='ocrx_word' id='word_1_82' title='bbox 923 859 963 898; x_wconf 77' lang='grc' dir='ltr'><em>ἐν</em></span> <span class='ocrx_word' id='word_1_83' title='bbox 999 851 1030 914; x_wconf 72' lang='grc' dir='ltr'><em>ᾦ</em></span> <span class='ocrx_word' id='word_1_84' title='bbox 1066 856 1191 914; x_wconf 80' lang='grc' dir='ltr'><em>χρόνῳ</em></span> <span class='ocrx_word' id='word_1_85' title='bbox 1228 858 1472 910; x_wconf 81' lang='grc' dir='ltr'><em>ἐβασίλευσεν</em></span> <span class='ocrx_word' id='word_1_86' title='bbox 1501 855 1740 908; x_wconf 75' lang='grc' dir='ltr'><em>Ἰουλιανὸς,</em></span> <span class='ocrx_word' id='word_1_87' title='bbox 1779 858 1846 899; x_wconf 84' lang='grc' dir='ltr'><em>καὶ</em></span> <span class='ocrx_word' id='word_1_88' title='bbox 1877 858 1932 906; x_wconf 85' lang='grc' dir='ltr'><em>εἰς</em></span> 
     </span>
     <span class='ocr_line' id='line_1_14' title="bbox 384 923 1932 980; baseline -0.001 -13"><span class='ocrx_word' id='word_1_89' title='bbox 384 924 634 979; x_wconf 82' lang='grc' dir='ltr'><em>Ἑλληνισμόν</em></span> <span class='ocrx_word' id='word_1_90' title='bbox 664 924 811 979; x_wconf 78' lang='grc' dir='ltr'><em>ἐτράπη</em></span> <span class='ocrx_word' id='word_1_91' title='bbox 842 923 935 978; x_wconf 74' lang='grc' dir='ltr'><em>μετά</em></span> <span class='ocrx_word' id='word_1_92' title='bbox 966 924 1037 977; x_wconf 82' lang='grc' dir='ltr'><em>τὴν</em></span> <span class='ocrx_word' id='word_1_93' title='bbox 1075 923 1286 977; x_wconf 72' lang='grc' dir='ltr'><em>2τελευτὴν</em></span> <span class='ocrx_word' id='word_1_94' title='bbox 1312 927 1595 966; x_wconf 87' lang='grc' dir='ltr'><em>Κωνσταντίου.</em></span> <span class='ocrx_word' id='word_1_95' title='bbox 1651 924 1932 980; x_wconf 77' lang='grc' dir='ltr'><em>Ἀλεξανδρέων</em></span> 
     </span>
     <span class='ocr_line' id='line_1_15' title="bbox 384 991 1932 1050; baseline -0.001 -15"><span class='ocrx_word' id='word_1_96' title='bbox 384 994 458 1050; x_wconf 73' lang='grc' dir='ltr'><em>γάρ</em></span> <span class='ocrx_word' id='word_1_97' title='bbox 485 999 601 1047; x_wconf 79' lang='grc' dir='ltr'><em>μῆνιν</em></span> <span class='ocrx_word' id='word_1_98' title='bbox 623 992 872 1047; x_wconf 83' lang='grc' dir='ltr'><em>τηρησάντων</em></span> <span class='ocrx_word' id='word_1_99' title='bbox 905 997 956 1049; x_wconf 77' lang='grc' dir='ltr'><em>τῷ</em></span> <span class='ocrx_word' id='word_1_100' title='bbox 981 995 1185 1049; x_wconf 78' lang='grc' dir='ltr'><em>Γεωργίῳ,</em></span> <span class='ocrx_word' id='word_1_101' title='bbox 1218 997 1358 1034; x_wconf 83' lang='grc' dir='ltr'><em>τοῦτον</em></span> <span class='ocrx_word' id='word_1_102' title='bbox 1385 991 1634 1043; x_wconf 70' lang='grc' dir='ltr'><em>ἀπέκτειναν,</em></span> <span class='ocrx_word' id='word_1_103' title='bbox 1665 994 1734 1034; x_wconf 86' lang='grc' dir='ltr'><em>καὶ</em></span> <span class='ocrx_word' id='word_1_104' title='bbox 1763 991 1932 1035; x_wconf 84' lang='grc' dir='ltr'><em>καύσαν-</em></span> 
     </span>
     <span class='ocr_line' id='line_1_16' title="bbox 386 1059 1933 1115; baseline 0 -12"><span class='ocrx_word' id='word_1_105' title='bbox 386 1080 446 1111; x_wconf 88' lang='grc' dir='ltr'><em>τες</em></span> <span class='ocrx_word' id='word_1_106' title='bbox 471 1064 539 1104; x_wconf 85' lang='grc' dir='ltr'><em>καὶ</em></span> <span class='ocrx_word' id='word_1_107' title='bbox 572 1062 720 1115; x_wconf 82' lang='grc' dir='ltr'><em>τέφραν</em></span> <span class='ocrx_word' id='word_1_108' title='bbox 751 1059 1004 1113; x_wconf 85' lang='grc' dir='ltr'><em>ποιήσαντες,</em></span> <span class='ocrx_word' id='word_1_109' title='bbox 1047 1062 1100 1109; x_wconf 89' lang='grc' dir='ltr'><em>εἰς</em></span> <span class='ocrx_word' id='word_1_110' title='bbox 1126 1059 1295 1113; x_wconf 82' lang='grc' dir='ltr'><em>άνέμους</em></span> <span class='ocrx_word' id='word_1_111' title='bbox 1329 1059 1580 1114; x_wconf 81' lang='grc' dir='ltr'><em>ἐσκόρπισαν.</em></span> <span class='ocrx_word' id='word_1_112' title='bbox 1637 1059 1933 1109; x_wconf 77' lang='grc' dir='ltr'><em>Ἀποθανόντος</em></span> 
     </span>
     <span class='ocr_line' id='line_1_17' title="bbox 387 1127 1934 1186; baseline -0.002 -14"><span class='ocrx_word' id='word_1_113' title='bbox 387 1131 429 1172; x_wconf 83' lang='grc' dir='ltr'><em>δὲ</em></span> <span class='ocrx_word' id='word_1_114' title='bbox 452 1134 521 1172; x_wconf 85' lang='grc' dir='ltr'><em>τοῦ</em></span> <span class='ocrx_word' id='word_1_115' title='bbox 544 1127 767 1170; x_wconf 89' lang='grc' dir='ltr'><em>Ἰουλιανοῦ</em></span> <span class='ocrx_word' id='word_1_116' title='bbox 793 1130 833 1170; x_wconf 78' lang='grc' dir='ltr'><em>ἐν</em></span> <span class='ocrx_word' id='word_1_117' title='bbox 864 1133 910 1186; x_wconf 78' lang='grc' dir='ltr'><em>τῇ</em></span> <span class='ocrx_word' id='word_1_118' title='bbox 936 1131 1120 1183; x_wconf 82' lang='grc' dir='ltr'><em>Περσίδι,</em></span> <span class='ocrx_word' id='word_1_119' title='bbox 1160 1130 1226 1169; x_wconf 84' lang='grc' dir='ltr'><em>καὶ</em></span> <span class='ocrx_word' id='word_1_120' title='bbox 1258 1129 1536 1181; x_wconf 76' lang='grc' dir='ltr'><em>διαδεξαμένου</em></span> <span class='ocrx_word' id='word_1_121' title='bbox 1569 1127 1611 1170; x_wconf 75' lang='grc' dir='ltr'><em>τό</em></span> <span class='ocrx_word' id='word_1_122' title='bbox 1636 1131 1832 1182; x_wconf 86' lang='grc' dir='ltr'><em>βασίλειον</em></span> <span class='ocrx_word' id='word_1_123' title='bbox 1859 1127 1934 1169; x_wconf 84' lang='grc' dir='ltr'><em>Ἰο-</em></span> 
     </span>
     <span class='ocr_line' id='line_1_18' title="bbox 389 1195 1935 1252; baseline -0.002 -12"><span class='ocrx_word' id='word_1_124' title='bbox 389 1202 530 1252; x_wconf 83' lang='grc' dir='ltr'><em>βιανοῦ</em></span> <span class='ocrx_word' id='word_1_125' title='bbox 556 1202 626 1239; x_wconf 84' lang='grc' dir='ltr'><em>τοῦ</em></span> <span class='ocrx_word' id='word_1_126' title='bbox 652 1199 870 1251; x_wconf 85' lang='grc' dir='ltr'><em>μακαρίτου</em></span> <span class='ocrx_word' id='word_1_127' title='bbox 885 1230 893 1246; x_wconf 88' lang='grc'><em>,</em></span> <span class='ocrx_word' id='word_1_128' title='bbox 925 1195 1018 1249; x_wconf 76' lang='grc' dir='ltr'><em>μετά</em></span> <span class='ocrx_word' id='word_1_129' title='bbox 1043 1201 1188 1249; x_wconf 84' lang='grc' dir='ltr'><em>πολλῆς</em></span> <span class='ocrx_word' id='word_1_130' title='bbox 1211 1202 1324 1249; x_wconf 80' lang='grc' dir='ltr'><em>τιμῆς</em></span> <span class='ocrx_word' id='word_1_131' title='bbox 1348 1198 1413 1238; x_wconf 83' lang='grc' dir='ltr'><em>καὶ</em></span> <span class='ocrx_word' id='word_1_132' title='bbox 1435 1195 1670 1245; x_wconf 72' lang='grc' dir='ltr'><em>ἀξιοπίστων</em></span> <span class='ocrx_word' id='word_1_133' title='bbox 1694 1195 1935 1251; x_wconf 78' lang='grc' dir='ltr'><em>γραμμάτων</em></span> 
     </span>
     <span class='ocr_line' id='line_1_19' title="bbox 388 1263 1934 1321; baseline -0.001 -15"><span class='ocrx_word' id='word_1_134' title='bbox 388 1265 615 1321; x_wconf 76' lang='grc' dir='ltr'><em>γράψαντος</em></span> <span class='ocrx_word' id='word_1_135' title='bbox 638 1270 692 1320; x_wconf 80' lang='grc' dir='ltr'><em>τῷ</em></span> <span class='ocrx_word' id='word_1_136' title='bbox 716 1263 918 1320; x_wconf 80' lang='grc' dir='ltr'><em>ἒπισκόπφ</em></span> <span class='ocrx_word' id='word_1_137' title='bbox 941 1263 1164 1320; x_wconf 73' lang='grc' dir='ltr'><em>Ἀθανασίςο</em></span> <span class='ocrx_word' id='word_1_138' title='bbox 1181 1297 1189 1313; x_wconf 93' lang='grc'><em>,</em></span> <span class='ocrx_word' id='word_1_139' title='bbox 1221 1266 1287 1304; x_wconf 86' lang='grc' dir='ltr'><em>καὶ</em></span> <span class='ocrx_word' id='word_1_140' title='bbox 1311 1265 1671 1316; x_wconf 89' lang='grc' dir='ltr'><em>μεταστειλαμένου,</em></span> <span class='ocrx_word' id='word_1_141' title='bbox 1702 1267 1934 1319; x_wconf 82' lang='grc' dir='ltr'><em>περιπτυξα-</em></span> 
     </span>
     <span class='ocr_line' id='line_1_20' title="bbox 390 1329 1934 1387; baseline -0.001 -12"><span class='ocrx_word' id='word_1_142' title='bbox 390 1335 511 1386; x_wconf 90' lang='grc' dir='ltr'><em>μένου</em></span> <span class='ocrx_word' id='word_1_143' title='bbox 540 1349 578 1373; x_wconf 91' lang='grc' dir='ltr'><em>τε</em></span> <span class='ocrx_word' id='word_1_144' title='bbox 613 1330 750 1380; x_wconf 78' lang='grc' dir='ltr'><em>αὐτόν,</em></span> <span class='ocrx_word' id='word_1_145' title='bbox 793 1332 859 1372; x_wconf 87' lang='grc' dir='ltr'><em>καὶ</em></span> <span class='ocrx_word' id='word_1_146' title='bbox 883 1329 1181 1379; x_wconf 85' lang='grc' dir='ltr'><em>α’ποστείλαντος</em></span> <span class='ocrx_word' id='word_1_147' title='bbox 1212 1333 1266 1379; x_wconf 88' lang='grc' dir='ltr'><em>εἰς</em></span> <span class='ocrx_word' id='word_1_148' title='bbox 1287 1330 1353 1372; x_wconf 77' lang='grc' dir='ltr'><em>τὸν</em></span> <span class='ocrx_word' id='word_1_149' title='bbox 1377 1334 1478 1372; x_wconf 75' lang='grc' dir='ltr'><em>ἴδιον</em></span> <span class='ocrx_word' id='word_1_150' title='bbox 1496 1330 1668 1387; x_wconf 79' lang='grc' dir='ltr'><em>θρόνον,</em></span> <span class='ocrx_word' id='word_1_151' title='bbox 1699 1330 1815 1374; x_wconf 87' lang='grc' dir='ltr'><em>πάλιν</em></span> <span class='ocrx_word' id='word_1_152' title='bbox 1835 1329 1934 1374; x_wconf 76' lang='grc' dir='ltr'><em>ἄπο-</em></span> 
     </span>
     <span class='ocr_line' id='line_1_21' title="bbox 386 1397 1936 1455; baseline 0 -14"><span class='ocrx_word' id='word_1_153' title='bbox 386 1399 583 1453; x_wconf 79' lang='grc' dir='ltr'><em>λαβούσης</em></span> <span class='ocrx_word' id='word_1_154' title='bbox 608 1404 677 1451; x_wconf 85' lang='grc' dir='ltr'><em>τῆς</em></span> <span class='ocrx_word' id='word_1_155' title='bbox 699 1397 813 1453; x_wconf 71' lang='grc' dir='ltr'><em>ἁγίας</em></span> <span class='ocrx_word' id='word_1_156' title='bbox 834 1400 1037 1451; x_wconf 80' lang='grc' dir='ltr'><em>ἐκκλησίας</em></span> <span class='ocrx_word' id='word_1_157' title='bbox 1060 1398 1128 1440; x_wconf 88' lang='grc' dir='ltr'><em>τὸν</em></span> <span class='ocrx_word' id='word_1_158' title='bbox 1152 1400 1387 1449; x_wconf 82' lang='grc' dir='ltr'><em>ἐπίσκοπον,</em></span> <span class='ocrx_word' id='word_1_159' title='bbox 1429 1400 1494 1440; x_wconf 82' lang='grc' dir='ltr'><em>καὶ</em></span> <span class='ocrx_word' id='word_1_160' title='bbox 1525 1398 1625 1453; x_wconf 79' lang='grc' dir='ltr'><em>πρὸς</em></span> <span class='ocrx_word' id='word_1_161' title='bbox 1653 1397 1781 1453; x_wconf 76' lang='grc' dir='ltr'><em>ὀλίγον</em></span> <span class='ocrx_word' id='word_1_162' title='bbox 1811 1417 1936 1455; x_wconf 85' lang='grc' dir='ltr'><em>παρα-</em></span> 
     </span>
     <span class='ocr_line' id='line_1_22' title="bbox 388 1464 1935 1521; baseline 0 -12"><span class='ocrx_word' id='word_1_163' title='bbox 388 1470 621 1521; x_wconf 86' lang='grc' dir='ltr'><em>κληθείσης,</em></span> <span class='ocrx_word' id='word_1_164' title='bbox 663 1466 961 1519; x_wconf 85' lang='grc' dir='ltr'><em>τελευτήσαντος</em></span> <span class='ocrx_word' id='word_1_165' title='bbox 993 1471 1063 1508; x_wconf 80' lang='grc' dir='ltr'><em>τοῦ</em></span> <span class='ocrx_word' id='word_1_166' title='bbox 1086 1466 1290 1520; x_wconf 82' lang='grc' dir='ltr'><em>Ἰοβιανοῦ</em></span> <span class='ocrx_word' id='word_1_167' title='bbox 1321 1469 1361 1508; x_wconf 80' lang='grc' dir='ltr'><em>ἐν</em></span> <span class='ocrx_word' id='word_1_168' title='bbox 1392 1473 1472 1516; x_wconf 84' lang='grc' dir='ltr'><em>τοῖς</em></span> <span class='ocrx_word' id='word_1_169' title='bbox 1503 1464 1638 1516; x_wconf 79' lang='grc' dir='ltr'><em>αὐτοῖς</em></span> <span class='ocrx_word' id='word_1_170' title='bbox 1666 1466 1782 1509; x_wconf 89' lang='grc' dir='ltr'><em>πάλιν</em></span> <span class='ocrx_word' id='word_1_171' title='bbox 1812 1465 1835 1509; x_wconf 79' lang='grc' dir='ltr'>ὁ</span> <span class='ocrx_word' id='word_1_172' title='bbox 1865 1484 1935 1520; x_wconf 88' lang='grc' dir='ltr'><em>μα-</em></span> 
     </span>
     <span class='ocr_line' id='line_1_23' title="bbox 389 1533 1935 1590; baseline -0.001 -13"><span class='ocrx_word' id='word_1_173' title='bbox 389 1534 528 1589; x_wconf 82' lang='grc' dir='ltr'><em>κάριος</em></span> <span class='ocrx_word' id='word_1_174' title='bbox 555 1534 800 1583; x_wconf 86' lang='grc' dir='ltr'><em>Ἀθανάσιος</em></span> <span class='ocrx_word' id='word_1_175' title='bbox 832 1537 1022 1589; x_wconf 84' lang='grc' dir='ltr'><em>διωγμοῖς</em></span> <span class='ocrx_word' id='word_1_176' title='bbox 1053 1536 1117 1576; x_wconf 80' lang='grc' dir='ltr'><em>καὶ</em></span> <span class='ocrx_word' id='word_1_177' title='bbox 1148 1533 1300 1588; x_wconf 80' lang='grc' dir='ltr'><em>φήμαις</em></span> <span class='ocrx_word' id='word_1_178' title='bbox 1331 1536 1396 1576; x_wconf 85' lang='grc' dir='ltr'><em>καὶ</em></span> <span class='ocrx_word' id='word_1_179' title='bbox 1426 1541 1612 1590; x_wconf 84' lang='grc' dir='ltr'><em>ταραχαῖς</em></span> <span class='ocrx_word' id='word_1_180' title='bbox 1641 1536 1812 1589; x_wconf 74' lang='grc' dir='ltr'><em>ἐφέρετο.</em></span> <span class='ocrx_word' id='word_1_181' title='bbox 1876 1533 1935 1576; x_wconf 76' lang='grc' dir='ltr'><em>Οὐ</em></span> 
     </span>
     <span class='ocr_line' id='line_1_24' title="bbox 390 1601 1936 1658; baseline 0 -13"><span class='ocrx_word' id='word_1_182' title='bbox 390 1602 466 1656; x_wconf 73' lang='grc' dir='ltr'><em>μὴν</em></span> <span class='ocrx_word' id='word_1_183' title='bbox 487 1601 565 1644; x_wconf 83' lang='grc' dir='ltr'><em>άπὸ</em></span> <span class='ocrx_word' id='word_1_184' title='bbox 586 1607 655 1655; x_wconf 79' lang='grc' dir='ltr'><em>τῆς</em></span> <span class='ocrx_word' id='word_1_185' title='bbox 677 1604 882 1654; x_wconf 80' lang='grc' dir='ltr'><em>ἐκκλησίας</em></span> <span class='ocrx_word' id='word_1_186' title='bbox 907 1604 972 1643; x_wconf 87' lang='grc' dir='ltr'><em>καὶ</em></span> <span class='ocrx_word' id='word_1_187' title='bbox 999 1607 1068 1644; x_wconf 87' lang='grc' dir='ltr'><em>τοῦ</em></span> <span class='ocrx_word' id='word_1_188' title='bbox 1091 1602 1242 1657; x_wconf 86' lang='grc' dir='ltr'><em>θρόνου</em></span> <span class='ocrx_word' id='word_1_189' title='bbox 1268 1601 1520 1655; x_wconf 76' lang='grc' dir='ltr'><em>μετεκινήθη,</em></span> <span class='ocrx_word' id='word_1_190' title='bbox 1550 1601 1834 1658; x_wconf 81' lang='grc' dir='ltr'><em>Ἀλεξανδρέων</em></span> <span class='ocrx_word' id='word_1_191' title='bbox 1861 1601 1936 1656; x_wconf 77' lang='grc' dir='ltr'><em>3δή</em></span> 
     </span>
     <span class='ocr_line' id='line_1_25' title="bbox 389 1668 1938 1725; baseline 0 -13"><span class='ocrx_word' id='word_1_192' title='bbox 389 1672 739 1725; x_wconf 85' lang='grc' dir='ltr'><em>πρεσβευσαμένων</em></span> <span class='ocrx_word' id='word_1_193' title='bbox 765 1668 862 1724; x_wconf 69' lang='grc' dir='ltr'><em>ὑπὲρ</em></span> <span class='ocrx_word' id='word_1_194' title='bbox 892 1669 1034 1721; x_wconf 74' lang='grc' dir='ltr'><em>αὐτοῦ,</em></span> <span class='ocrx_word' id='word_1_195' title='bbox 1067 1672 1133 1712; x_wconf 83' lang='grc' dir='ltr'><em>καὶ</em></span> <span class='ocrx_word' id='word_1_196' title='bbox 1155 1670 1283 1723; x_wconf 85' lang='grc' dir='ltr'><em>πάσης</em></span> <span class='ocrx_word' id='word_1_197' title='bbox 1304 1675 1373 1724; x_wconf 82' lang='grc' dir='ltr'><em>τῆς</em></span> <span class='ocrx_word' id='word_1_198' title='bbox 1392 1670 1543 1719; x_wconf 88' lang='grc' dir='ltr'><em>πόλεως</em></span> <span class='ocrx_word' id='word_1_199' title='bbox 1564 1669 1785 1724; x_wconf 76' lang='grc' dir='ltr'><em>άξιωσάσης</em></span> <span class='ocrx_word' id='word_1_200' title='bbox 1810 1669 1938 1724; x_wconf 54' lang='lat' dir='ltr'><em>‘lusui</em></span> 
     </span>
     <span class='ocr_line' id='line_1_26' title="bbox 389 1737 1936 1793; baseline 0 -13"><span class='ocrx_word' id='word_1_201' title='bbox 389 1738 430 1780; x_wconf 80' lang='grc' dir='ltr'><em>τό</em></span> <span class='ocrx_word' id='word_1_202' title='bbox 463 1737 530 1780; x_wconf 77' lang='grc' dir='ltr'><em>τόν</em></span> <span class='ocrx_word' id='word_1_203' title='bbox 560 1738 763 1789; x_wconf 87' lang='grc' dir='ltr'><em>Λούκιον,</em></span> <span class='ocrx_word' id='word_1_204' title='bbox 805 1740 870 1780; x_wconf 86' lang='grc' dir='ltr'><em>καὶ</em></span> <span class='ocrx_word' id='word_1_205' title='bbox 906 1738 980 1779; x_wconf 78' lang='grc' dir='ltr'><em>5τὸ</em></span> <span class='ocrx_word' id='word_1_206' title='bbox 1023 1743 1094 1780; x_wconf 87' lang='grc' dir='ltr'><em>νῦν</em></span> <span class='ocrx_word' id='word_1_207' title='bbox 1123 1737 1349 1793; x_wconf 82' lang='grc' dir='ltr'><em>Ἀρειανόν,</em></span> <span class='ocrx_word' id='word_1_208' title='bbox 1390 1743 1688 1792; x_wconf 78' lang='grc' dir='ltr'><em>κατασταθῆναι</em></span> <span class='ocrx_word' id='word_1_209' title='bbox 1719 1740 1784 1781; x_wconf 77' lang='grc' dir='ltr'><em>ἐπὶ</em></span> <span class='ocrx_word' id='word_1_210' title='bbox 1811 1739 1936 1792; x_wconf 81' lang='grc' dir='ltr'><em>ξένης,</em></span> 
     </span>
     <span class='ocr_line' id='line_1_27' title="bbox 389 1804 1938 1863; baseline 0 -15"><span class='ocrx_word' id='word_1_211' title='bbox 389 1807 484 1860; x_wconf 89' lang='grc' dir='ltr'><em>τάχα</em></span> <span class='ocrx_word' id='word_1_212' title='bbox 509 1807 550 1849; x_wconf 84' lang='grc' dir='ltr'><em>δὲ</em></span> <span class='ocrx_word' id='word_1_213' title='bbox 576 1806 882 1863; x_wconf 70' lang='grc' dir='ltr'><em>ὅένἈντιοχείςι,</em></span> <span class='ocrx_word' id='word_1_214' title='bbox 916 1808 979 1848; x_wconf 78' lang='grc' dir='ltr'><em>καὶ</em></span> <span class='ocrx_word' id='word_1_215' title='bbox 1007 1808 1191 1856; x_wconf 82' lang='grc' dir='ltr'><em>πολλάκις</em></span> <span class='ocrx_word' id='word_1_216' title='bbox 1216 1807 1537 1859; x_wconf 77' lang='grc' dir='ltr'><em>παρακαλέσαντα</em></span> <span class='ocrx_word' id='word_1_217' title='bbox 1557 1805 1626 1848; x_wconf 78' lang='grc' dir='ltr'><em>τὸν</em></span> <span class='ocrx_word' id='word_1_218' title='bbox 1648 1807 1808 1860; x_wconf 84' lang='grc' dir='ltr'><em>βασιλέα</em></span> <span class='ocrx_word' id='word_1_219' title='bbox 1834 1804 1938 1848; x_wconf 78' lang='grc' dir='ltr'><em>Οὐά-</em></span> 
     </span>
     <span class='ocr_line' id='line_1_28' title="bbox 390 1871 1938 1929; baseline -0.001 -13"><span class='ocrx_word' id='word_1_220' title='bbox 390 1881 499 1916; x_wconf 87' lang='grc' dir='ltr'><em>λεντα</em></span> <span class='ocrx_word' id='word_1_221' title='bbox 525 1873 791 1927; x_wconf 71' lang='grc' dir='ltr'><em>ἀποσταλῆναι</em></span> <span class='ocrx_word' id='word_1_222' title='bbox 818 1876 871 1923; x_wconf 85' lang='grc' dir='ltr'><em>εἰς</em></span> <span class='ocrx_word' id='word_1_223' title='bbox 900 1874 969 1916; x_wconf 77' lang='grc' dir='ltr'><em>τόν</em></span> <span class='ocrx_word' id='word_1_224' title='bbox 1002 1878 1071 1928; x_wconf 82' lang='grc' dir='ltr'><em>τῆς</em></span> <span class='ocrx_word' id='word_1_225' title='bbox 1098 1874 1383 1929; x_wconf 78' lang='grc' dir='ltr'><em>Ἀλεξανδρείας</em></span> <span class='ocrx_word' id='word_1_226' title='bbox 1406 1876 1577 1926; x_wconf 85' lang='grc' dir='ltr'><em>θρόνον,</em></span> <span class='ocrx_word' id='word_1_227' title='bbox 1619 1876 1686 1916; x_wconf 87' lang='grc' dir='ltr'><em>καὶ</em></span> <span class='ocrx_word' id='word_1_228' title='bbox 1718 1872 1840 1916; x_wconf 73' lang='grc' dir='ltr'><em>αὐτοῦ</em></span> <span class='ocrx_word' id='word_1_229' title='bbox 1871 1871 1938 1916; x_wconf 75' lang='grc' dir='ltr'><em>διά</em></span> 
     </span>
     <span class='ocr_line' id='line_1_29' title="bbox 390 1935 1936 1997; baseline 0 -14"><span class='ocrx_word' id='word_1_230' title='bbox 390 1942 462 1996; x_wconf 81' lang='grc' dir='ltr'><em>τὴν</em></span> <span class='ocrx_word' id='word_1_231' title='bbox 485 1947 564 1983; x_wconf 80' lang='grc' dir='ltr'><em>τῶν</em></span> <span class='ocrx_word' id='word_1_232' title='bbox 587 1947 691 1983; x_wconf 77' lang='grc' dir='ltr'><em>λαῶν</em></span> <span class='ocrx_word' id='word_1_233' title='bbox 712 1941 885 1995; x_wconf 77' lang='grc' dir='ltr'><em>ταραχὴν</em></span> <span class='ocrx_word' id='word_1_234' title='bbox 907 1941 960 1995; x_wconf 75' lang='grc' dir='ltr'><em>μὴ</em></span> <span class='ocrx_word' id='word_1_235' title='bbox 979 1944 1248 1996; x_wconf 74' lang='grc' dir='ltr'><em>βουληθέντος</em></span> <span class='ocrx_word' id='word_1_236' title='bbox 1273 1941 1396 1983; x_wconf 80' lang='grc' dir='ltr'><em>αὐτὸν</em></span> <span class='ocrx_word' id='word_1_237' title='bbox 1419 1944 1588 1992; x_wconf 77' lang='grc' dir='ltr'><em>έξεῶσαι.</em></span> <span class='ocrx_word' id='word_1_238' title='bbox 1634 1942 1768 1996; x_wconf 85' lang='grc' dir='ltr'><em>Πέρας</em></span> <span class='ocrx_word' id='word_1_239' title='bbox 1789 1940 1823 1997; x_wconf 80' lang='grc' dir='ltr'><em>γ’</em></span> <span class='ocrx_word' id='word_1_240' title='bbox 1847 1935 1936 1992; x_wconf 71' lang='grc' dir='ltr'><em>οὖν,</em></span> 
     </span>
     <span class='ocr_line' id='line_1_30' title="bbox 391 2008 1937 2062; baseline -0.001 -11"><span class='ocrx_word' id='word_1_241' title='bbox 391 2009 454 2051; x_wconf 78' lang='grc' dir='ltr'><em>ὅτε</em></span> <span class='ocrx_word' id='word_1_242' title='bbox 479 2009 651 2051; x_wconf 83' lang='grc' dir='ltr'><em>ἐτελεύτα</em></span> <span class='ocrx_word' id='word_1_243' title='bbox 674 2008 696 2051; x_wconf 81' lang='grc' dir='ltr'><em>ό</em></span> <span class='ocrx_word' id='word_1_244' title='bbox 717 2009 852 2058; x_wconf 87' lang='grc' dir='ltr'><em>πάπας</em></span> <span class='ocrx_word' id='word_1_245' title='bbox 876 2009 1137 2061; x_wconf 84' lang='grc' dir='ltr'><em>Ἀθανάσιος,</em></span> <span class='ocrx_word' id='word_1_246' title='bbox 1171 2009 1364 2062; x_wconf 68' lang='grc' dir='ltr'><em>ἀπεστάλη</em></span> <span class='ocrx_word' id='word_1_247' title='bbox 1384 2010 1574 2061; x_wconf 86' lang='grc' dir='ltr'><em>Λούκιος,</em></span> <span class='ocrx_word' id='word_1_248' title='bbox 1605 2008 1728 2052; x_wconf 75' lang='grc' dir='ltr'><em>πολλοὶ</em></span> <span class='ocrx_word' id='word_1_249' title='bbox 1752 2008 1856 2051; x_wconf 75' lang='grc' dir='ltr'><em>κακοὶ</em></span> <span class='ocrx_word' id='word_1_250' title='bbox 1878 2010 1937 2051; x_wconf 77' lang='grc' dir='ltr'><em>ἔν·</em></span> 
     </span>
     <span class='ocr_line' id='line_1_31' title="bbox 392 2076 1936 2136; baseline -0.001 -16"><span class='ocrx_word' id='word_1_251' title='bbox 392 2078 615 2131; x_wconf 82' lang='grc' dir='ltr'><em>δειξάμενος</em></span> <span class='ocrx_word' id='word_1_252' title='bbox 645 2082 691 2135; x_wconf 75' lang='grc' dir='ltr'><em>τῇ</em></span> <span class='ocrx_word' id='word_1_253' title='bbox 723 2094 761 2118; x_wconf 90' lang='grc' dir='ltr'><em>τε</em></span> <span class='ocrx_word' id='word_1_254' title='bbox 790 2079 991 2134; x_wconf 79' lang='grc' dir='ltr'><em>ἐκκλησίᾳ,</em></span> <span class='ocrx_word' id='word_1_255' title='bbox 1033 2083 1078 2136; x_wconf 83' lang='grc' dir='ltr'><em>τῇ</em></span> <span class='ocrx_word' id='word_1_256' title='bbox 1101 2095 1140 2119; x_wconf 86' lang='grc' dir='ltr'><em>τε</em></span> <span class='ocrx_word' id='word_1_257' title='bbox 1162 2078 1291 2127; x_wconf 84' lang='grc' dir='ltr'><em>πόλει,</em></span> <span class='ocrx_word' id='word_1_258' title='bbox 1324 2083 1406 2126; x_wconf 88' lang='grc' dir='ltr'><em>τοῖς</em></span> <span class='ocrx_word' id='word_1_259' title='bbox 1425 2083 1556 2128; x_wconf 84' lang='grc' dir='ltr'><em>λαοῖς,</em></span> <span class='ocrx_word' id='word_1_260' title='bbox 1587 2083 1668 2126; x_wconf 87' lang='grc' dir='ltr'><em>τοῖς</em></span> <span class='ocrx_word' id='word_1_261' title='bbox 1691 2076 1936 2128; x_wconf 78' lang='grc' dir='ltr'><em>ἐπισκόποις,</em></span> 
     </span>
     <span class='ocr_line' id='line_1_32' title="bbox 391 2141 1936 2203; baseline -0.001 -15"><span class='ocrx_word' id='word_1_262' title='bbox 391 2152 472 2194; x_wconf 88' lang='grc' dir='ltr'><em>τοῖς</em></span> <span class='ocrx_word' id='word_1_263' title='bbox 498 2151 697 2200; x_wconf 81' lang='grc' dir='ltr'><em>κληρικοῐς</em></span> <span class='ocrx_word' id='word_1_264' title='bbox 720 2150 801 2193; x_wconf 85' lang='grc' dir='ltr'><em>τοῖς</em></span> <span class='ocrx_word' id='word_1_265' title='bbox 824 2144 902 2187; x_wconf 57' lang='lat' dir='ltr'><em>ind</em></span> <span class='ocrx_word' id='word_1_266' title='bbox 925 2147 1174 2188; x_wconf 83' lang='grc' dir='ltr'><em>Ἀθανασίου</em></span> <span class='ocrx_word' id='word_1_267' title='bbox 1198 2141 1306 2196; x_wconf 75' lang='grc' dir='ltr'><em>οὖσι,</em></span> <span class='ocrx_word' id='word_1_268' title='bbox 1338 2147 1404 2186; x_wconf 86' lang='grc' dir='ltr'><em>καὶ</em></span> <span class='ocrx_word' id='word_1_269' title='bbox 1426 2143 1545 2187; x_wconf 75' lang='grc' dir='ltr'><em>αὐτόν</em></span> <span class='ocrx_word' id='word_1_270' title='bbox 1567 2147 1608 2187; x_wconf 80' lang='grc' dir='ltr'><em>ἐν</em></span> <span class='ocrx_word' id='word_1_271' title='bbox 1630 2144 1773 2203; x_wconf 73' lang='grc' dir='ltr'><em>ἑκάστῃ</em></span> <span class='ocrx_word' id='word_1_272' title='bbox 1802 2147 1936 2198; x_wconf 79' lang='grc' dir='ltr'><em>ἔκκλη-</em></span> 
     </span>
     <span class='ocr_line' id='line_1_33' title="bbox 391 2212 1937 2272; baseline -0.001 -17"><span class='ocrx_word' id='word_1_273' title='bbox 391 2217 455 2271; x_wconf 74' lang='grc' dir='ltr'><em>σίᾳ</em></span> <span class='ocrx_word' id='word_1_274' title='bbox 489 2214 764 2266; x_wconf 53' lang='grc' dir='ltr'><em>7δεῖςόιμένοις,</em></span> <span class='ocrx_word' id='word_1_275' title='bbox 795 2215 860 2254; x_wconf 84' lang='grc' dir='ltr'><em>καὶ</em></span> <span class='ocrx_word' id='word_1_276' title='bbox 892 2215 1029 2272; x_wconf 81' lang='grc' dir='ltr'><em>Πέτρῳ</em></span> <span class='ocrx_word' id='word_1_277' title='bbox 1060 2219 1114 2271; x_wconf 79' lang='grc' dir='ltr'><em>τῷ</em></span> <span class='ocrx_word' id='word_1_278' title='bbox 1147 2213 1241 2268; x_wconf 83' lang='grc' dir='ltr'><em>μετά</em></span> <span class='ocrx_word' id='word_1_279' title='bbox 1269 2212 1510 2255; x_wconf 81' lang='grc' dir='ltr'><em>Ἀθανάσιον</em></span> <span class='ocrx_word' id='word_1_280' title='bbox 1540 2214 1826 2255; x_wconf 87' lang='grc' dir='ltr'><em>κατασταθέντι</em></span> <span class='ocrx_word' id='word_1_281' title='bbox 1855 2215 1937 2255; x_wconf 85' lang='grc' dir='ltr'><em>δια-</em></span> 
     </span>
     <span class='ocr_line' id='line_1_34' title="bbox 392 2279 1026 2339; baseline 0.002 -17"><span class='ocrx_word' id='word_1_282' title='bbox 392 2281 494 2338; x_wconf 76' lang='grc' dir='ltr'><em>δόχῳ</em></span> <span class='ocrx_word' id='word_1_283' title='bbox 525 2279 648 2323; x_wconf 73' lang='grc' dir='ltr'><em>αὐτοῦ</em></span> <span class='ocrx_word' id='word_1_284' title='bbox 680 2283 719 2322; x_wconf 83' lang='grc' dir='ltr'><em>έν</em></span> <span class='ocrx_word' id='word_1_285' title='bbox 747 2279 1026 2339; x_wconf 75' lang='grc' dir='ltr'><em>Ἀλεξανδρείᾳ.</em></span> 
     </span>
    </p>

    <p class='ocr_par' dir='ltr' id='par_1_7' title="bbox 389 2348 1938 2743">
     <span class='ocr_line' id='line_1_35' title="bbox 511 2348 1938 2404; baseline 0.001 -15"><span class='ocrx_word' id='word_1_286' title='bbox 511 2353 641 2390; x_wconf 83' lang='grc' dir='ltr'><em>Ταῦτα</em></span> <span class='ocrx_word' id='word_1_287' title='bbox 664 2350 736 2397; x_wconf 71' lang='grc' dir='ltr'><em>ἕως</em></span> <span class='ocrx_word' id='word_1_288' title='bbox 762 2354 830 2401; x_wconf 86' lang='grc' dir='ltr'><em>τῆς</em></span> <span class='ocrx_word' id='word_1_289' title='bbox 854 2351 969 2403; x_wconf 80' lang='grc' dir='ltr'><em>δεῦρο</em></span> <span class='ocrx_word' id='word_1_290' title='bbox 1003 2351 1244 2402; x_wconf 86' lang='grc' dir='ltr'><em>πέπρακται,</em></span> <span class='ocrx_word' id='word_1_291' title='bbox 1277 2354 1356 2391; x_wconf 77' lang='grc' dir='ltr'><em>τῶν</em></span> <span class='ocrx_word' id='word_1_292' title='bbox 1382 2349 1451 2402; x_wconf 81' lang='grc' dir='ltr'><em>μὲν</em></span> <span class='ocrx_word' id='word_1_293' title='bbox 1478 2349 1763 2404; x_wconf 84' lang='grc' dir='ltr'><em>έξορισθέντων</em></span> <span class='ocrx_word' id='word_1_294' title='bbox 1783 2348 1938 2391; x_wconf 79' lang='grc' dir='ltr'><em>ἐπισκό-</em></span> 
     </span>
     <span class='ocr_line' id='line_1_36' title="bbox 391 2415 1937 2471; baseline 0.001 -14"><span class='ocrx_word' id='word_1_295' title='bbox 391 2434 477 2458; x_wconf 84' lang='grc' dir='ltr'><em>πων</em></span> <span class='ocrx_word' id='word_1_296' title='bbox 503 2433 540 2458; x_wconf 90' lang='grc' dir='ltr'><em>τε</em></span> <span class='ocrx_word' id='word_1_297' title='bbox 572 2418 640 2458; x_wconf 86' lang='grc' dir='ltr'><em>καὶ</em></span> <span class='ocrx_word' id='word_1_298' title='bbox 671 2417 945 2471; x_wconf 84' lang='grc' dir='ltr'><em>πρεσβυτέρων</em></span> <span class='ocrx_word' id='word_1_299' title='bbox 976 2418 1043 2458; x_wconf 87' lang='grc' dir='ltr'><em>καὶ</em></span> <span class='ocrx_word' id='word_1_300' title='bbox 1075 2416 1294 2468; x_wconf 84' lang='grc' dir='ltr'><em>διακόνων,</em></span> <span class='ocrx_word' id='word_1_301' title='bbox 1338 2416 1460 2458; x_wconf 66' lang='grc' dir='ltr'><em>ἄλλων</em></span> <span class='ocrx_word' id='word_1_302' title='bbox 1486 2418 1528 2459; x_wconf 80' lang='grc' dir='ltr'><em>δὲ</em></span> <span class='ocrx_word' id='word_1_303' title='bbox 1553 2415 1798 2470; x_wconf 79' lang='grc' dir='ltr'><em>3κεφαλικήν</em></span> <span class='ocrx_word' id='word_1_304' title='bbox 1819 2435 1937 2470; x_wconf 89' lang='grc' dir='ltr'><em>τιμω-</em></span> 
     </span>
     <span class='ocr_line' id='line_1_37' title="bbox 393 2482 1935 2540; baseline 0.001 -15"><span class='ocrx_word' id='word_1_305' title='bbox 393 2488 478 2537; x_wconf 86' lang='grc' dir='ltr'><em>ρίαν</em></span> <span class='ocrx_word' id='word_1_306' title='bbox 498 2482 754 2526; x_wconf 77' lang='grc' dir='ltr'><em>ὖποστάντων</em></span> <span class='ocrx_word' id='word_1_307' title='bbox 779 2485 843 2526; x_wconf 83' lang='grc' dir='ltr'><em>ἐπὶ</em></span> <span class='ocrx_word' id='word_1_308' title='bbox 869 2489 938 2537; x_wconf 86' lang='grc' dir='ltr'><em>τῆς</em></span> <span class='ocrx_word' id='word_1_309' title='bbox 961 2483 1270 2540; x_wconf 79' lang='grc' dir='ltr'><em>Ἀλεξανδρείας,</em></span> <span class='ocrx_word' id='word_1_310' title='bbox 1313 2486 1454 2539; x_wconf 78' lang='grc' dir='ltr'><em>ἑτέρων</em></span> <span class='ocrx_word' id='word_1_311' title='bbox 1483 2487 1524 2527; x_wconf 83' lang='grc' dir='ltr'><em>δὲ</em></span> <span class='ocrx_word' id='word_1_312' title='bbox 1543 2483 1935 2539; x_wconf 86' lang='grc' dir='ltr'><em>θηριομαχησάντων,</em></span> 
     </span>
     <span class='ocr_line' id='line_1_38' title="bbox 393 2550 1933 2605; baseline 0.001 -12"><span class='ocrx_word' id='word_1_313' title='bbox 393 2556 726 2605; x_wconf 83' lang='grc' dir='ltr'><em>παρθενευουσῶν</em></span> <span class='ocrx_word' id='word_1_314' title='bbox 759 2552 802 2593; x_wconf 82' lang='grc' dir='ltr'><em>δὲ</em></span> <span class='ocrx_word' id='word_1_315' title='bbox 833 2550 1181 2603; x_wconf 79' lang='grc' dir='ltr'><em>άποκτανθεισῶν,</em></span> <span class='ocrx_word' id='word_1_316' title='bbox 1225 2554 1293 2594; x_wconf 87' lang='grc' dir='ltr'><em>καὶ</em></span> <span class='ocrx_word' id='word_1_317' title='bbox 1318 2557 1475 2595; x_wconf 80' lang='grc' dir='ltr'><em>πολλῶν</em></span> <span class='ocrx_word' id='word_1_318' title='bbox 1508 2551 1633 2594; x_wconf 69' lang='grc' dir='ltr'><em>ἄλλων</em></span> <span class='ocrx_word' id='word_1_319' title='bbox 1666 2552 1933 2604; x_wconf 80' lang='grc' dir='ltr'><em>ἀπολομένων.</em></span> 
     </span>
     <span class='ocr_line' id='line_1_39' title="bbox 389 2618 1937 2674; baseline 0.001 -14"><span class='ocrx_word' id='word_1_320' title='bbox 389 2618 453 2660; x_wconf 86' lang='grc' dir='ltr'><em>Ἐν</em></span> <span class='ocrx_word' id='word_1_321' title='bbox 475 2619 628 2668; x_wconf 83' lang='grc' dir='ltr'><em>τούτοις</em></span> <span class='ocrx_word' id='word_1_322' title='bbox 652 2621 705 2661; x_wconf 76' lang='grc' dir='ltr'><em>ἔτι</em></span> <span class='ocrx_word' id='word_1_323' title='bbox 730 2621 845 2673; x_wconf 83' lang='grc' dir='ltr'><em>δεῦρο</em></span> <span class='ocrx_word' id='word_1_324' title='bbox 871 2621 1030 2673; x_wconf 83' lang='grc' dir='ltr'><em>φέρεται</em></span> <span class='ocrx_word' id='word_1_325' title='bbox 1052 2618 1078 2673; x_wconf 76' lang='grc' dir='ltr'><em>ἦ</em></span> <span class='ocrx_word' id='word_1_326' title='bbox 1101 2622 1283 2673; x_wconf 81' lang='grc' dir='ltr'><em>ἐκκλησία</em></span> <span class='ocrx_word' id='word_1_327' title='bbox 1307 2625 1379 2662; x_wconf 85' lang='grc' dir='ltr'><em>τοῦ</em></span> <span class='ocrx_word' id='word_1_328' title='bbox 1401 2625 1521 2671; x_wconf 82' lang='grc' dir='ltr'><em>θεοῦ,</em></span> <span class='ocrx_word' id='word_1_329' title='bbox 1559 2618 1638 2662; x_wconf 67' lang='lat' dir='ltr'><em>&lt;ind</em></span> <span class='ocrx_word' id='word_1_330' title='bbox 1661 2624 1731 2673; x_wconf 90' lang='grc' dir='ltr'><em>τῆς</em></span> <span class='ocrx_word' id='word_1_331' title='bbox 1753 2636 1937 2674; x_wconf 82' lang='grc' dir='ltr'><em>προειρη-</em></span> 
     </span>
     <span class='ocr_line' id='line_1_40' title="bbox 393 2685 1937 2743; baseline 0.001 -15"><span class='ocrx_word' id='word_1_332' title='bbox 393 2688 509 2741; x_wconf 89' lang='grc' dir='ltr'><em>μένης</em></span> <span class='ocrx_word' id='word_1_333' title='bbox 529 2685 762 2736; x_wconf 71' lang='grc' dir='ltr'><em>ὑποθέσεως</em></span> <span class='ocrx_word' id='word_1_334' title='bbox 784 2692 862 2728; x_wconf 79' lang='grc' dir='ltr'><em>τῶν</em></span> <span class='ocrx_word' id='word_1_335' title='bbox 886 2693 1147 2741; x_wconf 83' lang='grc' dir='ltr'><em>Μελητιανῶν</em></span> <span class='ocrx_word' id='word_1_336' title='bbox 1174 2690 1240 2730; x_wconf 86' lang='grc' dir='ltr'><em>καὶ</em></span> <span class='ocrx_word' id='word_1_337' title='bbox 1260 2693 1338 2730; x_wconf 83' lang='grc' dir='ltr'><em>τῶν</em></span> <span class='ocrx_word' id='word_1_338' title='bbox 1358 2688 1591 2743; x_wconf 83' lang='grc' dir='ltr'><em>’Λρειανῶν,</em></span> <span class='ocrx_word' id='word_1_339' title='bbox 1621 2692 1699 2729; x_wconf 81' lang='grc' dir='ltr'><em>τῶν</em></span> <span class='ocrx_word' id='word_1_340' title='bbox 1723 2685 1788 2729; x_wconf 77' lang='grc' dir='ltr'><em>διά</em></span> <span class='ocrx_word' id='word_1_341' title='bbox 1808 2686 1937 2729; x_wconf 84' lang='grc' dir='ltr'><em>τοιού-</em></span> 
     </span>
    </p>
   </div>
   <div class='ocr_carea' id='block_1_6' title="bbox 391 2857 1937 2991">
    <p class='ocr_par' dir='ltr' id='par_1_8' title="bbox 391 2857 1937 2991">
     <span class='ocr_line' id='line_1_41' title="bbox 440 2857 1937 2899; baseline 0.001 -11"><span class='ocrx_word' id='word_1_342' title='bbox 440 2858 516 2889; x_wconf 71' lang='lat' dir='ltr'><strong>CAP.</strong></span> <span class='ocrx_word' id='word_1_343' title='bbox 533 2860 592 2889; x_wconf 90' lang='lat' dir='ltr'><em>XI.</em></span> <span class='ocrx_word' id='word_1_344' title='bbox 621 2877 661 2882; x_wconf 91' lang='lat'><em>-—</em></span> <span class='ocrx_word' id='word_1_345' title='bbox 690 2858 716 2891; x_wconf 92' lang='lat'><em>1.</em></span> <span class='ocrx_word' id='word_1_346' title='bbox 742 2861 905 2891; x_wconf 79' lang='lat' dir='ltr'><em>Librorum</em></span> <span class='ocrx_word' id='word_1_347' title='bbox 927 2861 1037 2891; x_wconf 79' lang='lat' dir='ltr'><em>vitium</em></span> <span class='ocrx_word' id='word_1_348' title='bbox 1060 2857 1138 2896; x_wconf 74' lang='grc' dir='ltr'><em>τοὺς</em></span> <span class='ocrx_word' id='word_1_349' title='bbox 1231 2858 1259 2891; x_wconf 81' lang='grc'><em>3.</em></span> <span class='ocrx_word' id='word_1_350' title='bbox 1286 2860 1374 2891; x_wconf 85' lang='lat' dir='ltr'><strong><em>Libri</em></strong></span> <span class='ocrx_word' id='word_1_351' title='bbox 1389 2869 1493 2892; x_wconf 78' lang='lat' dir='ltr'><em>omues</em></span> <span class='ocrx_word' id='word_1_352' title='bbox 1507 2861 1617 2891; x_wconf 77' lang='lat' dir='ltr'><em>habent</em></span> <span class='ocrx_word' id='word_1_353' title='bbox 1638 2857 1696 2897; x_wconf 84' lang='grc' dir='ltr'><em>δὲ;</em></span> <span class='ocrx_word' id='word_1_354' title='bbox 1723 2860 1853 2892; x_wconf 78' lang='grc' dir='ltr'><em>Ρείαυὶο</em></span> <span class='ocrx_word' id='word_1_355' title='bbox 1866 2861 1937 2899; x_wconf 79' lang='lat' dir='ltr'><em>pla-</em></span> 
     </span>
     <span class='ocr_line' id='line_1_42' title="bbox 391 2905 1316 2937; baseline 0.001 -3"><span class='ocrx_word' id='word_1_356' title='bbox 391 2906 511 2935; x_wconf 65' lang='lat' dir='ltr'><em>correzi</em></span> <span class='ocrx_word' id='word_1_357' title='bbox 544 2907 575 2935; x_wconf 85' lang='lat' dir='ltr'><em>in</em></span> <span class='ocrx_word' id='word_1_358' title='bbox 602 2905 678 2937; x_wconf 74' lang='grc' dir='ltr'><em>τῶν.</em></span> <span class='ocrx_word' id='word_1_359' title='bbox 729 2907 833 2936; x_wconf 74' lang='lat' dir='ltr'><em>Etiam</em></span> <span class='ocrx_word' id='word_1_360' title='bbox 859 2907 1028 2936; x_wconf 66' lang='lat' dir='ltr'><strong><em>Cor-narius</em></strong></span> <span class='ocrx_word' id='word_1_361' title='bbox 1051 2907 1141 2936; x_wconf 73' lang='lat' dir='ltr'><strong><em>vertit</em></strong></span> <span class='ocrx_word' id='word_1_362' title='bbox 1185 2906 1248 2936; x_wconf 74' lang='lat' dir='ltr'><em>cuit</em></span> <span class='ocrx_word' id='word_1_363' title='bbox 1270 2916 1316 2937; x_wconf 85' lang='grc' dir='ltr'><em>τε.</em></span> 
     </span>
     <span class='ocr_line' id='line_1_43' title="bbox 392 2947 1936 2991; baseline 0.002 -13"><span class='ocrx_word' id='word_1_364' title='bbox 392 2961 410 2979; x_wconf 76' lang='lat' dir='ltr'><strong>a</strong></span> <span class='ocrx_word' id='word_1_365' title='bbox 436 2947 602 2979; x_wconf 70' lang='lat' dir='ltr'><strong>sodalibus</strong></span> <span class='ocrx_word' id='word_1_366' title='bbox 626 2949 738 2991; x_wconf 71' lang='lat' dir='ltr'><strong>ipsius.</strong></span> <span class='ocrx_word' id='word_1_367' title='bbox 1232 2947 1261 2981; x_wconf 67' lang='lat'><em>4.</em></span> <span class='ocrx_word' id='word_1_368' title='bbox 1298 2951 1384 2981; x_wconf 81' lang='lat' dir='ltr'><strong><em>Libri</em></strong></span> <span class='ocrx_word' id='word_1_369' title='bbox 1419 2951 1530 2980; x_wconf 76' lang='lat' dir='ltr'><strong><em>habent</em></strong></span> <span class='ocrx_word' id='word_1_370' title='bbox 1573 2947 1657 2990; x_wconf 85' lang='grc' dir='ltr'><em>μετὰ</em></span> <span class='ocrx_word' id='word_1_371' title='bbox 1691 2947 1746 2983; x_wconf 71' lang='grc' dir='ltr'><em>τὸν</em></span> <span class='ocrx_word' id='word_1_372' title='bbox 1782 2949 1936 2983; x_wconf 78' lang='grc' dir='ltr'><em>Λούκιον.</em></span> 
     </span>
    </p>
   </div>
   <div class='ocr_carea' id='block_1_7' title="bbox 394 2991 1800 3080">
    <p class='ocr_par' dir='ltr' id='par_1_9' title="bbox 394 2991 1800 3080">
     <span class='ocr_line' id='line_1_44' title="bbox 438 2991 1800 3036; baseline 0.001 -12"><span class='ocrx_word' id='word_1_373' title='bbox 438 2994 467 3024; x_wconf 74' lang='lat'><em>2.</em></span> <span class='ocrx_word' id='word_1_374' title='bbox 494 2991 650 3035; x_wconf 69' lang='grc' dir='ltr'><em>τελευτὴν</em></span> <span class='ocrx_word' id='word_1_375' title='bbox 685 3005 744 3026; x_wconf 89' lang='lat' dir='ltr'><em>om.</em></span> <span class='ocrx_word' id='word_1_376' title='bbox 772 2996 837 3026; x_wconf 83' lang='lat' dir='ltr'><em>cod.</em></span> <span class='ocrx_word' id='word_1_377' title='bbox 862 2996 1009 3035; x_wconf 77' lang='lat' dir='ltr'><em>Rhedi9.‚</em></span> <span class='ocrx_word' id='word_1_378' title='bbox 1045 2997 1096 3035; x_wconf 80' lang='lat' dir='ltr'><em>qui</em></span> <span class='ocrx_word' id='word_1_379' title='bbox 1121 3005 1140 3026; x_wconf 88' lang='lat' dir='ltr'><strong><em>a</em></strong></span> <span class='ocrx_word' id='word_1_380' title='bbox 1187 2997 1315 3027; x_wconf 73' lang='lat' dir='ltr'><em>Petavio</em></span> <span class='ocrx_word' id='word_1_381' title='bbox 1337 2997 1457 3034; x_wconf 76' lang='lat' dir='ltr'><em>placuit</em></span> <span class='ocrx_word' id='word_1_382' title='bbox 1481 2991 1566 3036; x_wconf 84' lang='grc' dir='ltr'><em>μετὰ</em></span> <span class='ocrx_word' id='word_1_383' title='bbox 1586 2992 1623 3027; x_wconf 83' lang='grc' dir='ltr'><em>τὸ</em></span> <span class='ocrx_word' id='word_1_384' title='bbox 1647 2992 1800 3028; x_wconf 72' lang='grc' dir='ltr'><em>Λούκιον.</em></span> 
     </span>
     <span class='ocr_line' id='line_1_45' title="bbox 394 3036 1665 3080; baseline 0.001 -11"><span class='ocrx_word' id='word_1_385' title='bbox 394 3048 433 3070; x_wconf 85' lang='lat' dir='ltr'><em>m.</em></span> <span class='ocrx_word' id='word_1_386' title='bbox 455 3048 503 3080; x_wconf 80' lang='lat' dir='ltr'><em>pr.</em></span> <span class='ocrx_word' id='word_1_387' title='bbox 526 3039 615 3069; x_wconf 82' lang='lat' dir='ltr'><em>habet</em></span> <span class='ocrx_word' id='word_1_388' title='bbox 640 3038 899 3073; x_wconf 67' lang='grc' dir='ltr'><em>Κωνσταντίνου.</em></span> <span class='ocrx_word' id='word_1_389' title='bbox 1233 3039 1262 3070; x_wconf 79' lang='grc' dir='ltr'><em>ὁ.</em></span> <span class='ocrx_word' id='word_1_390' title='bbox 1289 3040 1375 3071; x_wconf 77' lang='lat' dir='ltr'><strong><em>Libri</em></strong></span> <span class='ocrx_word' id='word_1_391' title='bbox 1393 3040 1504 3071; x_wconf 78' lang='lat' dir='ltr'><em>habent</em></span> <span class='ocrx_word' id='word_1_392' title='bbox 1522 3036 1578 3074; x_wconf 78' lang='grc' dir='ltr'><em>τὸν</em></span> <span class='ocrx_word' id='word_1_393' title='bbox 1598 3040 1665 3072; x_wconf 77' lang='grc' dir='ltr'><em>νῦν.</em></span> 
     </span>
    </p>
   </div>
  </div>
 </body>
</html>
