2030 3324
173 1581 241 1610 pag.
261 1573 318 1600 758.

156 2246 245 2289 Κεφ.
265 2244 323 2279 λε’.

332 191 412 232 642
903 193 1064 226 εΛΝοΤι
1088 193 1315 226 ΕΡΙΡΗΑΝΙΙ

333 277 414 330 λείᾳ
436 273 502 313 καὶ
525 275 713 328 προςοχῇ,
744 267 949 322 ὑποσχέσει
972 285 1012 310 τε
1033 268 1114 323 ἅμα
1136 272 1200 311 καὶ
1227 273 1505 325 φοβερισμοῖς,
1537 268 1617 320 ὅτι,
1656 273 1747 318 Τοῖς
1768 271 1877 322 βασι·

332 346 456 388 λικοῖς
479 338 769 393 προςτάγμασι,
801 339 866 379 καὶ
893 341 947 394 τῷ
974 341 1043 379 τοῦ
1067 338 1253 390 βασιλέως
1279 336 1496 387 Οὐάλεντος
1525 340 1646 394 θυμῷ
1678 337 1877 378 ἐναντιοῦ-

333 415 429 458 σθε,·
471 412 552 455 τοῖς
584 404 635 459 μή
656 406 913 459 βουλομένοις
943 403 1044 445 κατά
1066 403 1136 457 τὴν
1160 402 1291 445 αὐτῶν
1319 408 1447 447 πίστιν
1469 406 1672 460 φέρεσθαι.
1733 404 1814 444 Καὶ
1842 406 1878 444 τί

336 490 431 528 φασι
442 493 453 525 3
500 477 545 515 Τί
567 472 639 529 γάρ
663 475 766 515 ἐστιν
795 472 818 514 δ
848 473 1027 527 λέγομεν,
1067 469 1181 524 Αύτή
1216 473 1318 513 ἐστιν
1347 470 1374 525 ἦ
1407 475 1553 523 πίστις,
1597 470 1719 525 μόνον
1746 471 1788 512 δὲ
1817 469 1879 512 ὅτι

334 545 581 592 κενοδοξεῖτε.
629 540 797 594 Ἴδωμεν
819 535 891 582 οὖν
914 541 949 581 εἰ
967 538 994 593 ἡ
1016 537 1116 592 αύτή
1140 540 1220 580 ἐστι
1242 542 1379 587 πίστις.
1444 542 1572 581 Φασὶν
1593 534 1684 590 οὗν,
1713 536 1874 591 Ὁμολο-

335 616 480 666 γοῦμεν
505 608 573 651 τόν
599 609 875 664 γεγεννημένον
898 607 988 649 υἱὸν
1013 609 1055 649 ἐκ
1077 606 1245 661 πατρὸς,
1276 607 1344 647 καὶ
1368 604 1442 648 ούκ
1464 604 1707 660 άρνούμεθα.
1759 604 1878 647 Ἀλλά

335 681 396 720 δεῖ
415 676 539 731 ἡμᾶς,
585 683 598 706 ¹
615 678 734 728 φασὶ,
777 677 845 717 καὶ
866 674 909 717 τὸ
935 678 1076 728 κτίσμα
1101 672 1327 729 ὁμολογεῖν,
1364 675 1432 715 καὶ
1459 672 1502 715 τό
1528 678 1688 728 ποίημα.
1753 671 1879 715 Ούδὲν

335 747 375 788 δὲ
400 744 671 800 ἠλιθιώτερον.
733 748 825 784 Πᾶν
845 742 919 798 γάρ
938 742 980 784 τὸ
1004 741 1228 795 κτιζόμενον
1258 739 1329 795 οὐχ
1356 740 1497 794 ὅμοιον
1527 741 1708 797 τυγχάνει
1737 746 1791 799 τῷ
1817 757 1875 796 γε·

335 815 578 871 γεννημένῳ,
621 811 710 854 οὔτε
732 810 774 853 vd
798 810 1041 866 γεννώμενον
1064 809 1203 863 ὅμοιον
1231 813 1285 866 τῷ
1313 809 1544 865 κτιζομένῳ,
1584 808 1748 862 μάλιστα
1778 807 1879 863 πρὸς

336 885 488 934 ἐκείνην
512 880 583 934 τήν
613 883 705 934 μίαν
729 879 934 935 ἀκραιφνῆ
958 880 1025 920 καὶ
1049 881 1192 919 τελείαν
1215 876 1364 918 ούσίαν.
1420 875 1561 917 Πάντα
1586 875 1658 931 γάρ
1680 874 1758 918 ὑπὸ
1777 880 1880 917 θεοῦ

335 952 550 992 κέκτισται·
597 947 720 1002 μόνος
743 948 785 989 δὲ
818 945 840 988 ὅ
869 946 958 996 υἷός
991 951 1062 988 τοῦ
1087 950 1189 987 θεοῦ
1211 945 1432 1000 γεγένηται,
1460 945 1526 985 καὶ
1551 943 1673 997 μόνον
1702 943 1745 986 τὸ
1767 942 1880 999 ἅγιον

337 1023 493 1071 πνεῦμα
519 1018 562 1058 ἐκ
591 1015 741 1070 πατρὸς
764 1019 964 1068 προῆλθε,
1006 1015 1071 1056 καὶ
1103 1015 1141 1063 ἐξ
1173 1015 1265 1055 υἷοῦ
1296 1013 1420 1065 ἔλαβε.
1487 1011 1542 1053 Τά
1570 1012 1612 1053 δὲ
1636 1009 1730 1053 ἅλλα
1752 1010 1880 1052 πάντα

336 1084 486 1136 κτιστά,
517 1085 584 1126 καὶ
609 1083 699 1126 οὔτε
721 1081 969 1139 προελθόντα
989 1083 1032 1124 ἐκ
1055 1080 1202 1137 πατρὸς
1224 1085 1440 1135 προῆλθεν,
1472 1077 1562 1121 οὔτε
1583 1084 1654 1121 τοῦ
1674 1081 1766 1122 υἷοῦ
1789 1084 1881 1132 λαμ-

337 1154 528 1207 βάνοντα,
562 1151 653 1193 ἄλλα
678 1153 720 1193 ἐκ
748 1156 818 1193 τοῦ
842 1150 1100 1205 πληρώματος
1128 1154 1199 1191 τοῦ
1220 1151 1332 1199 υἱοῦ,
1368 1145 1508 1196 καθώς
1532 1148 1767 1203 γέγραπται,
1818 1151 1880 1204 Τῷ

335 1220 408 1277 γάρ
428 1220 530 1277 λόγῳ
554 1225 623 1261 τοῦ
644 1225 744 1261 θεοῦ
765 1217 811 1260 τά
832 1218 960 1260 πάντα
981 1216 1289 1271 ἐστερεώθησαν,
1320 1217 1386 1257 καὶ
1409 1220 1463 1272 τῷ
1484 1213 1675 1268 πνεύματι
1698 1219 1768 1257 τοῦ
1793 1213 1881 1256 στό-

338 1306 459 1343 ματος
491 1287 612 1329 αὐτοῦ
644 1290 752 1328 πᾶσα
779 1284 802 1338 ἦ
835 1285 1001 1338 δύναμις
1035 1282 1176 1325 αὐτῶν.
1234 1282 1367 1333 Ἀλλά,
1411 1284 1564 1334 2φασὶ,
1595 1285 1658 1324 δεῖ
1677 1281 1882 1338 ὁμολογεῖν

336 1358 401 1398 καὶ
435 1354 478 1397 τὸ
513 1358 672 1408 κτίσμα,
713 1352 847 1406 ἐπειδὴ
883 1351 990 1395 εἶπεν
1024 1350 1050 1405 ἡ
1076 1350 1227 1407 γραφή·
1272 1349 1564 1406 τροπικώτερον
1595 1349 1804 1405 λεγόμενον
1833 1348 1877 1392 τό

335 1428 497 1476 κτίσμα,
537 1426 606 1464 καὶ
637 1427 834 1477 τροπικῶς
861 1420 1069 1476 λεγόμενον
1099 1418 1143 1461 τό
1173 1420 1354 1475 γέννημα.
1416 1416 1506 1460 Ko’c'v
1539 1435 1577 1459 τε
1607 1418 1680 1473 γάρ
1711 1420 1882 1471 εἴπωμεν

334 1494 526 1547 γέννημα,
559 1490 632 1544 οὐχ
660 1488 713 1540 ὥς
731 1493 776 1532 ἓν
800 1494 878 1531 τῶν
907 1487 1158 1544 γεννημάτων
1180 1489 1353 1543 ἐροῦμεν.
1403 1485 1506 1541 ”Agma
1530 1480 1604 1528 οὖν
1628 1488 1669 1528 ἒν
1691 1480 1722 1544 ᾦ
1747 1487 1883 1541 ἐροῦσι

339 1559 381 1602 τὸ
406 1561 600 1614 γέννημα,
630 1560 696 1600 καὶ
721 1557 794 1600 ούκ
816 1555 1008 1610 άληθινόν
1029 1555 1072 1598 τὸ
1097 1556 1290 1611 γέννημα,
1330 1553 1424 1603 τούς
1455 1553 1755 1610 άκεραιοτέρους
1779 1551 1880 1597 άπα-

336 1632 441 1669 τῶσι.
490 1628 568 1668 Καὶ
591 1626 633 1668 τό
659 1629 799 1679 κτίσμα
821 1627 863 1667 δὲ
888 1623 1168 1679 ὁμολογοῦμεν,
1201 1625 1334 1675 φασίν.
1387 1621 1554 1676 Ἐπειδὴ
1579 1622 1651 1678 γάρ
1674 1623 1742 1664 καὶ
1767 1620 1878 1676 θύρα

335 1698 517 1748 κέκληται
542 1693 564 1737 ὁ
593 1694 784 1750 Χριστὸς,
823 1695 890 1736 καὶ
921 1691 1034 1743 ὁδὸς,
1072 1693 1139 1733 καὶ
1163 1691 1321 1742 στύλος,
1362 1692 1429 1732 καὶ
1452 1691 1615 1743 νεφέλη,
1647 1691 1714 1732 καὶ
1744 1690 1880 1745 πέτρα,

336 1766 404 1806 καὶ
427 1762 586 1819 άρνίον,
627 1764 695 1804 καὶ
720 1760 866 1815 άμνός,
905 1762 974 1803 καὶ
1011 1763 1249 1815 ξιχίμαρρος,
1289 1760 1356 1801 καὶ
1379 1757 1543 1812 μόσχος,
1573 1759 1641 1800 καὶ
1660 1759 1782 1809 λέων,
1813 1757 1881 1798 καὶ

337 1831 467 1887 πηγὴ,
498 1833 564 1873 καὶ
593 1833 735 1882 σοφία,
775 1831 842 1871 καὶ
866 1827 1001 1884 λόγος,
1041 1829 1109 1870 καὶ
1139 1827 1249 1878 υἱὸς,
1288 1829 1355 1868 καὶ
1387 1826 1564 1882 ἅγγελος,
1604 1827 1669 1868 καὶ
1697 1823 1880 1881 Χριστός,

337 1901 404 1942 καὶ
427 1898 576 1953 σωτὴρ,
608 1900 674 1940 καὶ
701 1896 860 1952 κύριος,
890 1898 957 1939 καὶ
981 1895 1219 1951 ἅνθρωπος,
1258 1897 1323 1937 καὶ
1349 1894 1436 1943 υἱὸς
1460 1893 1708 1950 ἀνθρώπου,
1738 1895 1805 1935 καὶ
1829 1896 1882 1934 λί-

336 1975 415 2016 θος
436 1967 734 2021 ἀκρογωνιαῖος,
764 1967 830 2006 καὶ
852 1965 972 2018 ἥλιος,
1004 1965 1071 2005 καὶ
1091 1963 1313 2018 προφήτης,
1344 1964 1411 2005 καὶ
1433 1960 1564 2018 ὄῖρτος,
1596 1963 1663 2004 καὶ
1687 1959 1880 2016 βασιλεύς,

337 2036 404 2077 καὶ
438 2033 674 2086 οἰκοδόμος,
721 2035 788 2075 καὶ
820 2032 1010 2088 γεωργὸς,
1058 2033 1127 2074 καὶ
1158 2030 1327 2085 ποιμὴν,
1370 2032 1436 2073 καὶ
1472 2029 1664 2084 ἄμπελος,
1704 2030 1772 2072 καὶ
1808 2028 1882 2071 ὅσα

337 2107 520 2152 τοιαῦτα,
563 2101 689 2152 οὕτω,
731 2104 851 2153 φασὶ,
894 2099 1034 2143 καὶτὸ
1065 2103 1206 2154 κτίσμα
1235 2101 1413 2155 λέγομεν,
1450 2102 1784 2154 καταχρηστικῶς·
1823 2099 1887 2138 δεῖ

337 2169 413 2226 γάρ
444 2168 549 2223 ἡμᾶς
580 2168 794 2225 ὁμολογεῖν.

464 2241 574 2279 1Φεῦ
608 2255 649 2293 γε
685 2243 756 2290 τῆς
789 2236 972 2289 τοιαύτης
1007 2241 1132 2290 κακῆς
1172 2234 1361 2284 ὑπονοίας
1392 2236 1459 2277 καὶ
1493 2236 1747 2289 πανουργίας.
1806 2230 1883 2286 Μὴ

339 2304 423 2364 δῴη
447 2305 585 2358 κύριός
615 2324 689 2347 τινι
710 2310 787 2347 τῶν
810 2309 880 2358 τῆς
911 2303 1101 2358 άληθείας
1131 2306 1230 2346 υἱῶν
1262 2302 1495 2357 ὑπαχθῆναι
1517 2307 1565 2360 τῇ
1587 2300 1750 2359 τοιαύτῃ
1772 2302 1882 2356 εἰρω-

341 2378 447 2431 νείᾳ,
495 2372 551 2427 ’ὶῆ
576 2392 661 2415 τινα
687 2372 753 2416 διά
788 2378 866 2414 τῶν
902 2372 1092 2414 τοιούτων
1124 2370 1360 2414 ’ὑποθέσεων
1395 2373 1462 2413 καὶ
1493 2369 1537 2412 τὸ
1571 2374 1642 2412 τοῦ
1675 2373 1883 2422 κτίσματος

339 2441 463 2495 ὄνομα
487 2443 541 2491 εἰς
563 2440 631 2483 τὸν
659 2440 746 2482 υἱὸν
767 2446 838 2482 τοῦ
860 2446 961 2482 θεοῦ
988 2439 1255 2493 εἰςδεξάμενον
1281 2444 1515 2492 πεισθῆναι,
1546 2439 1614 2480 καὶ
1639 2436 1767 2486 οὕτως
1788 2434 1880 2489 ὅμο-

339 2515 477 2564 λογεῖν.
539 2509 728 2552 Δότωσαν
751 2507 823 2564 γάρ
847 2507 941 2561 ἡμῖν
968 2508 1111 2550 τούτου
1139 2507 1210 2561 τὴν
1233 2513 1369 2563 χρῆσιν
1400 2508 1468 2549 καὶ
1493 2505 1567 2559 τὴν
1589 2510 1667 2547 τῶν
1688 2507 1882 2560 λογισμῶν

341 2576 546 2619 ἀπόδοσιν.
609 2576 750 2618 Πάντα
777 2577 850 2631 γάρ
878 2578 1005 2618 ἐκεῖνα
1028 2581 1344 2631 καταχρηστικῶς
1367 2577 1535 2630 εἴρηται,
1578 2574 1695 2615 οὐδὲν
1727 2574 1782 2620 εἰς
1811 2569 1882 2624 τὴν

340 2644 511 2698 θεότητα
532 2649 602 2687 τοῦ
623 2647 713 2687 υἱοῦ
737 2644 1022 2698 ἐνσκήπτοντα,
1065 2642 1155 2686 οὔτε
1180 2646 1312 2697 ἐλλιπῆ
1333 2643 1554 2696 ποιούμενα
1581 2639 1681 2695 πρός
1708 2639 1776 2682 τόν
1807 2656 1881 2680 πα-

339 2714 431 2765 τέρα
454 2718 522 2765 τῆς
550 2711 673 2755 αὐτοῦ
696 2711 944 2766 ούσιότητος,
983 2710 1061 2754 κάν
1091 2729 1130 2753 τε
1158 2712 1268 2766 θύρα
1299 2715 1472 2765 λεχθείη,
1515 2707 1650 2761 ἐπειδὴ
1677 2706 1726 2749 δι’
1757 2706 1882 2748 αὐτοῦ

341 2780 611 2833 εἰςερχόμεθα,
642 2779 718 2823 κάν
737 2798 776 2822 τε
797 2779 904 2831 ὁδός,
937 2779 1071 2834 ἐπειδὴ
1095 2778 1142 2822 δι’
1168 2780 1291 2822 αὐτοῦ
1314 2782 1541 2833 βαδίζομεν,
1572 2774 1648 2818 κάν
1667 2792 1707 2817 τε
1728 2774 1880 2826 στύλος,

342 2847 477 2900 ε’πειὸι)
515 2847 633 2897 αὐτός
669 2851 770 2891 ἐστιν
803 2850 1004 2904 ἑδραίωμα
1036 2853 1105 2902 τῆς
1129 2846 1340 2901 α’ληθείας,
1379 2845 1455 2889 κᾶν
1483 2861 1522 2886 τε
1544 2845 1704 2897 νεφέλη,
1745 2840 1881 2896 ἐπειδὴ

387 2950 462 2981 Cap,
488 2952 711 2984 XXXIV.—-
738 2954 764 2985 1.
791 2951 878 2995 φησὶ
902 2954 991 2984 codd.
1015 2962 1088 2984 mss.
1179 2951 1210 2984 ὃ.
1236 2951 1376 2995 χίμαρος
1399 2949 1608 2988 cod.Rhedi9.

386 2997 417 3026 ’λ-
442 2995 529 3038 φησὶ
554 2998 642 3027 codd.
667 3007 740 3029 mss.
1183 2995 1259 3027 cst.
1283 2994 1427 3027 xxxv.
1452 3011 1494 3018 -
1522 2997 1551 3025 ι.
1575 2991 1691 3035 Φεῡγε
1713 2993 1879 3024 emmau.
