2066 3319
223 779 290 806 pag.
309 772 366 800 573.

191 1584 278 1628 Κεφ·
300 1584 368 1629 ms-

388 204 467 242 316
955 214 1115 248 SANGTI
1139 217 1361 249 ΕΡΙΡΗΑΝΙῙ

386 285 454 328 τὸν
477 289 738 342 Παράδεισον.
806 289 856 331 Τὸ
889 289 980 346 γάρ,
1015 290 1115 333 Οἶδα
1138 291 1361 348 ἁρπαγέντα
1383 293 1450 336 τὸν
1473 299 1652 336 τοιοῦτον
1682 296 1755 345 ἕως
1785 299 1916 352 τρίτου

387 354 585 408 οὐρανοῦ,
617 359 726 405 ἰδίως
754 357 1008 411 ἀποκάλυψιν
1039 360 1145 417 αὐτῷ
1175 361 1274 403 κατά
1299 361 1368 403 τὸν
1399 365 1528 416 τρίτον
1556 361 1823 416 άναληφθέντι
1851 381 1916 406 πε-

386 424 554 475 φηνέναι
579 426 794 478 συνίστησι·
826 425 868 467 τὸ
893 427 955 477 δὲ,
990 429 1068 469 Καὶ
1091 427 1201 481 οἶδα,
1232 429 1348 471 πάλιν
1370 428 1673 484 ἐπιφερόμενον,
1704 429 1771 473 τόν
1789 437 1917 474 τοιοῦ-

386 508 454 532 τον
476 490 711 546 ἄνθρωπον,
743 496 816 534 εἴτε
843 496 882 535 ἐν
906 494 1075 548 σώματι,
1106 499 1178 538 εἴτε
1203 496 1313 546 ε’κτός
1337 503 1409 539 τοῦ
1436 496 1634 550 σώματος,
1665 500 1719 547 εἰς
1740 498 1807 540 τόν
1833 504 1917 541 Πα-

387 557 587 611 ράδεισον,
629 561 760 614 ἑτέραν
796 557 918 611 αὖθις
954 563 1063 620 αὐτῷ
1094 571 1399 621 πεφανερῶσθαι
1436 564 1534 607 κατά
1569 564 1638 606 τόν
1670 566 1917 621 Παράδεισον

387 626 644 679 ἀποκάλυψιν
667 631 848 670 δείκνυσι.
914 631 1142 685 Τερετισμός
1167 628 1238 674 οὖν
1260 635 1338 675 ἐστι
1360 634 1426 674 καὶ
1445 637 1714 688 τραγικολογία
1734 633 1777 676 τὸ
1801 653 1916 677 κατα-

386 693 599 746 βάλλεσθαι
622 697 742 751 λέγειν
764 696 834 746 τάς
862 697 993 752 ψυχάς
1017 701 1058 741 ἐκ
1082 706 1158 742 τῶν
1181 701 1379 756 οὐρανῶν,
1411 702 1477 742 καὶ
1506 704 1721 755 διαβαίνειν
1747 707 1819 744 τοῦ
1843 720 1914 744 πυ-

388 760 458 816 ρός
481 761 549 810 τάς
581 763 709 818 πηγάς
738 767 804 806 καὶ
831 765 877 806 τά
901 765 1024 808 ὕδατα
1049 767 1095 808 τά
1122 766 1218 823 ὑπὲρ
1246 768 1292 809 τά
1325 774 1428 810 νῶτα
1454 774 1523 810 τοῦ
1552 768 1831 824 στερεῶματος,
1863 773 1917 820 εἰς

385 828 454 871 τόν
479 829 573 872 καθ’
595 830 699 884 ’ἡμᾶς
724 835 942 888 φερομένας
965 834 1122 889 κόσμον.
1176 836 1288 878 Ἐπεὶ
1315 837 1410 890 μηδὲ
1444 835 1466 878 ό
1485 836 1613 890 Ἀδάμ
1635 839 1677 878 ἐκ
1699 842 1776 879 τῶν
1798 838 1916 894 οὖρα-

383 902 466 939 νῶν
494 899 706 953 ἐξεβλήθη,
740 899 832 942 ἄλλα
858 902 937 944 άπὸ
969 908 1040 945 τοῦ
1068 903 1166 945 κατά
1193 903 1382 953 ἀνατολάς
1413 906 1454 946 ἐν
1479 903 1592 957 Ἐδὲμ
1621 907 1917 960 πεφυτευμένου

389 969 651 1020 Παραδείσου.
717 967 775 1009 Οὐ
799 968 871 1025 γάρ
896 970 971 1023 πρὸ
997 976 1065 1024 τῆς
1095 972 1402 1025 ένσωματώσεως
1422 972 1465 1014 τὸ
1490 972 1757 1028 παράπτωμα,
1788 974 1917 1016 καθά-

387 1051 456 1088 περ
481 1036 676 1089 ἐδείξαμεν
703 1039 868 1088 ἱκανῶς,
901 1037 984 1080 οὕδ’
1008 1039 1102 1081 αὐτὸ
1127 1045 1239 1093 σῶμα
1271 1043 1388 1096 παγὶς
1417 1046 1553 1091 τοῦτο,
1595 1040 1690 1082 ἀλλά
1723 1041 1817 1095 μετά
1845 1042 1917 1096 τὴν

386 1103 439 1150 εἰς
463 1101 505 1144 τό
533 1109 644 1156 σῶμα
673 1104 872 1157 σύμφυσιν
902 1112 971 1159 τῆς
1001 1113 1131 1161 ψυχῆς
1160 1112 1302 1162 γίνεται
1330 1108 1372 1150 τὸ
1406 1108 1674 1163 παράπτωμα,
1715 1109 1774 1152 ὅτι
1803 1116 1916 1153 τοῦτο

385 1171 684 1226 συναμφότερον
709 1171 732 1214 ό
755 1172 990 1228 ἄνθρωπος,
1021 1177 1087 1216 καὶ
1107 1175 1133 1228 ἦ
1156 1178 1197 1217 ἐκ
1224 1182 1292 1218 τοῦ
1316 1180 1565 1231 Παραδείσου
1588 1176 1836 1227 κατάπτωσις
1859 1180 1918 1221 ἐν-

384 1237 498 1279 θάδε.
556 1238 598 1280 Ὁ
622 1241 662 1281 δὲ
687 1240 784 1289 ὅλως
807 1242 855 1283 οὗ
880 1244 1087 1296 προςέσχεν
1109 1245 1414 1299 ἐπιμελέστερον,
1444 1243 1692 1300 Ἀγλαοφῶν,
1723 1251 1777 1303 τῷ
1800 1245 1916 1304 λόγῳ,

385 1306 479 1347 ἀλλά
511 1310 719 1349 διετείνατο
752 1311 839 1363 περὶ
873 1310 1114 1365 πραγμάτων
1140 1314 1341 1365 διανόησιν
1370 1312 1445 1354 οὐκ
1474 1312 1639 1366 ἐχόντων
1669 1316 1916 1369 ἐπιχείρησιν,

383 1373 482 1414 κατά
505 1374 572 1424 τάς
596 1375 713 1425 δόξας
736 1376 1001 1431 ἐξηγήσασθαι
1023 1383 1102 1420 τῶν
1123 1380 1285 1430 φαύλων
1303 1378 1370 1421 τόν
1398 1379 1580 1433 Ψαλμόν,
1610 1383 1699 1436 περὶ
1725 1377 1778 1424 ῶν
1798 1384 1918 1438 λέγειν

384 1445 499 1483 πλείω
531 1442 767 1496 παρήσομεν.

501 1579 699 1632 Βούλομαι
723 1579 817 1635 γάρ,
850 1580 985 1635 ἐπειδὴ
1008 1581 1111 1632 ἅπαξ
1133 1584 1186 1630 εἰς
1212 1582 1253 1624 τό
1276 1585 1484 1625 διευθῦναι
1506 1583 1577 1638 τήν
1601 1588 1825 1640 μοχθηρίαν
1849 1586 1920 1627 αὗ-

382 1652 460 1688 τῶν
482 1647 642 1700 ἥκομεν,
675 1648 959 1703 ἆπογυμνῶσαι
979 1652 1045 1691 καὶ
1065 1650 1207 1704 ταύτης
1228 1651 1362 1701 αὐτοῖς
1381 1657 1449 1705 τῆς
1468 1656 1709 1706 προφητείας
1729 1652 1800 1706 τὴν
1820 1653 1918 1709 πρό-

383 1730 514 1767 φασιν.
568 1716 835 1769 Ἐδοκίμασας
857 1716 960 1770 ἡμᾶς
985 1716 1007 1760 ό
1029 1717 1143 1770 θεὸς,
1179 1721 1244 1760 καὶ
1266 1720 1471 1774 ἐπύρωσας
1491 1719 1613 1774 ἡμᾶς,
1645 1719 1698 1770 ῶς
1722 1727 1919 1776 πυροῦται

381 1782 424 1825 τό
453 1782 649 1838 ἀργύριον.
712 1787 1028 1838 Δοκιμασθέντες
1055 1790 1224 1842 διαρκῶς
1250 1790 1290 1829 οἱ
1310 1787 1501 1843 μάρτυρες
1526 1791 1566 1830 ἐν
1591 1795 1676 1838 ταῖς
1700 1789 1799 1831 κατά
1825 1789 1918 1839 τούς

382 1851 623 1905 πειρασμούς
641 1858 719 1894 τῶν
741 1853 922 1906 βασάνων
949 1858 1185 1909 προςβολαῖς
1214 1855 1274 1908 (τά
1300 1856 1420 1898 πολλά
1444 1855 1517 1911 γάρ
1537 1859 1590 1906 εἰς
1610 1856 1680 1911 τήν
1701 1857 1795 1899 καθ’
1813 1856 1917 1912 ἡμᾶς

382 1921 426 1960 αἰ
458 1928 691 1974 προφητεῖαι
727 1926 854 1963 πίστιν
888 1929 1165 1977 πληροῦνται),
1205 1925 1272 1965 καὶ
1305 1923 1474 1978 εὐσεβῶς
1507 1926 1573 1966 καὶ
1606 1927 1917 1980 ἐρρωμενέστατα

383 1988 665 2041 διαθλήσαντες
685 1989 950 2045 εὐχαριστοῦσι
971 1990 1027 2042 τὸ,
1057 1991 1317 2045 Έδοκίμασας
1338 1991 1451 2046 ἡμᾶς,
1475 1994 1649 2048 λέγοντες
1665 1999 1718 2051 τῷ
1738 1999 1834 2051 θεῷ,
1857 1993 1915 2043 ὃς,

379 2059 446 2098 ἵνα
467 2056 539 2109 τήν
558 2056 676 2107 δόξαν
698 2057 788 2111 παρ’
810 2057 914 2116 αὐτῷ
933 2059 1150 2113 κτήσωνται
1172 2063 1338 2113 μείζονα,
1370 2061 1435 2102 δια
1453 2066 1603 2102 πολλῶν
1622 2060 1769 2110 αὐτούς
1786 2060 1917 2117 ’ἤλεγξε

380 2123 535 2174 πόνων,
565 2124 632 2166 τὸν
657 2124 817 2179 άληθῶς
840 2125 1103 2180 Ὀλυμπιακὸν
1131 2128 1264 2183 ἀγῶνα
1290 2134 1447 2182 νικῆσαι
1470 2133 1668 2184 προςθείς.
1729 2131 1810 2170 Καὶ
1834 2132 1916 2172 ἐπι-

380 2193 585 2244 σκέψασθε
610 2191 662 2242 οᾶς
687 2194 839 2243 τούτοις
863 2194 1022 2252 συνῳδὰ
1048 2201 1184 2248 σαφῶς
1215 2203 1296 2245 τοῖς
1321 2196 1451 2252 λόγοις
1481 2199 1570 2251 περὶ
1600 2202 1678 2239 τῶν
1703 2196 1916 2253 ’μαρτύρων

380 2262 446 2301 καὶ
469 2258 492 2301 ο”
514 2261 705 2314 Σολομῶν
730 2262 1020 2317 ἂναφθέγγεται
1052 2264 1115 2315 (οὗ
1151 2263 1223 2319 γάρ
1250 2263 1474 2320 άμάρτυρος
1505 2263 1527 2306 ὅ
1552 2264 1666 2320 λόγος
1695 2267 1762 2307 καὶ
1792 2264 1917 2307 ἄλλων

379 2334 580 2383 γραφῶν),
612 2329 692 2381 ὅτι,
732 2329 774 2371 Ὁ
806 2330 901 2379 θεὸς
932 2332 1130 2385 ἐπείρασεν
1163 2332 1332 2383 αὐτούς,
1371 2334 1436 2374 καὶ
1471 2328 1582 2387 εὗρεν
1610 2332 1755 2382 αὐτοῦς
1785 2332 1917 2383 ἅξίους

380 2398 537 2449 ἑαυτοῦ,
571 2395 787 2451 ὦςχρυσόν
811 2401 851 2440 ἐν
873 2403 1115 2455 χωνευτηρίῳ
1139 2402 1369 2454 ἐδοκίμασεν
1391 2399 1556 2452 αὐτούς,
1587 2403 1653 2443 καὶ
1678 2398 1732 2450 ῶς
1753 2400 1915 2455 ὁλοκάρ-

380 2483 498 2518 πωμα
531 2465 698 2515 εὐωδίας
730 2468 983 2521 προςεδέξατο
1010 2467 1176 2518 αὐτούς,
1206 2469 1270 2509 καὶ
1299 2470 1340 2509 ἐν
1368 2474 1493 2526 καιρῷ
1522 2471 1740 2522 ἐπισκοπῆς
1770 2468 1915 2521 αὐτῶν,

381 2533 559 2587 πρόσθεν
591 2533 732 2585 εἰπών,
767 2536 846 2575 Καὶ
872 2534 943 2589 γάρ
973 2534 1040 2576 ἐάν
1067 2537 1106 2576 ἐν
1132 2535 1225 2587 ὄψει
1253 2535 1480 2591 ἀνθρώπων
1509 2542 1778 2588 κολασθῶσιν,
1809 2536 1836 2591 ἡ
1859 2539 1916 2579 ε’λ-

380 2604 447 2650 πὶς
479 2601 610 2643 αὐτῶν
645 2601 865 2651 άθανασίας
896 2602 1066 2657 πλήρης,
1097 2605 1163 2644 καὶ
1189 2604 1297 2658 ὀλίγα
1327 2606 1607 2654 παιδευθέντες
1637 2604 1781 2661 μεγάλα
1811 2604 1916 2660 εὔερ-

381 2669 679 2724 γετηθήσονται.
737 2670 848 2712 Ἀλλοὶ
871 2672 935 2712 καὶ
959 2673 998 2712 ἐν
1021 2676 1074 2727 τῷ
1098 2671 1179 2726 ρκγ’
1214 2677 1361 2729 Ψαλμῷ
1381 2671 1424 2713 τὸ
1447 2674 1671 2727 εἰρημένον,
1703 2675 1759 2713 Εἰ
1778 2672 1830 2726 μή
1857 2673 1916 2715 ὅτι

380 2736 517 2791 κύριος
541 2733 590 2790 ἦν
616 2740 658 2780 ἐν
682 2737 775 2791 ἡμῖν
798 2740 836 2780 ἐν
856 2744 909 2796 τῷ
934 2740 1193 2792 ε’παναστῆναι
1216 2737 1459 2792 ἀνθρώπους
1483 2739 1545 2791 ἐφ’
1571 2739 1695 2793 ἡμᾶς,
1727 2739 1802 2793 ἆρα
1822 2745 1914 2791 ζῶν-

381 2823 449 2853 τας
471 2804 518 2845 δὶν
540 2807 724 2848 κατέπιον
745 2805 866 2859 ἡμᾶς·
897 2806 1130 2861 χειμάρρουν
1150 2809 1307 2859 διῆλθεν
1328 2806 1354 2860 ἡ
1375 2807 1482 2861 ψυχὴ
1503 2806 1628 2861 ἡμῶν,
1660 2807 1736 2863 ὅρα
1756 2811 1916 2862 διῆλθεν

383 2871 408 2925 ἡ
440 2873 546 2926 ψυχὴ
578 2872 689 2926 ἡμῶν
722 2873 764 2915 τό
793 2874 900 2928 ὕδωρ
931 2873 973 2916 τό
1006 2874 1293 2916 ἀνυπόστατον·
1332 2874 1537 2930 εὕλογητὸς
1568 2874 1726 2930 κύριος,
1766 2875 1811 2925 ὃς
1842 2875 1915 2918 οὐκ

383 2942 526 2981 ἔδωκεν
550 2939 653 2993 ἡμᾶς
676 2944 729 2990 εἰς
751 2941 884 2997 θήραν
911 2950 993 2992 τοῖς
1020 2941 1175 2985 ὀδοῦσιν
1200 2942 1348 2984 αὐτῶν·
1380 2941 1406 2996 ἡ
1429 2943 1536 2997 ψυχὴ
1560 2941 1670 2997 ἡμῶν
1697 2941 1750 2992 ὥς
1776 2958 1913 2999 στρου-

383 3011 475 3049 θίον
496 3007 670 3063 ἐρρύσθη
694 3012 735 3051 ἐκ
755 3016 823 3064 τῆς
844 3014 1008 3066 παγίδος
1029 3017 1104 3053 τῶν
1121 3010 1391 3066 θηρευόντων·
1422 3010 1448 3064 ἡ
1469 3013 1587 3067 παγὶς
1607 3014 1823 3067 συνετρίβη,
1847 3013 1914 3054 καὶ
