2066 3319
517 229 697 261 PANARH
724 229 805 261 [ΑΒ.
824 230 864 261 11.
890 231 996 262 Toxi.
1020 233 1043 262 1.
1070 232 1199 263 HAER.
1225 232 1295 264 Lu.
1608 225 1684 263 115

139 312 177 351 in
202 310 305 350 illius
329 308 566 349 narrationis
595 310 760 349 exordio
782 310 924 350 diutius
952 310 1179 351 immorari?
1235 312 1322 365 Age
1354 312 1553 352 ridiculam
1582 311 1683 352 illam

140 379 421 427 narrationem,
458 378 517 418 vel
541 378 755 418 luctuosam
779 379 919 433 potius,
953 380 1240 431 aggrediamur,
1276 381 1488 421 luctuosam
1516 381 1684 435 quidem,

141 448 239 502 quod
265 447 439 487 diabolus
463 447 500 486 in
526 446 720 486 hominum
749 447 941 488 mentibus
965 448 1095 488 sedem
1125 447 1368 488 constituerit
1386 481 1395 499 ,
1430 449 1488 489 dei
1513 457 1553 489 ut
1580 449 1688 505 opifi-

141 516 201 555 cio
226 522 357 570 posset
382 514 567 565 illudere,
604 515 805 556 ridiculam
830 531 950 568 vero,
985 526 1175 570 quatenus
1199 516 1289 556 niliil
1318 516 1379 556 isti
1407 532 1530 571 neque
1555 518 1689 558 vident

142 598 265 638 neque
300 585 510 639 prudenter
540 584 778 637 intelligunt.

254 651 434 706 Inprimis
459 651 560 692 enim
588 653 807 693 haereticos
834 654 930 694 istos
956 655 1084 693 ferunt
1118 653 1307 693 ecclesias
1335 666 1451 703 suaS,
1486 654 1569 694 sive
1602 655 1687 695 lati—
1713 654 1791 697 CssP·
1814 655 1855 688 ῙῘ·

141 722 227 762 bula
261 721 386 776 potius
412 729 450 761 et
477 736 669 761 cavernas
703 722 775 774 (sic
803 722 903 762 enini
937 722 1220 761 baereticorum
1255 721 1346 761 libet
1374 722 1566 776 appellare
1598 737 1690 764 con-

142 790 370 844 venticula),
405 790 442 830 in
469 790 720 845 liypocaustis
746 798 948 830 extruere.
1014 788 1166 845 Quippe
1190 790 1325 830 subter
1346 790 1474 844 ignem
1499 791 1688 844 excitant,

140 859 184 899 ad
218 873 287 899 eos
321 859 568 914 vaporandos
596 873 640 899 ac
667 859 854 900 fovendos
890 858 951 913 qui
984 859 1020 899 in
1060 859 1150 898 illud
1183 858 1399 898 cubiculum
1433 860 1687 900 conveniunt.

143 926 185 967 ln
211 928 393 982 ingressu
424 928 746 968 vestimentorum
782 928 965 968 custodes
995 942 1063 982 pro
1092 927 1237 967 foribus
1271 927 1534 982 capsarioruin
1568 927 1693 969 instar

141 996 305 1051 appositi
334 1003 439 1037 sunt.
505 995 607 1036 Tum
632 995 859 1036 intrantium
886 996 1049 1051 quisque
1082 1003 1155 1036 tam
1188 996 1247 1037 vir
1278 1010 1388 1050 quam
1423 997 1564 1037 femina
1598 998 1692 1038 foris

141 1065 317 1105 vestibus
343 1078 493 1105 exuens
517 1078 607 1105 sese
631 1071 711 1104 toto
736 1079 917 1119 corpore,
953 1064 1112 1120 perinde
1141 1071 1180 1104 ut
1204 1079 1256 1105 ex
1284 1072 1395 1105 utero
1419 1065 1553 1105 matris
1577 1065 1690 1117 exiit,

143 1134 266 1174 nudus
289 1133 521 1188 ingreditur.
587 1132 664 1174 Sed
689 1134 751 1188 qui
777 1134 969 1188 principes
992 1132 1096 1173 inter
1120 1133 1206 1173 illos
1231 1133 1421 1173 habentur
1440 1140 1478 1173 et
1502 1134 1690 1188 magistri,

143 1216 339 1257 peraeque
375 1202 463 1242 nudi
491 1203 718 1253 consident,
762 1202 823 1242 alii
857 1202 894 1242 in
929 1202 1132 1257 superiore
1165 1203 1273 1253 loco,
1316 1202 1380 1242 alii
1416 1202 1452 1242 in
1486 1203 1690 1253 inferiore,

143 1271 362 1326 promiscue
387 1285 431 1311 ac
456 1271 614 1325 passim.
664 1271 725 1311 Ad
746 1271 841 1312 haec
865 1271 1038 1311 nonnulli
1063 1284 1114 1310 ex
1139 1285 1274 1312 eorum
1302 1285 1464 1311 numero
1491 1280 1596 1322 sunt,
1631 1272 1694 1326 qui

143 1339 294 1380 scilicet
327 1339 574 1380 continentes
604 1340 870 1394 appellantur,
912 1341 1026 1394 idque
1057 1354 1147 1394 prae
1182 1353 1225 1380 se,
1252 1341 1402 1391 ferunt,
1444 1354 1488 1380 ac
1521 1339 1694 1395 virgines

145 1408 359 1460 habentur,
394 1422 514 1462 seque
542 1408 648 1463 ipsos
681 1409 780 1449 bunc
809 1410 845 1449 in
872 1410 1025 1449 modum
1053 1409 1263 1463 decipiunt.
1325 1407 1404 1448 lam
1431 1423 1527 1449 vero
1561 1409 1695 1449 lectio-

146 1491 215 1517 nes
244 1491 288 1517 ae
324 1477 473 1531 reliqua
497 1477 531 1516 id
557 1491 680 1530 genus
709 1478 854 1517 obeunt
886 1477 992 1518 nudi.
1056 1475 1169 1530 Quod
1205 1477 1236 1516 si
1270 1477 1370 1531 quis,
1405 1484 1445 1518 ut
1477 1478 1606 1518 dicere
1632 1492 1696 1518 so-

144 1545 250 1596 lent,
285 1545 322 1585 in
348 1545 499 1600 culpam
522 1545 654 1599 lapsus
678 1559 766 1586 esse
792 1546 994 1596 videatur,
1030 1546 1132 1586 hunc
1156 1546 1192 1586 in
1218 1553 1453 1586 conventum
1483 1560 1594 1586 suum
1625 1547 1695 1586 mi-

146 1615 248 1654 nime
272 1614 435 1669 amplius
459 1613 665 1668 recipiunt.
710 1615 901 1654 Adamum
923 1614 1023 1654 enim
1048 1615 1150 1654 illum
1177 1629 1263 1655 esse
1286 1614 1418 1654 dicunt
1438 1615 1499 1668 qui
1524 1616 1569 1655 de
1591 1615 1695 1668 ligno
1715 1628 1791 1657 Gen.
1809 1629 1835 1657 3.

146 1683 381 1732 comederit„
418 1690 533 1736 atque
560 1697 580 1722 e
605 1681 819 1733 paradiso,
855 1683 926 1723 hoc
950 1690 1011 1722 est
1034 1682 1198 1723 ccclesia
1229 1697 1320 1734 sua,
1355 1683 1695 1724 exterminandum

146 1750 333 1791 iudicant.
395 1750 498 1791 Nam
533 1751 739 1791 ecclesiam
775 1766 881 1791 suam
917 1750 1146 1791 Paradisum
1182 1766 1271 1792 esse
1305 1758 1500 1801 statuunt,
1544 1753 1696 1807 seipsos

147 1834 242 1860 vero
269 1821 461 1860 Adamum
496 1827 534 1859 et
564 1819 704 1860 Evam.
769 1817 852 1859 Cur
884 1820 1001 1877 igitur
1034 1820 1170 1860 subter
1202 1820 1419 1860 cubiculum
1447 1821 1536 1860 illud
1569 1821 1696 1874 iguem

147 1888 344 1939 excitant,
380 1903 427 1928 ne
459 1889 601 1942 frigore
626 1890 884 1929 infestentur?
945 1887 1099 1928 Etenim
1131 1889 1306 1929 Adamus
1331 1896 1369 1929 et
1395 1888 1478 1929 Eva
1509 1904 1633 1944 neque
1657 1890 1697 1931 iu

149 1957 389 2012 hypocausto
420 1957 634 2011 degebant,
671 1971 796 2011 neque
830 1958 969 1997 ardore
1005 1957 1079 1998 ullo
1116 1964 1231 2012 atque
1263 1964 1374 1998 aestu
1405 1959 1695 2012 premebantur,

149 2040 220 2066 nec
254 2027 370 2066 ullum
403 2027 460 2066 eis
493 2026 614 2080 l'rigus
645 2033 729 2065 erat
762 2026 988 2077 molestum,
1023 2026 1090 2066 sed
1120 2026 1328 2081 purissimo
1354 2031 1444 2067 a'e're
1472 2027 1698 2069 fruebantur

147 2109 191 2134 ac
214 2094 374 2135 mirifice
397 2110 419 2136 a
444 2096 515 2135 deo
545 2102 774 2149 temperato,
810 2095 871 2148 qui
900 2108 970 2135 nec
997 2094 1153 2148 frigoris
1179 2094 1384 2135 atrocitate
1408 2095 1694 2148 veliementior,

149 2177 221 2203 nec
252 2164 528 2204 molestissimo
564 2162 733 2203 incendii
770 2165 909 2203 ardore
938 2162 1133 2204 violentus
1163 2163 1398 2204 immineret.
1462 2163 1600 2205 Victus
1632 2165 1698 2206 iis-

149 2232 233 2272 dem
264 2232 458 2273 ambrosia
489 2240 575 2272 erat
607 2247 627 2272 a
662 2233 734 2272 deo
769 2238 915 2286 parata.
978 2230 1112 2273 Locus
1146 2232 1229 2287 ipse
1267 2233 1432 2286 denique
1464 2234 1508 2273 ad
1543 2248 1694 2273 omnem

148 2308 231 2341 erat
253 2301 488 2356 voluptatem
514 2301 868 2355 iucunditatemque
895 2302 1034 2341 sactus.
1098 2299 1177 2352 Ita,
1215 2308 1253 2342 ut
1275 2316 1399 2355 neque
1425 2301 1546 2355 algori
1571 2316 1696 2356 neque

149 2370 298 2420 aestui,
332 2371 651 2425 quemadmodum
678 2369 863 2420 diximus,
899 2376 1033 2410 essent
1057 2369 1233 2410 obnoxii.
1301 2371 1353 2410 At
1378 2369 1430 2409 illi
1455 2384 1540 2410 cum
1565 2370 1697 2411 istius-

150 2439 250 2479 modi
282 2439 386 2480 vitae
419 2439 721 2480 necessitatibus
753 2437 923 2493 expositi
955 2439 1056 2489 sint,
1092 2438 1250 2479 omniuo
1283 2438 1432 2478 ridiculi
1465 2445 1570 2479 sunt.

263 2505 368 2561 Quin
392 2508 481 2548 illud
510 2522 584 2547 una
610 2507 933 2547 considerandum
957 2515 1040 2558 est,
1072 2508 1390 2561 quemadmodum
1423 2521 1474 2546 ex
1499 2520 1545 2547 eo
1570 2508 1694 2548 refelli
1723 2512 1799 2556 Cap.
1822 2514 1878 2546 ΙΙΙ.

150 2576 276 2616 omnis
308 2577 470 2616 istorum
508 2590 621 2616 error
649 2576 785 2631 possit.
847 2575 948 2617 Nam
984 2576 1095 2631 primi
1133 2576 1254 2615 nostri
1296 2582 1477 2630 parentes
1510 2590 1585 2616 nou
1619 2591 1694 2617 una

151 2645 344 2686 duntaxat
378 2645 496 2695 hora,
538 2645 605 2685 sed
642 2651 827 2699 perpetuo
860 2645 950 2685 nudi
982 2645 1066 2685 sine
1093 2645 1169 2685 ullo
1195 2645 1340 2699 pudore
1372 2644 1691 2698 perseverabant.

151 2714 206 2754 At
235 2713 299 2754 isti
331 2728 406 2754 non
433 2713 533 2768 quod
568 2714 713 2768 pudore
747 2721 931 2764 careant,
967 2721 1172 2768 propterea
1206 2713 1421 2763 nudantur,
1457 2714 1608 2754 tametsi
1641 2714 1693 2754 ita
1712 2723 1872 2759 Genea.

152 2782 223 2822 sibi
256 2783 539 2837 persuadeant,
573 2782 640 2823 sed
668 2782 703 2822 id
734 2782 940 2823 insatiatae
973 2782 1121 2823 libidini
1147 2781 1341 2832 tribuunt,
1376 2795 1474 2835 quae
1505 2782 1693 2823 eiusmodi

197 2882 227 2916 3.
257 2887 383 2919 Correxi
414 2884 654 2927 μεμελημένος.
702 2887 783 2917 Nam
807 2888 838 2917 in
865 2888 901 2917 li·
994 2882 1024 2917 4.
1053 2887 1162 2916 Vereor
1183 2893 1218 2915 ne
1248 2885 1286 2914 siz
1312 2885 1520 2924 reponendum
1547 2886 1694 2928 πεπλησ-

154 2933 215 2963 bri's
240 2934 350 2972 legitur
374 2930 625 2973 μεμερημένος,
651 2933 733 2971 quod
755 2933 901 2963 mendum
950 2930 1056 2973 μένος.
1118 2931 1306 2961 Carnarius.-
1352 2938 1385 2961 et
1417 2929 1526 2963 diaeta
1556 2931 1695 2963 immor-

153 2987 214 3010 esse
237 2980 367 3009 videtur.
417 2978 587 3009 Carnarius
608 2979 699 3009 vertit
730 2982 789 3014 ..et
813 2977 902 3008 omni
949 2976 1042 3012 talis,
1078 2981 1110 3005 et
1132 2974 1224 3006 locus
1245 2985 1284 3005 ex
1307 2976 1370 3007 ‹leo
1395 2975 1500 3008 sactus
1522 2977 1601 3019 ipsis
1624 2977 1693 3008 dis-

155 3028 420 3065 temperamento
450 3021 603 3054 ordinate
628 3033 667 3054 ex
698 3022 762 3055 deo
791 3022 902 3054 refer-
949 3020 1075 3064 positus
1100 3027 1180 3057 erat,
1207 3019 1411 3053 iucunditate
1436 3029 1471 3054 et
1498 3022 1584 3055 vitae
1607 3034 1694 3066 opu-

155 3073 241 3099 tus.·‘
949 3065 1051 3098 lenti-a
1075 3064 1262 3097 redundans
1286 3071 1351 3100 cett.

1352 3125 1422 3169 8*
