2035 3309
563 205 743 238 PANARH
768 205 850 237 LlB.
871 206 910 238 11.
935 206 1042 238 TOM.
1062 207 1085 238 1.
1110 205 1241 238 HAER.
1260 206 1316 237 LI.
1659 195 1711 234 59

166 301 297 329 comes
321 288 459 337 suerat,
494 285 688 326 scribendi
712 284 904 338 evangelii
929 286 1128 339 provincia
1155 285 1422 326 committitur.
1487 283 1600 338 Quod
1626 298 1712 323 cum

166 356 341 406 fecisset,
385 369 406 395 a
427 355 465 394 b.
489 352 608 394 Petro
629 353 665 393 iu
688 353 910 408 Aegyptum
936 354 1114 394 mittitur.
1176 354 1273 394 Erat
1296 355 1357 394 hic
1381 369 1480 394 unus
1506 367 1525 393 e
1546 349 1713 394 LXXll

166 424 363 479 discipulis
391 423 453 477 qui
480 422 527 462 ob
557 435 777 463 sermonem
805 422 908 462 illum
935 422 1097 476 dispersi
1125 430 1215 462 sunt
1241 437 1351 476 quem
1381 423 1556 462 domiuus
1583 422 1714 461 elocu-

167 501 227 534 tus
254 493 401 533 suerat:
428 494 518 531 Nes-2·
535 494 618 544 qais
639 494 919 530 manducaverit
938 505 1084 529 carnem
1107 505 1234 537 meam,
1261 498 1297 529 ct
1320 492 1457 529 bibes-it
1474 494 1708 543 sangninem,
1729 501 1918 536 loann.6‚54.

165 577 237 601 non
265 569 322 600 est
345 575 400 599 me
425 563 586 612 degzms:
630 560 682 600 uti
711 560 838 599 sciunt
867 560 928 614 qui
956 559 1201 612 evangelium
1229 559 1411 611 legerint.
1476 558 1623 599 Verum
1649 559 1712 598 ille

165 629 271 670 Petri
302 643 419 684 opera
448 642 634 669 reversus
659 643 703 669 ac
726 628 862 683 spiritu
891 636 1026 668 sancto
1053 627 1223 680 repletus
1249 627 1517 667 conscribendi
1544 641 1714 681 evauge-

166 698 204 739 lii
233 712 370 738 munus
395 696 559 752 accepit.
623 695 718 737 lude
746 710 862 751 porro
888 696 976 736 illud
1004 709 1171 736 exorsus
1200 703 1281 744 est,
1316 696 1416 734 unde
1443 694 1601 749 spiritus
1627 709 1712 735 cum

167 773 324 807 sanctus
348 766 513 821 impulit,
540 772 578 805 et
601 779 620 805 a
644 764 740 805 XV.
762 764 912 805 Tiberii
939 762 1124 804 Caesaris
1149 778 1250 804 auno
1271 764 1435 818 sumpsit
1459 764 1624 812 initium,
1652 763 1714 817 qui

166 842 228 876 est
246 833 391 876 XXX.
415 835 461 875 ab
484 848 530 874 eo
551 834 651 875 unde
670 831 893 873 Matthaeus
913 832 1177 872 narrationem
1195 832 1408 872 inchoavit.
1451 829 1715 884 Quamobrem

168 918 252 945 cum
279 905 474 944 secundus
508 902 568 943 hic
594 902 785 957 evangelii
810 901 978 956 scriptor
1003 901 1225 952 extitisset,
1270 914 1342 940 nec
1374 901 1419 940 de
1447 899 1556 940 verbi
1585 900 1644 939 dei
1678 899 1715 939 iu

166 979 293 1013 terras
317 986 337 1013 e
359 972 469 1012 coelo
494 972 651 1026 delapsu
675 971 877 1026 perspicue
896 969 1171 1024 significasset,
1211 983 1439 1024 quamquam
1466 982 1657 1024 expresse
1680 967 1715 1008 id

165 1041 323 1082 omnino
349 1040 582 1089 declaravit,
616 1064 672 1069 --
711 1053 848 1079 verum
880 1053 965 1079 cum
991 1039 1117 1079 minus
1148 1038 1185 1078 id
1214 1045 1395 1078 accurate
1419 1044 1715 1092 pertractasset,

166 1110 254 1150 hinc
287 1123 413 1150 novae
441 1109 628 1163 quaedam
665 1108 851 1148 tenebrae
881 1108 1057 1158 illorum,
1103 1122 1198 1161 quos
1225 1107 1337 1162 paulo
1367 1114 1455 1146 ante
1482 1119 1718 1146 commemo-

166 1178 267 1228 ravi,
301 1178 470 1232 ingeniis
494 1178 654 1217 obortae
680 1184 791 1227 snnt3
827 1190 874 1216 ne
898 1190 965 1216 eos
987 1176 1238 1230 evangelicus
1261 1176 1323 1215 ille
1346 1175 1528 1230 splendor
1550 1175 1719 1214 illustra-

166 1255 242 1288 ret.
305 1245 373 1288 Sic
402 1247 503 1286 cuim
530 1246 582 1287 illi
610 1246 827 1286 iactabant:
872 1244 977 1285 Ecce
1005 1245 1070 1284 tibi
1097 1259 1237 1285 novum
1268 1245 1314 1284 de
1339 1242 1499 1284 Christo
1526 1243 1717 1297 proditum

167 1323 230 1358 est
253 1315 518 1370 evangelium,
552 1315 590 1355 in
615 1330 688 1369 quo
712 1314 814 1355 nulla
839 1314 884 1354 de
908 1314 1067 1354 coelesti
1090 1314 1150 1354 illa
1170 1313 1425 1367 generatione
1447 1313 1616 1352 mentio:
1652 1311 1719 1351 sed

167 1385 240 1426 hoc
268 1399 383 1425 unum
413 1391 625 1424 memorat:
673 1386 716 1423 In
741 1386 901 1423 Iordane
929 1385 1117 1422 descendit
1140 1386 1297 1435 spiritns
1321 1386 1358 1421 in
1385 1384 1512 1429 illum,
1555 1389 1591 1419 et
1619 1395 1713 1419 vooe:
1735 1396 1831 1424 Marc.
1849 1397 1873 1428 1,
1893 1396 1926 1423 ιο

166 1457 239 1494 Hie
269 1462 326 1493 est
342 1455 458 1506 filias
488 1468 590 1492 meas
620 1454 797 1500 dilectas,
833 1456 870 1491 in
902 1467 973 1504 qao
1004 1454 1098 1490 mihi
1124 1453 1343 1503 complacui.

1788 1435 1818 1458 et
1839 1432 1878 1458 ll.

280 1520 379 1563 Cum
402 1521 521 1576 igitur
540 1522 587 1561 iis
609 1520 645 1561 in
668 1520 783 1561 rebus
807 1527 880 1561 tam
903 1519 1143 1560 incredibilis
1164 1519 1314 1559 illorum
1339 1525 1566 1559 versaretur
1585 1531 1718 1557 amen·
1745 1525 1911 1568 Cap.V11.

170 1591 245 1642 tia,
290 1591 449 1645 spiritus
477 1597 633 1630 sanetus
667 1590 704 1629 b.
733 1588 882 1630 Lucam
908 1588 1070 1629 occultis
1095 1588 1320 1642 quibusdam
1350 1587 1514 1627 stimulis
1547 1586 1651 1640 cogit
1683 1593 1722 1626 et

169 1659 334 1709 excitat,
363 1666 405 1699 ut
428 1673 479 1699 ex
501 1659 688 1699 altissima
710 1658 774 1699 illa
797 1658 985 1711 voragine
1008 1671 1214 1697 caecorum
1238 1656 1431 1696 hominum
1457 1663 1605 1696 mentes
1628 1655 1720 1695 edu-

169 1735 292 1778 ceret,
329 1735 367 1768 et
389 1742 486 1783 quae
511 1729 666 1769 fuerant
688 1727 734 1767 ab
760 1727 845 1768 aliis
867 1726 1142 1782 praetermissa
1164 1725 1319 1779 scriptis
1339 1724 1645 1773 commendaret,
1673 1737 1720 1763 ne

169 1797 253 1852 quis
280 1811 300 1837 a
324 1797 489 1837 veritate
512 1796 665 1850 longius
692 1796 880 1836 aberrans
907 1795 1087 1835 crederet
1113 1791 1259 1834 Christi
1284 1793 1580 1847 generationem
1605 1792 1651 1831 ab
1674 1805 1720 1831 eo

168 1866 275 1908 velut
310 1866 435 1906 fictam
474 1866 638 1906 fabulam
674 1866 794 1905 fuisse
830 1863 1082 1920 propositam.
1147 1860 1226 1903 Sed
1265 1862 1482 1901 orationem
1517 1861 1581 1901 ille
1612 1874 1720 1900 suam

169 1935 353 1990 deinceps
386 1934 500 1975 effert
531 1934 670 1984 altius,
713 1948 758 1974 ac
791 1948 875 1973 cum
902 1932 1079 1972 subtilius
1108 1938 1280 1985 exponat
1306 1930 1459 1980 omnia,
1504 1929 1560 1969 rei
1586 1937 1721 1983 gestae

168 2004 310 2044 seriem
347 2010 529 2043 accurate
565 2003 833 2058 prosequitur,
879 2009 916 2041 et
949 2002 994 2041 ad
1027 2000 1182 2041 veritati
1213 1999 1427 2039 faciendam
1458 1999 1568 2038 [idem
1600 2005 1721 2039 testes

169 2072 255 2113 illos
283 2072 462 2127 proponit
493 2072 530 2112 in
559 2071 748 2121 medium,
798 2070 859 2125 qui
893 2069 1011 2110 divini
1039 2069 1147 2110 verbi
1177 2069 1330 2108 fuerant
1357 2066 1589 2107 administri.
1655 2065 1722 2108 Sic

169 2142 271 2182 enim
295 2140 489 2196 loquitur:
534 2143 713 2191 Quoniam
741 2142 884 2192 quidem
908 2141 1020 2178 malli
1038 2142 1166 2178 eonati
1183 2145 1274 2176 sunt
1295 2139 1357 2188 (ut
1380 2136 1610 2185 nonnullos,
1657 2135 1718 2190 qui
1739 2149 1810 2177 Luc.
1834 2150 1856 2176 1.

169 2210 205 2250 id
241 2210 367 2250 conati
404 2211 584 2259 fuerant,
629 2208 846 2258 indicaret,
893 2204 1123 2248 Cerinthum
1157 2205 1365 2256 videlicet,
1408 2203 1647 2245 Merinthum
1685 2211 1724 2244 et

171 2279 314 2331 alios):
350 2278 477 2334 pergit
501 2292 618 2318 vero:
666 2280 790 2316 Visam
815 2284 873 2316 est
892 2278 986 2315 mila·
1003 2278 1175 2328 deinceps
1194 2283 1364 2314 assecuto
1385 2289 1407 2313 a
1424 2276 1613 2327 principio
1636 2275 1722 2312 dile·-

165 2355 303 2400 genter·
325 2362 387 2386 cos
407 2350 475 2400 qui
491 2350 566 2399 ipsi
582 2349 768 2393 viderunt,
804 2353 843 2384 et
860 2348 1027 2384 ministri
1042 2349 1224 2384 sermonis
1241 2345 1413 2397 saer-ant,
1448 2343 1615 2381 seribere
1638 2343 1718 2389 tihi,

170 2419 303 2469 optimc
330 2418 550 2468 Theophe'le:
584 2415 669 2455 sive
695 2415 740 2454 ad
765 2412 1022 2469 Theophilum
1048 2413 1262 2468 quempiam
1286 2412 1462 2453 scribens
1486 2410 1539 2450 ita
1561 2410 1720 2461 dixerit,

173 2485 257 2525 sive
282 2491 474 2524 amantem
501 2484 560 2524 dei
585 2483 794 2538 quemlibet
816 2483 1054 2537 alloquatur:
1088 2485 1254 2529 Eorum,
1291 2481 1427 2535 inquit,
1464 2481 1656 2519 verborum
1679 2482 1724 2518 cle

171 2554 304 2607 quibas
338 2556 509 2592 eruditus
541 2568 580 2591 es
612 2555 817 2592 veritatem.
882 2549 956 2592 Ubi
984 2551 1208 2591 nonnullam
1236 2550 1518 2590 institutionem
1543 2555 1723 2588 auteces-

172 2621 272 2662 sisse
301 2621 516 2675 siguificat,
563 2635 635 2675 qua
667 2620 713 2660 ab
746 2620 831 2660 aliis
857 2620 931 2660 iam
958 2628 1044 2660 erat
1066 2620 1260 2668 imbutus,
1302 2617 1368 2657 sed
1396 2617 1442 2656 ab
1466 2617 1601 2657 iisdem
1627 2616 1722 2656 certi

172 2690 267 2731 nihil
287 2689 504 2744 accepisse.
568 2687 664 2730 Post
689 2689 784 2729 haec
805 2688 862 2729 rei
887 2689 1090 2729 veritatem
1113 2686 1297 2742 exponit:
1332 2689 1421 2725 Fuit
1440 2689 1477 2724 z'n
1501 2687 1630 2725 diebus
1651 2689 1724 2725 He-

171 2762 275 2799 rodis
306 2761 410 2809 regis
441 2761 485 2797 de
517 2762 593 2797 vice
615 2759 717 2798 Abia
732 2760 926 2810 pontgfiez's
950 2760 1126 2797 sacerdos
1151 2758 1298 2808 quidam
1325 2757 1470 2793 nomine
1492 2757 1719 2802 Zacharias,

172 2836 208 2867 et
230 2842 329 2866 uxor
353 2829 432 2865 eius
453 2830 497 2865 dc
509 2828 673 2879 filiabus
696 2831 854 2874 Aaron,
889 2829 1035 2866 nominc
1057 2825 1272 2865 Elfzabetlz.
1337 2822 1468 2863 Altius
1493 2837 1585 2877 ergo
1610 2837 1723 2877 quam

173 2894 399 2936 Matthaeus
426 2899 595 2936 exorsus
626 2902 700 2936 cst.
763 2894 990 2936 Matthaeus
1023 2894 1123 2934 enim
1153 2892 1390 2933 tricesimum
1419 2891 1556 2932 aetatis
1581 2906 1724 2931 aunum

175 2963 284 3004 initio
310 2963 539 3004 declaravit.
601 2962 764 3004 Marcus
786 2978 883 3005 vero
908 2976 1005 3017 quae
1032 2968 1118 3016 post
1141 2960 1379 3002 tricesimum
1405 2968 1516 3015 gesta
1541 2967 1631 3001 suut
1654 2974 1725 3000 ex-

175 3055 320 3086 mendum
342 3056 461 3087 subesse
485 3057 681 3098 suspicatus,
716 3057 838 3088 uncinis
861 3056 989 3087 notai-it.
