2066 3319
523 170 703 203 PANARn
727 171 809 202 Lis.
833 172 873 203 n.
897 172 1005 204 ToM.
1029 174 1053 206 1.
1078 173 1326 205 HAER.LV11.
1621 165 1698 205 165

152 250 263 305 plane
286 248 382 290 haec
414 248 548 289 abillo
576 250 824 303 pronuntiata
847 258 951 291 sunt.
1014 251 1164 303 Recte,
1199 252 1378 307 inquam,
1413 252 1533 302 dixit,
1568 256 1698 292 Omnia

151 320 244 357 mz‘lzz‘
267 319 406 356 traditu
433 326 522 356 sunt
541 333 563 357 α
584 326 698 370 patre
725 334 825 366 meo,
861 327 1117 373 accurateque
1153 335 1224 361 nos
1257 321 1400 361 (locuit.
1465 319 1535 361 llle
1567 320 1698 375 itaque

151 399 264 440 supra
300 399 434 425 omnes
468 386 562 426 deus
597 386 756 435 existit,
801 402 886 427 eum
925 388 1174 429 nihilominus
1212 397 1357 443 patrem
1391 389 1529 429 babeat
1564 403 1692 430 suum.

150 452 263 507 Quod
287 453 332 493 iis
356 454 488 494 verbis
519 455 737 509 expressit:
774 459 874 495 l'mlo
895 460 945 495 ml
959 465 1118 508 patrem.
1184 457 1235 497 At
1262 459 1293 497 si
1323 464 1432 511 pater
1457 464 1560 497 esset
1594 457 1898 511 ipse,10ann.16.‚1o.

149 535 262 575 quem
295 522 446 562 tandem
480 523 526 562 ad
559 530 729 578 patrem,
765 538 786 563 o
814 525 952 575 stulte,
988 525 1233 565 discederet?
1295 524 1352 564 lta
1388 526 1526 580 quippe
1559 539 1695 565 rursus

149 590 342 644 loquitur:
383 593 429 629 Ile
447 594 537 630 ‚sint
564 606 696 640 mmm,
731 596 830 631 sien!
859 608 928 644 ego
959 601 995 631 (el
1027 603 1065 631 (a
1097 608 1208 632 mmm
1239 608 1379 632 manus.
1707 610 1898 643 ioann.17;22.

262 656 417 698 Etenim
449 659 641 714 scriptura
677 660 748 700 hoc
782 661 1021 715 potissimum
1058 675 1225 711 cavens,
1261 675 1308 701 ne
1337 661 1513 701 homines
1546 662 1590 700 ad
1623 675 1695 701 ex-
1721 669 1798 710 Cap.
1822 669 1866 699 X.

148 733 271 767 trema
299 741 474 782 quaeque
502 728 731 778 deflectant,
773 728 939 768 medinm
972 729 1009 768 in
1044 729 1220 769 veritatis
1255 731 1330 769 iter
1365 729 1504 783 ubique
1536 743 1693 769 sensum

146 794 518 850 intelligentiamque
544 797 753 851 compellit.
818 795 1083 850 Quamobrem
1110 803 1149 836 nt
1172 797 1246 838 illis
1270 804 1473 847 occurrat,
1508 797 1570 851 qui
1602 797 1696 837 alie-

147 878 236 904 num
261 878 280 903 a
309 871 416 918 patre
447 864 561 905 filium
594 879 682 905 esse
714 865 960 918 praedicant,
996 879 1094 919 quae
1122 872 1178 904 est
1206 864 1293 905 Arii
1319 872 1358 906 et
1381 865 1542 905 aliarum
1568 873 1693 905 secta-

146 947 230 972 rum
263 932 417 987 opinio,
450 934 506 973 sic·
533 933 725 987 loquitur:
758 936 843 985 Ego
866 942 902 972 et
921 942 1033 985 puter
1055 949 1166 973 2112sz
1189 949 1330 973 snmus.
1396 931 1547 974 Contra
1579 947 1901 984 ver0‚10anu.1o‚³o.

147 1007 188 1041 ut
216 1015 284 1041 eos
310 1001 465 1041 refellat
489 1002 550 1056 qui
579 1002 744 1041 eundem
774 1015 862 1042 esse
897 1008 1042 1057 patrem
1079 1010 1117 1042 et
1150 1002 1269 1043 filium
1302 1009 1506 1053 asserunt,
1547 1016 1614 1056 pro
1646 1015 1693 1041 eo

146 1069 245 1124 quod
279 1068 401 1119 dixit,
435 1072 519 1121 Ego
551 1078 587 1108 et
614 1078 726 1122 patet·
754 1085 864 1109 ammi
898 1085 1046 1118 sumus,
1083 1071 1135 1111 ita
1167 1070 1242 1111 alio
1267 1071 1352 1112 loco
1379 1078 1581 1125 precatur:
1617 1073 1896 1116 Facloann‚17‚21.

145 1141 245 1190 zpsos
266 1146 310 1177 nt
331 1141 407 1177 sz'nl
429 1153 554 1186 umcm,
589 1142 691 1178 sebur
707 1154 775 1191 ego
797 1148 836 1178 et
855 1147 894 1178 lec
920 1154 1030 1178 erman
1054 1154 1195 1178 sumus.
1261 1138 1350 1192 Quo
1371 1138 1505 1181 Noeto
1528 1140 1691 1194 eiusque

144 1205 302 1246 scholae
329 1207 514 1261 pudorem
538 1207 723 1257 incutiat,
759 1208 846 1248 dum
874 1208 976 1247 illam
1008 1207 1284 1262 discipulorum
1309 1209 1622 1249 coniunctionem
1655 1209 1693 1248 in

145 1274 310 1315 medium
336 1274 504 1315 adducit.
549 1273 635 1329 Qua
661 1276 761 1316 enim
787 1276 938 1317 ratione
955 1275 1096 1317 Petrus
1120 1274 1344 1318 etloannes
1367 1284 1405 1317 et
1429 1277 1549 1317 ceteri
1576 1292 1692 1317 unum

146 1356 251 1393 esse,
286 1343 452 1384 velutin
482 1358 597 1384 unum
624 1345 893 1385 coalescentes
915 1345 1142 1399 confusique
1166 1347 1402 1400 potnerunt?
1455 1343 1533 1387 Sed
1561 1360 1607 1386 eo
1634 1344 1692 1385 ni-

144 1412 281 1452 mirum
306 1412 370 1452 illa
403 1412 505 1453 dicta
529 1420 620 1453 sunt
651 1414 749 1467 quod
776 1414 812 1453 in
846 1413 961 1454 unius
994 1413 1205 1454 divinitatis
1230 1414 1505 1454 coniunctione
1538 1414 1693 1454 eadem—

144 1494 217 1534 que
251 1480 444 1521 sententia
475 1495 518 1521 ac
552 1481 694 1521 virtute
729 1481 969 1532 consistant,
1009 1490 1046 1522 ut
1082 1496 1195 1523 error
1227 1483 1352 1523 omnis
1385 1482 1618 1523 excludatur
1648 1497 1692 1523 ac

147 1548 312 1599 falsitas,
348 1562 446 1602 quae
474 1549 623 1589 utravis
648 1557 826 1604 exparte
851 1557 984 1591 contra
1009 1551 1214 1591 veritatem
1240 1552 1430 1605 insurgat.
1492 1549 1691 1606 Philippus

144 1631 240 1658 vero
273 1618 472 1672 apostolus
506 1618 607 1658 hunc
636 1618 674 1658 in
706 1618 858 1658 modum
886 1617 1085 1660 Christum
1120 1619 1352 1674 alloquitur:
1399 1622 1557 1659 Ostende
1587 1621 1895 1671 7l⁰b12510mu1.14,8.

140 1694 285 1738 patrem
309 1695 425 1726 tuum.
474 1684 547 1727 Cui
569 1686 622 1726 ita
646 1686 868 1742 respondit:
906 1690 981 1738 Qui
999 1691 1097 1726 videl
1115 1702 1183 1735 me,
1219 1691 1319 1727 videt
1335 1696 1371 1727 el
1387 1696 1535 1741 patrem
1556 1704 1686 1728 meum.

143 1753 236 1794 Non
260 1755 378 1806 dixit,
413 1758 497 1806 Ego
519 1763 742 1808 sumpuler,
778 1756 845 1796 sed
870 1759 955 1803 Me,
991 1756 1089 1810 quod
1115 1756 1214 1796 idem
1240 1763 1300 1796 est
1330 1770 1374 1796 ae
1398 1756 1592 1811 seipsum,
1626 1757 1693 1797 ad-

143 1822 250 1863 iecit.
314 1821 437 1874 Item,
474 1827 599 1871 Videt,
637 1824 777 1878 inquit,
806 1833 967 1876 patrem,
1003 1839 1081 1865 non
1104 1824 1235 1879 ntique
1262 1825 1431 1880 seipsum
1455 1839 1691 1865 commemo-

142 1898 218 1932 rat.
282 1891 399 1932 Aliud
431 1891 533 1932 enim
563 1899 623 1932 est
654 1892 840 1933 articulus
869 1892 934 1932 ille
965 1888 1053 1942 τόν,
1086 1893 1187 1934 aliud
1223 1907 1438 1948 pronomen
1471 1892 1555 1946 ἐμὲ,
1588 1894 1690 1934 aliud

144 1956 233 2013 ἐγώ,
267 1960 368 2000 aliud
390 1959 468 2012 ἐμέ.
512 1959 614 2001 Nam
641 1960 673 2001 si
693 1961 776 2015 ipse
800 1968 911 2015 pater
932 1968 1053 2012 esset,
1088 1961 1236 2002 diceret
1261 1963 1453 2016 profecto,
1487 1966 1572 2014 Ego
1594 1978 1687 2002 sum.

145 2026 279 2081 Quare
304 2043 388 2069 cnm
417 2030 499 2084 ipse
529 2037 638 2084 pater
669 2028 826 2069 minime
861 2029 933 2078 sit,
974 2030 1041 2069 sed
1073 2030 1172 2070 filius
1200 2045 1295 2071 vere
1329 2030 1432 2070 istud
1464 2031 1688 2087 usurpavit:

146 2099 221 2147 Qui
250 2100 349 2137 videt
380 2113 455 2146 me,
503 2101 601 2138 ve‘clet
634 2106 672 2137 et
696 2106 864 2150 patrem,
910 2098 956 2138 ad
992 2099 1234 2139 refutandam
1273 2099 1358 2139 Arii
1395 2099 1688 2155 blasphemiam,

144 2179 242 2219 quae
275 2166 391 2206 lilium
423 2167 568 2207 alienat
598 2181 619 2207 a
652 2174 775 2221 patre.

258 2233 372 2288 Quae
395 2250 479 2275 eum
502 2235 553 2275 ita
581 2235 659 2275 sint
685 2249 730 2275 ae
757 2250 842 2275 cnm
873 2249 1009 2276 sacrae
1040 2250 1175 2276 omnes
1198 2236 1336 2277 literae
1360 2236 1459 2277 viam
1485 2236 1597 2277 nobis
1623 2251 1691 2278 ve-

145 2302 270 2343 ritatis
303 2303 522 2344 certissime
556 2304 846 2355 demonstrent,
881 2311 1080 2359 postquam
1108 2303 1280 2346 No‘e’tum
1314 2305 1452 2355 istum,
1487 2304 1534 2344 ab
1567 2318 1691 2360 eoque

145 2378 393 2426 propagatam
417 2371 703 2413 No'etianorum
729 2380 897 2424 sectam,
932 2387 1007 2413 una
1034 2388 1118 2413 eum
1146 2373 1305 2428 reliquis
1334 2373 1568 2428 repulimus,
1603 2388 1691 2429 per-

145 2439 233 2480 inde
257 2453 301 2479 ae
330 2440 538 2481 draconem
570 2441 676 2481 illum
712 2441 775 2495 qni
801 2441 1032 2492 ostracites,
1067 2441 1152 2481 sive
1176 2449 1397 2492 testaceus,
1431 2441 1593 2493 dicitur,
1627 2443 1689 2497 qui

145 2522 230 2548 cum
253 2508 447 2550 hominem
470 2510 731 2565 persequitur,
767 2523 891 2565 neque
914 2510 952 2550 in
975 2510 1153 2551 dextram
1176 2525 1300 2565 neque
1323 2511 1360 2550 in
1383 2510 1580 2551 sinistram
1605 2526 1689 2566 par-

145 2583 222 2617 tem
250 2577 408 2618 flectere
436 2592 479 2618 se
507 2578 584 2619 ullo
614 2579 727 2619 modo
760 2585 911 2633 potest,
946 2579 992 2618 ab
1018 2578 1083 2619 illo
1110 2580 1260 2619 demum
1297 2579 1456 2633 eiusque
1487 2579 1621 2621 schola
1652 2589 1691 2620 et

144 2644 389 2700 improbitate
414 2646 651 2687 declinantes
685 2648 730 2687 ad
757 2654 910 2687 ceteras
941 2646 1070 2687 divina
1106 2662 1176 2702 ope
1214 2648 1299 2687 l'rcti
1329 2647 1497 2688 animum
1531 2648 1690 2690 adiicia-

144 2727 251 2764 mus,
285 2721 326 2754 ut
350 2715 576 2770 peregrinas
603 2723 641 2756 et
667 2715 856 2757 absurdas
884 2714 1034 2756 dicendi
1061 2716 1233 2756 rationes
1263 2716 1453 2757 adversus
1485 2717 1689 2758 veritatem

145 2782 184 2822 in
213 2782 289 2823 illis
321 2784 565 2838 excogitatas
596 2791 807 2840 pertexere
837 2798 881 2825 ac
912 2784 1149 2838 redarguere
1182 2784 1390 2839 possimus.
