2066 3319
511 176 692 209 PANARH
718 177 803 209 Lm.
825 179 865 210 11.
886 178 996 211 ΤοΜ.
1016 181 1055 211 11.
1083 180 1369 215 HAER.Lle1.
1636 177 1714 215 565

158 265 345 304 eoecelsts:
390 260 604 297 benedictus
629 260 697 308 qui
716 260 816 296 vem't
841 260 877 296 t'tl
909 263 1055 298 nomme
1086 263 1237 299 domini.
1304 259 1422 302 ltem:
1468 266 1530 302 Ea:
1562 278 1627 302 ore
1657 267 1713 303 ia·
1750 284 1797 311 p„⁴
1816 285 1841 313 g,
1862 285 1886 310 ³.

146 333 318 386 santium
343 335 381 366 et
403 327 618 365 lactentium
638 326 838 376 perfecisti
866 327 1024 366 laudem.
1092 326 1208 369 Mitto
1241 329 1314 369 alia
1349 330 1432 370 eius
1465 331 1624 383 generis
1657 331 1714 371 in-

157 397 279 439 finita.

268 463 331 504 Ad
358 460 488 502 carnis
518 474 613 502 vero
642 462 974 502 resurrectionem
1006 463 1105 516 qnod
1133 464 1293 515 attinet,
1330 479 1458 506 nonne
1491 467 1705 509 convenire
1733 479 1878 522 capvt.

155 534 219 574 illa
246 529 354 572 carni
379 529 517 580 debet,
564 543 586 569 o
618 528 830 569 vanissime
862 528 1054 581 Hieram,
1098 546 1182 571 enm
1218 539 1255 571 et,
1281 532 1363 586 ipsa
1399 534 1579 588 loquendi
1613 537 1711 577 ratio

156 601 251 643 satis
275 600 352 640 vim
377 598 479 638 illius
504 598 670 652 arguat?
721 595 876 637 Etenim
906 598 1146 639 resurrectio
1174 600 1220 639 ‹le
1249 613 1393 640 eonon
1420 601 1575 653 dicitur,
1610 604 1710 658 quod

155 669 312 711 minime
339 665 539 707 ceciderit,
605 663 798 718 Quidnam
833 665 949 719 igitur
982 665 1072 706 illud
1099 674 1158 706 est
1191 668 1292 721 quod
1323 668 1484 719 cecidit,
1521 672 1620 724 qnod
1647 685 1708 712 se-

152 738 297 794 pultum
324 742 383 776 est
406 742 521 788 atque
544 733 797 783 dissolutum,
834 740 1106 787 praeterquam
1134 737 1302 789 corpus?
1361 736 1503 791 Neque
1531 738 1633 778 euim
1663 740 1708 780 de

153 805 281 847 anima
306 803 380 843 dici
412 802 514 843 istud
550 808 701 855 potest,
737 814 834 855 quae
869 814 995 855 neque
1022 802 1162 842 cadere
1198 817 1324 858 neque.
1359 807 1534 860 separari
1564 814 1706 861 potest.

152 872 272 915 Plura
297 872 372 913 alia
398 871 443 911 de
467 884 512 910 ea
540 883 582 909 re
613 869 799 923 disputari
822 876 1008 923 possunt,
1043 871 1110 910 sed
1140 871 1235 911 haec
1258 886 1409 913 summa
1434 880 1542 924 esto,
1576 889 1709 915 resur-

148 942 364 983 rectionem
393 951 633 992 nequaquam
656 937 809 977 animae
839 937 977 989 tribui,
1013 939 1080 978 sed
1105 953 1246 993 corpus
1273 954 1362 981 esse
1391 943 1491 996 quod
1518 944 1703 997 resurgit.

151 1008 266 1064 Quod
290 1022 386 1049 vero
412 1007 457 1046 de
484 1005 676 1046 electione
701 1005 809 1060 plura
833 1005 947 1057 dicit,
983 1020 1056 1060 qua
1083 1007 1258 1047 salvator
1289 1008 1577 1062 virginitatem,
1613 1026 1706 1051 eon-

149 1076 350 1119 tinentiam
377 1082 416 1115 et
442 1073 712 1114 castimoniam
743 1073 886 1128 elegit⁷
931 1073 1017 1128 quis
1050 1074 1123 1114 hoc
1151 1089 1227 1115 non
1254 1075 1459 1130 intelligit,
1494 1077 1541 1117 de
1570 1079 1706 1119 eodem

147 1146 299 1187 delectu
335 1142 495 1198 gloriari
533 1155 686 1196 quoque
729 1149 902 1182 sanctam
948 1142 1178 1183 catholicam
1216 1150 1253 1184 et
1289 1145 1542 1199 apostolicam
1578 1147 1706 1187 eccle-

145 1214 270 1256 siam?
332 1209 411 1253 Sed
446 1211 582 1251 eadem
616 1209 867 1250 nihilominus
901 1218 940 1250 et
973 1224 1041 1252 eos
1069 1226 1221 1266 quoque
1254 1212 1317 1267 qui
1352 1212 1527 1254 honestis
1560 1215 1704 1269 nuptiis

142 1281 279 1336 illigati
306 1287 397 1321 sunt
429 1293 497 1334 pro
530 1278 588 1319 sui
623 1278 847 1318 conditione
870 1285 1018 1330 status,
1063 1280 1109 1320 ad
1145 1280 1310 1320 salutem
1345 1282 1556 1336 pervenire
1589 1297 1704 1338 posse

147 1365 224 1391 non
251 1348 414 1390 dubitat.
476 1346 581 1387 Nam
608 1348 836 1385 venerabiles
859 1362 939 1386 esse
959 1351 1131 1400 nuptiae,
1178 1362 1223 1388 ae
1260 1348 1320 1388 dei
1352 1350 1549 1403 aspirante
1579 1352 1704 1406 gratia
1718 1360 1866 1395 chms,
1886 1362 1909 1389 4.

145 1418 320 1459 coeleste
358 1430 522 1470 regnum
557 1414 762 1465 obtinere,
806 1416 890 1469 quis
928 1415 990 1456 vet
1023 1429 1075 1456 ex
1108 1430 1154 1456 eo
1189 1431 1265 1456 non
1298 1426 1489 1471 agnoscat
1525 1421 1624 1473 quod
1658 1421 1706 1461 ad

145 1486 300 1542 nuptias
331 1484 518 1525 invitatus
543 1483 718 1523 salvator
741 1483 821 1538 ipse
849 1483 987 1534 fuerit,
1033 1491 1075 1524 ut
1104 1484 1151 1524 iis
1182 1484 1463 1526 benediceret?
1524 1486 1638 1541 Quod
1671 1488 1703 1528 si

144 1563 223 1595 tum
246 1552 389 1608 nuptiis
408 1552 603 1592 interesse
627 1550 834 1603 noluisset,
862 1552 1084 1592 earumdem
1108 1566 1273 1593 eversor
1288 1553 1441 1606 fuisset,
1469 1569 1540 1596 nee
1565 1570 1702 1597 unum·

143 1635 334 1678 quemque
368 1635 437 1676 pro
464 1633 534 1661 sua
568 1619 833 1660 imbecillitate
867 1620 1037 1675 benigne
1064 1628 1179 1675 atque
1212 1621 1462 1676 indulgenter
1496 1624 1701 1666 admittere

142 1696 358 1746 putaretur.
424 1686 689 1741 Quamobrem
719 1690 946 1728 venerabiles
972 1692 1124 1741 nuptiae
1147 1698 1255 1738 sant,
1293 1704 1377 1731 eum
1405 1705 1470 1732 eas
1497 1693 1580 1748 ipse
1608 1708 1701 1734 eon-

140 1758 327 1800 stituerit.
393 1755 563 1811 ideoque
587 1763 626 1796 et
650 1756 789 1797 adesse
815 1756 951 1797 iisdem
975 1757 1120 1808 voluit,
1157 1765 1196 1798 ut
1222 1771 1355 1799 eorum
1383 1774 1450 1800 ora
1473 1762 1700 1815 praeclude-

140 1834 201 1868 ret
226 1826 289 1882 qui
315 1833 451 1866 contra
479 1824 686 1865 veritatem
713 1825 924 1880 disputant.
989 1823 1095 1878 Quin
1121 1832 1159 1866 et
1184 1826 1261 1866 illie
1285 1828 1383 1882 apud
1409 1826 1558 1870 Canam
1591 1829 1700 1871 Gali·
1731 1839 1835 1867 loann.
1853 1843 1878 1870 z.

137 1895 247 1936 laeae
268 1898 431 1947 primum
452 1895 716 1945 sigtmmseez't
736 1902 772 1932 et
803 1897 840 1933 ίιι
866 1897 988 1933 vinam
1013 1908 1148 1946 aquam
1171 1899 1368 1935 convertit.
1433 1895 1538 1938 Nam
1566 1905 1606 1938 ut
1632 1913 1695 1939 or-

137 1974 199 2005 tus
222 1977 274 2004 ex
298 1962 450 2017 virgine
478 1962 625 2011 suerat,
661 1968 701 2001 ut
725 1961 808 2001 orbi
838 1969 1028 2003 terrarum
1054 1963 1264 2004 excitatam
1299 1978 1352 2005 ex
1384 1965 1538 2020 virgine
1569 1966 1696 2007 lucem

140 2031 389 2082 ostenderet,
425 2031 477 2070 ita
502 2036 540 2069 et
565 2030 728 2085 primum
755 2030 982 2071 miraculum
1011 2031 1232 2086 nuptiarum
1260 2033 1297 2072 in
1319 2033 1483 2088 gratiam
1506 2035 1603 2090 apud
1619 2033 1696 2076 Ca-

140 2114 228 2140 nam
254 2098 457 2140 Galilaeae
483 2099 612 2138 facere
640 2098 776 2139 voluit.
842 2098 931 2153 Quo
962 2099 1144 2141 nimirum
1175 2108 1212 2141 et
1236 2101 1453 2155 virginitati
1485 2117 1596 2143 suum
1630 2103 1694 2144 illo

138 2175 274 2223 partu,
309 2167 482 2222 lucisque
517 2180 613 2221 quae
640 2180 691 2207 ex
714 2167 777 2207 illa
802 2168 999 2222 prodierat
1033 2168 1244 2210 emissione
1271 2169 1458 2210 honorem
1486 2171 1690 2223 tribueret,

137 2243 176 2277 et
200 2236 387 2276 honestas
413 2235 565 2289 nuptias
591 2235 777 2290 prodigiis
800 2249 843 2275 ac
870 2236 1069 2277 miraculis
1092 2237 1330 2289 illustraret,
1365 2238 1503 2292 quibus
1527 2239 1691 2294 primum

135 2304 319 2344 mutanda
346 2304 383 2344 in
409 2304 541 2344 vinum
568 2317 666 2358 aqua
690 2303 917 2345 miraculum
943 2312 1003 2346 est
1028 2305 1201 2347 molitus.
1266 2306 1328 2346 Ad
1354 2306 1450 2346 haec
1484 2307 1516 2347 si
1547 2307 1692 2348 abalie-

135 2372 287 2413 nandae
312 2372 440 2412 forent
470 2371 516 2412 ab
549 2385 595 2412 eo
621 2372 802 2427 nuptiae,
838 2387 1021 2427 quorsum
1051 2373 1102 2415 ita
1127 2374 1301 2428 gentium
1329 2375 1516 2428 magister
1541 2376 1693 2430 praeei-

135 2447 268 2495 peret:
317 2443 489 2479 Ium'ores
519 2443 650 2479 viduas
682 2444 818 2490 ret'z'ce5
858 2451 1055 2495 postquam
1088 2447 1183 2482 em'm
1219 2446 1438 2482 lusan-tatae
1460 2445 1619 2497 suerint
1648 2449 1686 2485 z'a
1706 2443 1880 2506 Lssrissffh‘

135 2510 346 2556 Christum,
381 2510 521 2548 nabere
551 2511 698 2557 volunt,
742 2511 918 2549 habentes
944 2514 1143 2559 iudei-iam,
1190 2514 1362 2564 quomam
1388 2525 1549 2562 premam
1567 2514 1689 2564 fidem
1767 2499 1774 2513 ’

134 2580 282 2616 irritam
293 2579 489 2630 fecerunt.
545 2574 647 2630 Quid
672 2577 792 2631 igitur
817 2578 952 2619 iubet?
982 2580 1151 2627 Nubant,
1179 2579 1318 2633 inquit,
1341 2581 1453 2631 filios
1469 2590 1685 2631 procreent,

133 2653 271 2684 matres
294 2646 463 2697 familias
491 2648 580 2684 sint.
647 2643 758 2699 Quae
793 2661 878 2687 cum
911 2647 1077 2701 apostoli
1103 2647 1336 2687 auctoritate
1365 2648 1685 2703 comprobentur,

133 2727 203 2753 cur
229 2727 251 2754 a
274 2720 327 2764 te,
362 2727 385 2753 o
412 2712 597 2765 Hieram,
633 2720 720 2768 post
744 2711 892 2756 Christi
920 2715 1063 2756 domini
1093 2716 1300 2756 adventum
1326 2715 1363 2755 in
1390 2729 1507 2757 carne
1531 2717 1687 2773 nuptiae

133 2781 470 2822 condemnantur?

176 2905 208 2936 2.
233 2905 290 2938 καὶ
314 2903 401 2938 κατὰ
421 2903 500 2944 τοὺς
522 2908 646 2946 reposui
666 2916 725 2947 pro
745 2917 779 2940 eo
802 2909 885 2949 quod
977 2908 1008 2942 3.
1035 2909 1099 2950 τῆς
1123 2910 1318 2942 desideratur
1340 2912 1373 2943 in
1395 2912 1466 2944 edit.
1492 2912 1601 2946 Petav.
1628 2913 1685 2946 Co-

132 2951 201 2980 libri
219 2953 365 2989 praebent
385 2961 489 2984 omnes
519 2950 576 2985 καὶ
598 2949 686 2990 τοὺς.
734 2955 885 2987 Petavius
931 2957 991 2987 lon.
1016 2959 1108 2995 repet.

131 2996 251 3027 volebat
275 2994 333 3028 καὶ
357 2999 436 3034 τοῖς.
