2035 3309
554 193 732 225 PANAan
758 193 841 226 Lm.
859 195 899 225 n.
926 194 1034 227 TOM.
1056 196 1079 227 ι.
1102 195 1232 227 ΗΑΕΡ..
1255 195 1309 227 LI.
1648 187 1702 226 57

160 274 259 329 gulis
282 272 435 328 propria
454 274 640 328 quaedam
661 274 755 314 deus
778 274 968 324 attribuit,
995 282 1035 315 ut
1056 275 1321 330 evangelistae
1342 282 1506 330 quatuor
1527 275 1570 315 ad
1591 289 1699 329 prae-

160 342 360 382 dicandum
388 342 631 395 evangelium
656 342 792 382 delecti
815 357 924 383 suum
949 344 1135 397 quoddam
1161 345 1405 399 praecipuum
1427 359 1563 385 munus
1590 344 1702 385 liabe-

159 411 274 450 rent?
335 408 391 450 lta
418 411 592 464 quidem,
627 417 667 451 ut
689 412 872 451 nonnulla
894 412 1078 451 concordi
1100 426 1143 452 ac
1167 420 1430 452 consentanea
1455 428 1549 453 voce
1573 427 1701 453 narra-

159 486 268 529 rent,
314 493 388 533 quo
415 493 457 519 se
482 493 532 519 ex
561 480 696 519 eodem
726 480 902 520 hausisse
932 481 1037 520 sonte
1065 488 1348 531 monstrarent,
1394 483 1579 535 quaedam
1607 496 1699 521 vero

158 548 205 588 ab
232 547 394 601 singulis
424 548 699 602 praetermissa
727 549 823 589 alius
853 556 1093 604 exponeret,
1139 549 1197 589 cui
1229 549 1406 603 privatim
1433 550 1521 589 illud
1547 557 1649 590 esset
1679 564 1698 589 a

159 616 295 671 spiritu
327 623 461 656 sancto
493 630 561 671 pro
594 624 675 656 rata
707 619 882 672 portione
916 632 1161 658 concessum.
1228 616 1328 670 Quid
1358 618 1474 671 igitur
1503 619 1698 668 faciemus,

158 699 241 724 cum
267 682 491 725 Matthaeus
514 683 680 725 Mariam
704 685 920 726 Bethleemi
947 686 1146 741 peperisse
1169 685 1334 736 scribat,
1381 687 1590 726 secundum
1619 701 1701 741 per-

158 753 338 808 scriptam
364 753 410 793 ab
436 754 570 794 eodem
595 754 888 808 genealogiam,
935 769 1009 809 qua
1035 752 1231 795 Christum
1259 769 1342 794 eum
1367 769 1484 795 carne
1513 755 1703 794 venientis

158 822 347 875 originem
371 822 416 862 ab
439 822 635 863 Abraamo
661 837 706 862 ac
726 821 876 864 Davide
903 824 1114 877 pertexuit,
1149 821 1310 863 Marcus
1334 837 1430 863 vero
1453 823 1545 863 nihil
1567 823 1704 865 habeat

157 891 362 942 eiusmodi,
386 892 452 931 sed
479 891 525 931 ab
549 905 594 931 eo
617 892 715 946 quod
741 892 786 931 ad
812 890 1015 932 lordanem
1039 899 1189 946 gestum
1212 900 1285 943 est,
1312 892 1557 946 evangelium
1579 893 1702 932 ordia-

157 967 242 1010 tur,
289 960 341 1000 ita
365 960 566 1000 scribens:
610 963 761 999 Itzz'le'mn
787 964 996 1012 evangelii:
1029 964 1129 1000 sieut
1150 964 1329 1013 seriptum
1356 970 1412 1001 es(
1433 965 1469 1001 in
1494 965 1595 1001 Isara
1614 977 1702 1013 pro-
1723 972 1816 1000 Marc.
1838 972 1859 998 1.

149 1030 287 1081 pheta:
337 1031 418 1067 1²0ae
448 1030 644 1068 clamantes
677 1032 714 1069 in
747 1033 921 1069 deserto?
982 1028 1050 1070 Sic
1085 1030 1122 1070 in
1153 1031 1199 1070 iis
1237 1045 1334 1084 quae
1370 1031 1506 1071 beatus
1537 1028 1703 1070 loannes

157 1097 353 1137 mandavit
386 1097 621 1148 memoriae,
668 1113 843 1153 quaeque
879 1098 1017 1154 spiritu
1051 1106 1187 1139 sancto
1221 1099 1462 1154 gubernante
1497 1099 1568 1139 lide
1603 1099 1704 1139 omui

156 1180 200 1206 ac
227 1166 393 1206 veritate
419 1165 587 1206 stabilita
618 1174 731 1219 sunt,
776 1168 813 1208 id
837 1168 1017 1209 videlieet
1041 1175 1168 1208 actum
1195 1176 1278 1219 est,
1324 1175 1363 1208 ut
1387 1182 1463 1208 non
1491 1169 1614 1208 solum
1642 1182 1702 1218 ea,

154 1248 251 1289 quae
271 1236 426 1290 saepius
449 1236 622 1276 nuntiata
645 1237 813 1288 fuerant,
842 1244 1169 1292 proponerentur,
1197 1237 1262 1277 sed
1285 1245 1323 1277 et
1345 1237 1567 1277 necessaria
1590 1251 1705 1292 quae-

157 1305 242 1344 dam
267 1304 504 1344 adderentur
525 1305 728 1360 dogmata,
763 1319 860 1360 quae
883 1305 1004 1346 ceteri
1025 1313 1114 1346 ante
1136 1305 1240 1346 illum
1265 1306 1420 1346 minime
1444 1306 1599 1361 scriptis
1620 1305 1705 1346 atti-

156 1372 321 1428 gissent.
384 1372 589 1414 Eiusmodi
621 1388 757 1430 nempe
790 1382 911 1415 totum
944 1375 1236 1429 evangeliorum
1268 1383 1538 1428 argumentum
1573 1375 1656 1416 fuit.

271 1438 370 1482 Cum
393 1440 621 1483 Matthaeus
644 1444 815 1497 genitum
842 1441 1042 1485 Christum
1067 1451 1180 1498 atque
1203 1458 1223 1484 e
1247 1451 1382 1484 sancto
1406 1445 1542 1499 spiritu
1565 1457 1705 1485 conce-

156 1518 284 1566 ptum,
328 1525 373 1551 ae
402 1511 447 1550 de
472 1510 635 1552 Davidis
662 1519 699 1552 et
723 1512 934 1563 Abraami,
979 1513 1078 1567 quod
1104 1513 1149 1552 ad
1174 1526 1328 1552 carnem
1356 1513 1516 1563 attinet,
1560 1527 1704 1566 genere

157 1586 390 1635 prognatum
415 1594 484 1620 sua
508 1581 732 1621 narratione
756 1581 1050 1636 descripsisset,
1087 1581 1282 1621 nonnullis
1307 1581 1574 1635 ignorantibus
1597 1596 1705 1622 erro-

156 1649 208 1689 ris
235 1649 336 1689 istud
363 1649 609 1689 occasionem
634 1650 752 1690 dedit.
817 1648 939 1690 Cuius
963 1650 1114 1704 quidem
1139 1664 1277 1691 caussa
1302 1665 1376 1690 non
1404 1650 1609 1705 evangelio
1633 1650 1704 1703 ipsi

156 1717 384 1768 tribuenda,
418 1718 485 1758 sed
513 1718 609 1759 falsa
631 1718 783 1758 illorum
806 1719 1024 1760 accusanda
1049 1733 1183 1770 menS,
1219 1719 1280 1773 qui
1308 1720 1351 1759 ad
1375 1719 1436 1770 id,
1471 1720 1569 1773 quod
1599 1726 1705 1758 certo

156 1785 230 1827 sibi
262 1794 562 1841 persuaserant,
608 1801 809 1842 perperam
840 1795 1019 1843 acceptas
1051 1802 1102 1828 ex
1135 1787 1341 1842 evangelio
1365 1788 1617 1828 auctoritates
1643 1801 1706 1827 ac-

157 1854 467 1895 commodabant.
531 1854 633 1896 Hine
655 1857 755 1897 enim
779 1854 991 1897 Cerinthus
1015 1863 1053 1897 et
1078 1856 1176 1897 Ebio
1198 1858 1340 1897 nudum
1366 1857 1559 1898 hominem
1584 1856 1705 1897 fuisse

158 1921 357 1965 Christum
382 1923 571 1976 asseruit,
606 1931 647 1964 ut
671 1932 709 1965 et
730 1923 953 1966 Merinthus
979 1932 1017 1966 et
1041 1923 1227 1967 Cleobius
1243 1958 1253 1977 ,
1288 1926 1372 1967 sive
1395 1925 1632 1978 Cleobulus,
1668 1932 1703 1965 et

158 1990 345 2034 Claudius
371 2006 414 2032 ac
441 1991 585 2034 Demas
619 2001 658 2033 et
684 1993 978 2048 Hermogenes,
1022 1998 1090 2047 (μα’
1110 1998 1328 2035 dlleoeerunt
1345 1998 1415 2035 lzoe
1438 1998 1625 2044 seculum,
1668 2003 1906 2041 ec2xrnn.4‚1o.

156 2064 249 2100 viam
284 2065 455 2100 veritatis
490 2065 738 2115 reliquerunt.
805 2061 957 2118 Quippe
989 2063 1133 2104 domiui
1161 2064 1358 2119 discipulis
1391 2078 1460 2120 per
1490 2065 1525 2104 id
1555 2072 1704 2120 tempus

157 2130 470 2171 contradicentes
498 2131 551 2170 illi
581 2145 632 2171 ex
658 2129 804 2172 Christi
827 2132 1055 2187 genealogia
1083 2133 1129 2172 ab
1156 2133 1356 2174 Abraamo
1382 2141 1421 2174 et
1444 2132 1593 2173 Davide
1616 2147 1705 2188 per-

155 2200 267 2240 ducta
298 2199 486 2240 insaniam
520 2214 628 2240 suam
662 2201 921 2241 corroborare
952 2201 1199 2242 studuerunt.
1263 2200 1375 2255 Quod
1403 2203 1473 2242 etsi
1501 2216 1703 2257 perperam

154 2269 192 2308 iu
216 2267 384 2309 animum
409 2268 667 2319 induxerant,
702 2269 951 2310 nihilominus
974 2270 1078 2310 illinc
1101 2270 1347 2311 occasionem
1371 2270 1473 2311 nacti
1499 2278 1603 2311 suut.
1651 2269 1704 2311 Et

155 2335 323 2378 Ioannes
349 2337 499 2391 quidem
526 2338 686 2392 eiusque
712 2338 911 2393 discipuli,
947 2339 1194 2394 maximeque
1219 2338 1365 2380 Lucius
1382 2372 1391 2390 ,
1437 2346 1474 2379 et
1498 2340 1560 2379 alii
1587 2340 1702 2395 pleri-

155 2420 228 2460 que
258 2406 420 2446 istorum
453 2406 656 2446 conatibus
688 2407 842 2461 saepius
870 2408 1118 2449 obstiterant.
1185 2407 1261 2449 Sed
1290 2409 1468 2448 nimirum
1493 2407 1556 2448 ubi
1580 2408 1702 2449 semel

154 2476 320 2515 frontem
352 2488 461 2515 suam
493 2475 729 2530 impudentia
766 2475 988 2531 perfricuit,
1036 2477 1133 2517 mala
1167 2477 1239 2517 sibi
1275 2477 1391 2517 multa
1429 2477 1612 2532 deinceps
1638 2491 1701 2517 ae-

155 2544 352 2585 cumulare
385 2558 460 2584 non
494 2544 656 2584 destitit.

265 2611 400 2667 ltaque
432 2619 519 2667 post
544 2611 786 2653 Matthaeum
816 2613 943 2654 statim
969 2613 1134 2666 Marco,
1179 2615 1242 2669 qui
1266 2614 1417 2654 Romae
1443 2615 1566 2655 sancti
1590 2614 1699 2656 Petri

196 2714 231 2748 9.
253 2713 425 2756 Μῆρωὶὲος
445 2717 511 2747 cod.
529 2717 657 2756 Rhediy.
687 2718 905 2756 Rescripserim
953 2715 1135 2761 ἀντέλεγον.
1168 2719 1393 2749 Corunriusila
1408 2721 1701 2751 verulanum-ecte

153 2763 276 2793 omnino
298 2758 333 2794 ὃν
352 2760 410 2794 καὶ
430 2760 459 2794 οἱ
478 2761 554 2803 περὶ
567 2759 738 2803 Μτξρινὲεν
756 2766 833 2802 cett,
858 2765 904 2795 vel
952 2764 1084 2807 quidem
1111 2770 1280 2806 putantes,
1310 2774 1420 2794 verum
1445 2763 1522 2796 hinc
1547 2765 1699 2796 occasio—

143 2802 271 2840 ''Ev‘szv
305 2804 368 2849 γὰρ
399 2804 495 2846 ψιλὸν
528 2805 583 2841 τὸν
609 2805 781 2847 &memmii
806 2808 904 2842 κατέ-
950 2822 1025 2841 nem
1051 2817 1083 2841 et
1107 2815 1312 2851 praetextum
1338 2816 1506 2842 venantes.
1556 2811 1699 2842 Contra—

154 2863 230 2896 σχον
251 2852 279 2885 οἱ
297 2851 372 2894 περὶ
389 2849 569 2895 Κήρινὲον,
589 2852 645 2887 καὶ
663 2849 824 2897 Ἐβίωνα,
845 2853 904 2888 καὶ
950 2855 1032 2886 dixit
1057 2855 1143 2885 enim
1169 2853 1247 2896 ipsis
1271 2865 1370 2895 saepe
1395 2859 1448 2887 etc.

153 2895 321 2939 Μῆρινὲον
347 2902 411 2930 cett.
999 2903 1046 2932 1¹2.
1073 2897 1171 2932 αὐτὸν
1194 2901 1338 2939 rescripsi
1362 2910 1399 2932 ex
1423 2903 1488 2933 cod.
1514 2903 1640 2941 Veneto,
1673 2906 1700 2934 et

203 2945 250 2975 10.
276 2940 337 2987 οὐχ
361 2939 470 2986 ἁγνῶς
494 2945 561 2976 cod.
586 2947 684 2977 Vener.
947 2957 1017 2979 cuni
1041 2947 1176 2977 relacio.
1223 2947 1309 2976 Libri
1332 2948 1424 2986 vulgo
1444 2949 1553 2980 liabent
1579 2944 1698 2981 αὐτῶν.

202 2989 250 3019 11.
277 2984 486 3031 ἅντελέγοντο
509 2992 619 3030 scripsi
639 3001 676 3022 eac
697 2993 762 3023 cod.
780 2993 900 3031 Veneto,
997 2991 1045 3023 13.
1071 2992 1104 3022 In
1129 2992 1214 3023 libris
1238 2994 1320 3023 extat
1345 2990 1461 3035 ἑαυτῆ.

154 3035 181 3064 el
200 3043 267 3065 cum
289 3035 424 3067 Petavio.
472 3037 552 3067 Nam
568 3037 679 3076 reliqui
699 3039 768 3069 libri
789 3039 900 3069 habent
