2066 3319
500 208 681 241 PANARH
706 208 847 240 Ltss.1t.
871 208 978 241 TOM.
1001 210 1024 240 1.
1048 209 1180 240 HAER.
1201 209 1323 240 LXIV.
1608 198 1689 238 257

149 291 218 331 bus
239 296 424 329 constans
451 287 626 328 absoluta
648 288 698 327 sit
720 287 947 342 penitusque
972 290 1160 342 perlecta,
1195 302 1319 342 neque
1346 287 1545 342 quicquain
1566 286 1604 326 in
1627 286 1692 326 illa

149 359 192 398 ad
216 358 377 412 figuram
398 355 797 411 pulchritudinemque
818 356 1075 396 desideretur.
1122 355 1244 410 lgitur
1264 357 1582 410 quemadmodum
1605 369 1690 395 cum

149 426 206 466 his
229 439 366 466 sacrae
389 425 526 464 literae
551 424 813 475 consentiant,
842 431 956 478 atque
979 425 1023 464 ad
1049 424 1220 464 melioris
1244 426 1344 464 vitae
1369 425 1691 479 complementum

149 493 342 534 hominem
368 492 620 542 confirment,
656 492 832 533 oratione
863 493 1135 532 declarandum
1166 499 1239 532 est.
1303 491 1392 532 lllas
1418 493 1518 532 enim
1550 493 1610 546 qui
1637 492 1694 531 in-

149 568 281 616 tegras
307 575 378 601 nec
405 561 633 615 opportunis
661 561 832 616 partibus
862 561 1034 601 desectas
1063 560 1317 614 intelligentia
1345 567 1552 614 penetrare
1586 567 1693 614 pote-

147 630 220 682 rit,
254 630 584 670 resurrectionem
611 629 644 670 is
669 629 767 670 sciet
799 643 1039 684 nequaquam
1068 629 1113 668 ad
1146 628 1218 668 hoc
1244 642 1385 683 corpus
1417 635 1599 683 oportere
1632 642 1694 667 re-

151 698 268 749 ferri,
303 699 403 753 quod
430 698 467 738 in
494 698 773 753 sempiternum
796 697 1034 738 immutabile
1059 710 1145 736 esse
1173 711 1248 736 non
1274 703 1422 751 potest,
1457 697 1523 736 sed
1547 698 1590 736 ad
1618 696 1694 751 spi-

147 768 259 809 ritale
285 767 437 823 potius,
471 767 509 807 in
536 782 610 821 quo
636 767 792 818 eadem,
828 779 927 820 quae.
949 765 1102 805 mortali
1128 765 1215 804 huic
1239 765 1355 814 inest,
1391 771 1481 804 nota
1506 779 1550 804 ac
1576 766 1695 818 ligura

149 836 462 885 conservabitur,
491 836 586 876 adeo
604 843 643 876 ut
661 835 924 890 unusquisque
939 841 1130 884 nostrum,
1156 834 1255 887 quod
1274 833 1319 873 ad
1338 834 1499 872 sormam
1519 833 1695 886 corporis

149 905 308 955 attinet,
342 905 442 944 idem
467 904 635 955 existat,
669 912 710 944 ut
733 911 770 944 et
794 900 991 956 Origenes
1014 903 1192 942 affirmat.
1256 900 1314 942 lta
1338 902 1438 941 enim
1466 902 1630 941 suturam
1659 908 1696 940 ct

148 974 214 1014 ille
239 973 571 1014 resurrectionem
595 972 808 1013 existimat.
874 969 972 1012 Cum
1005 971 1106 1011 enim
1133 984 1273 1025 corpus
1296 970 1367 1009 hoc
1393 969 1579 1009 materiae
1604 983 1696 1009 con-

149 1049 297 1083 cretum
326 1042 473 1082 fluxum
502 1042 574 1092 sit,
609 1041 743 1081 necin
772 1055 842 1081 suo
876 1054 1045 1094 unquam
1075 1046 1178 1080 statu
1211 1039 1272 1080 vel
1306 1038 1540 1079 brevissimo
1574 1038 1697 1093 spatio

150 1111 363 1161 consistat,
406 1111 473 1150 sed
508 1117 733 1165 perpetuam
771 1109 1039 1150 accessionem
1076 1107 1423 1161 decessionemque
1459 1108 1562 1148 circa
1593 1107 1697 1146 illam

151 1180 314 1220 formam
349 1179 511 1229 habeat,
556 1192 652 1233 quac
684 1185 741 1218 est
774 1177 941 1218 hominis
969 1185 1060 1218 nota
1089 1192 1133 1217 ac
1167 1176 1273 1217 velut
1308 1176 1512 1216 character
1544 1176 1696 1230 quidam

151 1247 354 1304 propriuS,
389 1262 409 1288 a
436 1262 511 1302 quo
535 1247 653 1301 figura
685 1247 767 1302 ipsa
795 1247 1033 1297 continetur,
1069 1245 1417 1296 resurrectionem,
1452 1245 1590 1300 inquit,
1625 1244 1698 1285 soli

152 1317 317 1358 hominis
341 1318 489 1357 formae
511 1316 724 1356 convenire
746 1316 956 1371 putandum
979 1322 1053 1355 est.
1110 1314 1170 1355 Ac
1194 1328 1241 1354 nc
1264 1314 1355 1354 illud
1380 1315 1547 1354 fortasse
1571 1314 1694 1364 dicas,

151 1387 316 1427 obscure
350 1385 464 1425 istum
498 1384 681 1425 discenda
716 1385 779 1425 illa
808 1384 1083 1440 proposuisse,
1119 1383 1191 1423 hoc
1220 1383 1343 1438 ipsum
1373 1382 1437 1423 ille
1469 1382 1695 1437 disputavit.

152 1454 237 1509 Ego
260 1468 355 1496 vero
378 1453 520 1494 clarius
545 1454 696 1494 illorum
721 1453 929 1493 verborum
954 1467 1111 1493 sensum
1141 1452 1240 1492 bunc
1263 1452 1302 1491 in
1329 1452 1481 1491 modum
1509 1451 1696 1506 aperiam.

152 1522 315 1573 Vidisti,
350 1521 504 1577 opinor,
535 1521 739 1575 aliquando
766 1521 904 1576 pellem
932 1521 1127 1571 animalis,
1162 1527 1227 1560 aut
1252 1519 1375 1560 simile
1398 1520 1574 1575 quiddam
1600 1533 1700 1573 aqua

153 1592 355 1648 repletam.
418 1589 505 1630 Hoc
530 1591 560 1630 si
587 1590 767 1645 paulatim
797 1589 1040 1630 exinanitum
1069 1589 1248 1644 paulatim
1278 1588 1502 1644 impleatur,
1536 1588 1699 1628 candem

155 1667 340 1716 perpetuo
378 1660 540 1699 formam
575 1659 733 1699 retinet.
805 1656 1033 1699 Cuiusmodi
1064 1657 1165 1698 enim
1201 1664 1260 1697 est
1296 1658 1329 1697 id
1369 1658 1468 1712 quod
1509 1657 1698 1707 continet,

155 1742 318 1770 necesse
347 1734 407 1768 est
429 1727 464 1768 ei
492 1728 591 1782 quod
617 1728 720 1767 intus
746 1734 805 1767 est
830 1726 1082 1767 conformari.
1133 1726 1220 1780 Age
1246 1726 1363 1777 enim,
1398 1740 1482 1766 cum
1507 1740 1606 1779 aqua
1630 1724 1702 1764 dit·-

156 1798 260 1848 ssuit,
305 1797 336 1837 si
373 1796 457 1850 quis
494 1797 717 1836 tantundem
752 1796 923 1836 effundat
962 1803 1144 1850 quantum
1179 1794 1366 1844 elabitur,
1419 1808 1544 1848 neque
1574 1801 1699 1835 utrem

108 1855 118 1864 ’
155 1880 278 1921 aquae
313 1866 530 1906 consertum
570 1864 770 1905 exhauriri
805 1865 995 1920 patiatur,
1041 1877 1205 1904 necesse
1239 1870 1299 1904 est
1336 1863 1412 1903 tale
1444 1862 1568 1905 videri
1600 1864 1701 1918 quod

155 1934 307 1975 additur
345 1934 456 1988 quale
495 1940 556 1974 est
588 1940 707 1973 totum
741 1947 787 1974 eo
821 1933 920 1987 quod
955 1933 1054 1973 idem
1085 1932 1177 1973 illud
1211 1932 1332 1987 ipsum
1372 1939 1431 1972 est
1467 1932 1568 1986 quod
1609 1946 1702 1972 con-

157 2004 268 2055 tinet,
304 2003 446 2043 fluente
469 2016 514 2042 ac
538 2002 731 2042 diffluente
755 2002 919 2056 liquore.
984 2000 1060 2055 Qui
1084 2000 1202 2055 igitur
1226 2014 1367 2056 corpus
1390 2015 1474 2040 cum
1502 2000 1559 2041 his
1585 2000 1702 2041 rebus

157 2073 338 2113 conferre
371 2071 561 2122 voluerit,
596 2071 692 2111 citra
717 2071 901 2125 pudorem
933 2070 1050 2111 ullum
1085 2070 1156 2110 hoc
1190 2070 1320 2110 faciet.
1382 2068 1530 2110 Eodem
1564 2068 1702 2124 quippe

156 2142 270 2182 modo
290 2141 529 2190 alimentum,
564 2139 663 2194 quod
687 2139 916 2180 amissarum
943 2139 1115 2180 carnium
1140 2139 1227 2179 loco
1252 2138 1515 2188 substituitur,
1550 2138 1587 2177 in
1611 2152 1702 2177 eou-

158 2209 317 2250 tinentis
351 2210 498 2249 formae
535 2209 693 2263 figuram
724 2208 971 2263 speciemque
1002 2215 1187 2248 mutatur.
1250 2206 1314 2247 Ex
1347 2222 1421 2261 quo
1454 2206 1631 2260 quicquid
1666 2206 1703 2245 in

160 2278 294 2319 oculos
321 2278 569 2328 diffunditur,
604 2277 805 2317 oculorum
834 2277 874 2316 fit
899 2276 1048 2328 simile,
1082 2283 1183 2317 utet
1206 2276 1334 2317 vultus
1367 2276 1466 2330 quod
1495 2275 1532 2314 in
1556 2274 1703 2315 vultum

160 2346 418 2401 dispergitur,
453 2362 498 2387 ac
521 2353 741 2387 ceterorum
767 2345 906 2385 similia
929 2346 1142 2385 redduntur
1167 2346 1238 2385 hoc
1261 2345 1391 2395 modo,
1427 2357 1524 2398 quae
1551 2357 1619 2397 per
1639 2342 1705 2383 illa

161 2415 410 2471 dissipantur.
475 2414 538 2455 Ex
563 2429 637 2469 quo
662 2415 701 2454 tit
728 2421 767 2454 ut
789 2413 891 2454 idem
912 2428 1000 2454 esse
1026 2413 1185 2454 cuilibet
1204 2414 1404 2462 videatur,
1440 2426 1524 2451 cum
1548 2411 1704 2451 interim

161 2499 324 2536 carnes,
357 2497 456 2538 quae
479 2484 600 2538 prima
624 2490 709 2523 erat
732 2482 907 2537 corporis
934 2483 1118 2534 materia,
1153 2497 1230 2523 non
1254 2482 1415 2522 eundem
1441 2487 1581 2520 statum
1612 2479 1705 2520 reti-

162 2559 303 2604 neant,
338 2553 406 2594 sed
429 2553 551 2592 forma
577 2553 790 2602 duntaxat,
824 2565 845 2591 a
874 2565 948 2605 qua
972 2565 1019 2592 ea
1044 2552 1334 2606 configurantur
1364 2563 1460 2604 quac
1488 2549 1533 2588 ad
1562 2562 1703 2603 corpus

164 2622 369 2662 accedunt.
432 2619 512 2661 Iam
539 2635 634 2662 vero
655 2620 687 2661 si
711 2620 757 2660 ad
781 2619 1037 2675 paucissimos
1060 2620 1141 2660 dies
1164 2634 1239 2659 nou
1261 2618 1392 2667 iidem,
1428 2617 1526 2671 quod
1550 2618 1596 2657 ad
1619 2631 1705 2657 cor-

163 2704 234 2745 pus
259 2689 417 2741 attinet,
452 2703 698 2739 maneamus,
733 2689 801 2729 sed
835 2688 919 2729 sola
946 2702 1043 2743 quac
1078 2687 1232 2743 corpori
1258 2687 1398 2727 insidet
1429 2687 1551 2726 l'orma
1580 2709 1636 2715 -
1667 2686 1704 2726 id

165 2759 264 2799 enim
298 2772 416 2799 unum
445 2757 491 2798 ab
526 2764 614 2798 ortu
643 2764 828 2798 constans
859 2771 902 2797 ac
936 2756 1075 2797 stabile
1111 2762 1314 2806 remanet,
1348 2778 1402 2784 —
1433 2754 1552 2795 multo
1583 2754 1705 2809 magis

211 2905 244 2940 6.
272 2906 448 2945 σκοτεινῶς
473 2908 540 2939 cod.
561 2908 691 2947 Rhediy.
714 2908 786 2938 edit.
809 2908 910 2946 princ.
957 2905 1121 2949 putavit‘st

166 2956 194 2984 et
215 2953 286 2984 edit.
311 2955 418 2985 Pelav.
466 2956 586 2986 σκοπεῖ
608 2949 655 2991 (ἐς
678 2954 744 2985 cod.
768 2954 866 2984 Venet.
1003 2954 1033 2982 Β.
1058 2949 1134 2991 περὶ
1162 2943 1179 2983 ὃ
1206 2947 1310 2990 aegaee
1338 2949 1512 2981 emendavit
1534 2950 1707 2981 Gataherus

213 2997 245 3030 7.
274 2995 311 3031 δὲ
333 2997 448 3031 &mattea
470 2999 537 3030 cod.
561 3001 662 3030 Venet.
685 3017 731 3023 —-
765 2997 913 3038 „distin-
959 2998 1058 3029 Adcv.
1092 2998 1178 3027 misc.
1212 2996 1315 3027 Poslh.
1347 3005 1416 3034 cap.
1441 2994 1495 3028 36.
1530 3006 1604 3035 pag.
1627 2996 1704 3028 δο4.

169 3042 240 3073 xit“
256 3045 537 3084 vertitCornarius,
557 3045 639 3084 quod
652 3046 798 3076 petavius
818 3042 911 3083 „dis-
962 3044 1058 3082 t'ulyo
1083 3043 1231 3081 scriptum
1256 3044 1298 3073 esc
1321 3039 1489 3083 περιῖεὶς,
1515 3040 1575 3083 ῥεῖ.

247 3096 361 3133 Corpus
381 3097 558 3126 Haerescol.
577 3098 614 3124 11.
634 3100 658 3126 2.
1386 3102 1434 3140 17
