<?xml version="1.0" encoding="UTF-8"?>
<!DOCTYPE html PUBLIC "-//W3C//DTD XHTML 1.0 Transitional//EN"
    "http://www.w3.org/TR/xhtml1/DTD/xhtml1-transitional.dtd">
<html xmlns="http://www.w3.org/1999/xhtml" xml:lang="en" lang="en">
 <head>
  <title>
</title>
<meta http-equiv="Content-Type" content="text/html;charset=utf-8" />
  <meta name='ocr-system' content='tesseract 3.04.00' />
  <meta name='ocr-capabilities' content='ocr_page ocr_carea ocr_par ocr_line ocrx_word'/>
</head>
<body>
  <div class='ocr_page' id='page_1' title='image "./p2corporishaereseo02epipuoft/p2corporishaereseo02epipuoft_0573.png"; bbox 0 0 2066 3319; ppageno 0'>
   <div class='ocr_carea' id='block_1_1' title="bbox 495 146 1695 184">
    <p class='ocr_par' dir='ltr' id='par_1_1' title="bbox 495 146 1695 184">
     <span class='ocr_line' id='line_1_1' title="bbox 495 146 1695 184; baseline 0.003 -4"><span class='ocrx_word' id='word_1_1' title='bbox 495 148 677 183; x_wconf 78' lang='lat' dir='ltr'>PANARn</span> <span class='ocrx_word' id='word_1_2' title='bbox 703 149 787 182; x_wconf 79' lang='lat' dir='ltr'>Lm.</span> <span class='ocrx_word' id='word_1_3' title='bbox 812 150 853 181; x_wconf 88' lang='lat'>11.</span> <span class='ocrx_word' id='word_1_4' title='bbox 878 150 986 182; x_wconf 81' lang='lat' dir='ltr'>ToM.</span> <span class='ocrx_word' id='word_1_5' title='bbox 1007 152 1047 182; x_wconf 77' lang='grc' dir='ltr'>η.</span> <span class='ocrx_word' id='word_1_6' title='bbox 1071 150 1204 184; x_wconf 75' lang='grc' dir='ltr'><strong>ΗΑΕΒ.</strong></span> <span class='ocrx_word' id='word_1_7' title='bbox 1226 150 1349 183; x_wconf 79' lang='lat' dir='ltr'>vai.</span> <span class='ocrx_word' id='word_1_8' title='bbox 1619 146 1695 184; x_wconf 84' lang='lat'>551</span> 
     </span>
    </p>
   </div>
   <div class='ocr_carea' id='block_1_2' title="bbox 128 231 1898 2795">
    <p class='ocr_par' dir='ltr' id='par_1_2' title="bbox 151 231 1700 284">
     <span class='ocr_line' id='line_1_2' title="bbox 151 231 1700 284; baseline 0.003 -17"><span class='ocrx_word' id='word_1_9' title='bbox 151 232 305 268; x_wconf 77' lang='lat' dir='ltr'>tradere</span> <span class='ocrx_word' id='word_1_10' title='bbox 327 231 511 268; x_wconf 80' lang='lat' dir='ltr'>eiusmodi</span> <span class='ocrx_word' id='word_1_11' title='bbox 527 236 682 268; x_wconf 80' lang='lat' dir='ltr'>satanae</span> <span class='ocrx_word' id='word_1_12' title='bbox 702 232 739 267; x_wconf 77' lang='lat' dir='ltr'>in</span> <span class='ocrx_word' id='word_1_13' title='bbox 763 232 953 268; x_wconf 77' lang='lat' dir='ltr'>interitum</span> <span class='ocrx_word' id='word_1_14' title='bbox 974 234 1100 269; x_wconf 75' lang='lat' dir='ltr'>carnis</span> <span class='ocrx_word' id='word_1_15' title='bbox 1114 261 1123 277; x_wconf 94' lang='lat'>,</span> <span class='ocrx_word' id='word_1_16' title='bbox 1159 239 1201 269; x_wconf 83' lang='lat' dir='ltr'>nt</span> <span class='ocrx_word' id='word_1_17' title='bbox 1229 234 1387 282; x_wconf 77' lang='lat' dir='ltr'>spiritus</span> <span class='ocrx_word' id='word_1_18' title='bbox 1406 234 1533 271; x_wconf 78' lang='lat' dir='ltr'>salvus</span> <span class='ocrx_word' id='word_1_19' title='bbox 1551 233 1633 284; x_wconf 79' lang='lat' dir='ltr'>fia!</span> <span class='ocrx_word' id='word_1_20' title='bbox 1662 236 1700 272; x_wconf 81' lang='lat' dir='ltr'>in</span> 
     </span>
    </p>

    <p class='ocr_par' dir='ltr' id='par_1_3' title="bbox 147 294 1700 488">
     <span class='ocr_line' id='line_1_3' title="bbox 147 294 1700 352; baseline 0.005 -18"><span class='ocrx_word' id='word_1_21' title='bbox 147 299 206 335; x_wconf 80' lang='lat' dir='ltr'>die</span> <span class='ocrx_word' id='word_1_22' title='bbox 224 298 375 335; x_wconf 79' lang='lat' dir='ltr'>domini.</span> <span class='ocrx_word' id='word_1_23' title='bbox 442 294 521 336; x_wconf 89' lang='lat' dir='ltr'>lam</span> <span class='ocrx_word' id='word_1_24' title='bbox 546 296 675 337; x_wconf 91' lang='lat' dir='ltr'>carnis</span> <span class='ocrx_word' id='word_1_25' title='bbox 698 295 879 336; x_wconf 84' lang='lat' dir='ltr'>interitus</span> <span class='ocrx_word' id='word_1_26' title='bbox 906 297 998 337; x_wconf 90' lang='lat' dir='ltr'>nihil</span> <span class='ocrx_word' id='word_1_27' title='bbox 1031 298 1131 337; x_wconf 89' lang='lat' dir='ltr'>aliud</span> <span class='ocrx_word' id='word_1_28' title='bbox 1161 305 1220 338; x_wconf 89' lang='lat' dir='ltr'>est</span> <span class='ocrx_word' id='word_1_29' title='bbox 1242 313 1355 352; x_wconf 86' lang='lat' dir='ltr'>quam</span> <span class='ocrx_word' id='word_1_30' title='bbox 1389 300 1566 340; x_wconf 89' lang='lat' dir='ltr'>absoluta</span> <span class='ocrx_word' id='word_1_31' title='bbox 1598 300 1700 341; x_wconf 91' lang='lat' dir='ltr'>illius</span> 
     </span>
     <span class='ocr_line' id='line_1_4' title="bbox 147 361 1700 420; baseline 0.003 -16"><span class='ocrx_word' id='word_1_32' title='bbox 147 362 353 404; x_wconf 74' lang='lat' dir='ltr'>extinctio.</span> <span class='ocrx_word' id='word_1_33' title='bbox 418 361 624 416; x_wconf 86' lang='lat' dir='ltr'>Quomodo</span> <span class='ocrx_word' id='word_1_34' title='bbox 663 364 781 418; x_wconf 81' lang='lat' dir='ltr'>igitur</span> <span class='ocrx_word' id='word_1_35' title='bbox 814 379 898 405; x_wconf 86' lang='lat' dir='ltr'>cum</span> <span class='ocrx_word' id='word_1_36' title='bbox 933 364 971 405; x_wconf 90' lang='lat' dir='ltr'>in</span> <span class='ocrx_word' id='word_1_37' title='bbox 1008 365 1147 405; x_wconf 87' lang='lat' dir='ltr'>diaboli</span> <span class='ocrx_word' id='word_1_38' title='bbox 1180 373 1373 420; x_wconf 83' lang='lat' dir='ltr'>potestate</span> <span class='ocrx_word' id='word_1_39' title='bbox 1405 382 1496 407; x_wconf 88' lang='lat' dir='ltr'>caro</span> <span class='ocrx_word' id='word_1_40' title='bbox 1530 368 1700 408; x_wconf 80' lang='lat' dir='ltr'>funditus</span> 
     </span>
     <span class='ocr_line' id='line_1_5' title="bbox 147 431 1698 488; baseline 0.004 -18"><span class='ocrx_word' id='word_1_41' title='bbox 147 431 401 484; x_wconf 75' lang='lat' dir='ltr'>extinguatur</span> <span class='ocrx_word' id='word_1_42' title='bbox 423 431 610 486; x_wconf 88' lang='lat' dir='ltr'>solusque</span> <span class='ocrx_word' id='word_1_43' title='bbox 630 438 812 472; x_wconf 86' lang='lat' dir='ltr'>servetur</span> <span class='ocrx_word' id='word_1_44' title='bbox 832 433 1016 487; x_wconf 89' lang='lat' dir='ltr'>spiritus,</span> <span class='ocrx_word' id='word_1_45' title='bbox 1052 447 1258 488; x_wconf 87' lang='lat' dir='ltr'>corporum</span> <span class='ocrx_word' id='word_1_46' title='bbox 1283 447 1371 473; x_wconf 84' lang='lat' dir='ltr'>esse</span> <span class='ocrx_word' id='word_1_47' title='bbox 1396 443 1523 488; x_wconf 87' lang='lat' dir='ltr'>potest</span> <span class='ocrx_word' id='word_1_48' title='bbox 1548 436 1698 476; x_wconf 88' lang='lat' dir='ltr'>carnis-</span> 
     </span>
    </p>

    <p class='ocr_par' dir='ltr' id='par_1_4' title="bbox 146 499 1698 553">
     <span class='ocr_line' id='line_1_6' title="bbox 146 499 1698 553; baseline 0.003 -15"><span class='ocrx_word' id='word_1_49' title='bbox 146 512 220 553; x_wconf 85' lang='lat' dir='ltr'>que</span> <span class='ocrx_word' id='word_1_50' title='bbox 254 499 521 539; x_wconf 86' lang='lat' dir='ltr'>resurrectio?</span> <span class='ocrx_word' id='word_1_51' title='bbox 580 500 693 540; x_wconf 87' lang='lat' dir='ltr'>Adeo</span> <span class='ocrx_word' id='word_1_52' title='bbox 729 514 824 540; x_wconf 82' lang='lat' dir='ltr'>vero</span> <span class='ocrx_word' id='word_1_53' title='bbox 861 508 921 540; x_wconf 84' lang='lat' dir='ltr'>est</span> <span class='ocrx_word' id='word_1_54' title='bbox 946 500 1064 541; x_wconf 84' lang='lat' dir='ltr'><strong>hebes</strong></span> <span class='ocrx_word' id='word_1_55' title='bbox 1089 508 1129 540; x_wconf 88' lang='lat' dir='ltr'>ut</span> <span class='ocrx_word' id='word_1_56' title='bbox 1156 501 1248 541; x_wconf 90' lang='lat' dir='ltr'>illud</span> <span class='ocrx_word' id='word_1_57' title='bbox 1276 516 1351 541; x_wconf 93' lang='lat' dir='ltr'>non</span> <span class='ocrx_word' id='word_1_58' title='bbox 1381 503 1532 553; x_wconf 83' lang='lat' dir='ltr'>videat,</span> <span class='ocrx_word' id='word_1_59' title='bbox 1567 504 1698 544; x_wconf 85' lang='lat' dir='ltr'>carnis</span> 
     </span>
    </p>

    <p class='ocr_par' dir='ltr' id='par_1_5' title="bbox 145 566 1694 624">
     <span class='ocr_line' id='line_1_7' title="bbox 145 566 1694 624; baseline 0.003 -18"><span class='ocrx_word' id='word_1_60' title='bbox 145 580 261 621; x_wconf 87' lang='lat' dir='ltr'>opera</span> <span class='ocrx_word' id='word_1_61' title='bbox 288 566 585 607; x_wconf 67' lang='lat' dir='ltr'>fornicationem</span> <span class='ocrx_word' id='word_1_62' title='bbox 608 581 719 618; x_wconf 88' lang='lat' dir='ltr'>esse,</span> <span class='ocrx_word' id='word_1_63' title='bbox 756 568 986 608; x_wconf 77' lang='lat' dir='ltr'>adulterium</span> <span class='ocrx_word' id='word_1_64' title='bbox 1014 582 1059 608; x_wconf 88' lang='lat' dir='ltr'>ac</span> <span class='ocrx_word' id='word_1_65' title='bbox 1083 568 1297 618; x_wconf 83' lang='lat' dir='ltr'>libidinem,</span> <span class='ocrx_word' id='word_1_66' title='bbox 1333 576 1371 609; x_wconf 89' lang='lat' dir='ltr'>et</span> <span class='ocrx_word' id='word_1_67' title='bbox 1395 569 1429 609; x_wconf 94' lang='lat' dir='ltr'>id</span> <span class='ocrx_word' id='word_1_68' title='bbox 1455 583 1579 624; x_wconf 80' lang='lat' dir='ltr'>genus</span> <span class='ocrx_word' id='word_1_69' title='bbox 1603 571 1694 621; x_wconf 87' lang='lat' dir='ltr'>alia,</span> 
     </span>
    </p>

    <p class='ocr_par' dir='ltr' id='par_1_6' title="bbox 143 634 1696 691">
     <span class='ocr_line' id='line_1_8' title="bbox 143 634 1696 691; baseline 0.003 -17"><span class='ocrx_word' id='word_1_70' title='bbox 143 648 216 674; x_wconf 87' lang='lat' dir='ltr'>nee</span> <span class='ocrx_word' id='word_1_71' title='bbox 240 634 286 674; x_wconf 88' lang='lat' dir='ltr'>de</span> <span class='ocrx_word' id='word_1_72' title='bbox 311 647 428 674; x_wconf 85' lang='lat' dir='ltr'>carne</span> <span class='ocrx_word' id='word_1_73' title='bbox 450 635 580 686; x_wconf 88' lang='lat' dir='ltr'>illum,</span> <span class='ocrx_word' id='word_1_74' title='bbox 626 636 692 676; x_wconf 90' lang='lat' dir='ltr'>sed</span> <span class='ocrx_word' id='word_1_75' title='bbox 725 636 771 676; x_wconf 92' lang='lat' dir='ltr'>de</span> <span class='ocrx_word' id='word_1_76' title='bbox 803 636 933 676; x_wconf 85' lang='lat' dir='ltr'>carnis</span> <span class='ocrx_word' id='word_1_77' title='bbox 964 636 1146 691; x_wconf 89' lang='lat' dir='ltr'>operibus</span> <span class='ocrx_word' id='word_1_78' title='bbox 1183 635 1301 689; x_wconf 88' lang='lat' dir='ltr'>loqui.</span> <span class='ocrx_word' id='word_1_79' title='bbox 1364 635 1467 677; x_wconf 85' lang='lat' dir='ltr'>Nam</span> <span class='ocrx_word' id='word_1_80' title='bbox 1497 652 1581 678; x_wconf 82' lang='lat' dir='ltr'>cum</span> <span class='ocrx_word' id='word_1_81' title='bbox 1615 646 1696 679; x_wconf 84' lang='lat' dir='ltr'>stu-</span> 
     </span>
    </p>

    <p class='ocr_par' dir='ltr' id='par_1_7' title="bbox 143 702 1695 760">
     <span class='ocr_line' id='line_1_9' title="bbox 143 702 1695 760; baseline 0.003 -18"><span class='ocrx_word' id='word_1_82' title='bbox 143 716 252 758; x_wconf 83' lang='lat' dir='ltr'>prum</span> <span class='ocrx_word' id='word_1_83' title='bbox 273 702 413 757; x_wconf 90' lang='lat' dir='ltr'>aliquis</span> <span class='ocrx_word' id='word_1_84' title='bbox 434 703 660 754; x_wconf 73' lang='lat' dir='ltr'>committit,</span> <span class='ocrx_word' id='word_1_85' title='bbox 696 717 787 744; x_wconf 89' lang='lat' dir='ltr'>caro</span> <span class='ocrx_word' id='word_1_86' title='bbox 815 704 915 744; x_wconf 91' lang='lat' dir='ltr'>istud</span> <span class='ocrx_word' id='word_1_87' title='bbox 941 704 1174 757; x_wconf 78' lang='lat' dir='ltr'>exequitur,</span> <span class='ocrx_word' id='word_1_88' title='bbox 1210 717 1294 743; x_wconf 88' lang='lat' dir='ltr'>cum</span> <span class='ocrx_word' id='word_1_89' title='bbox 1322 710 1449 744; x_wconf 87' lang='lat' dir='ltr'>autem</span> <span class='ocrx_word' id='word_1_90' title='bbox 1476 711 1695 760; x_wconf 87' lang='lat' dir='ltr'>temperan—</span> 
     </span>
    </p>

    <p class='ocr_par' dir='ltr' id='par_1_8' title="bbox 143 770 1695 826">
     <span class='ocr_line' id='line_1_10' title="bbox 143 770 1695 826; baseline 0.002 -16"><span class='ocrx_word' id='word_1_91' title='bbox 143 770 233 810; x_wconf 88' lang='lat' dir='ltr'>tiam</span> <span class='ocrx_word' id='word_1_92' title='bbox 270 770 341 811; x_wconf 91' lang='lat' dir='ltr'>sibi</span> <span class='ocrx_word' id='word_1_93' title='bbox 369 772 628 826; x_wconf 84' lang='lat' dir='ltr'>compararit,</span> <span class='ocrx_word' id='word_1_94' title='bbox 674 771 746 811; x_wconf 86' lang='lat' dir='ltr'>iam</span> <span class='ocrx_word' id='word_1_95' title='bbox 772 785 865 812; x_wconf 88' lang='lat' dir='ltr'>earo</span> <span class='ocrx_word' id='word_1_96' title='bbox 892 771 1175 825; x_wconf 88' lang='lat' dir='ltr'>quodammodo</span> <span class='ocrx_word' id='word_1_97' title='bbox 1207 785 1295 811; x_wconf 85' lang='lat' dir='ltr'>esse</span> <span class='ocrx_word' id='word_1_98' title='bbox 1320 785 1413 811; x_wconf 85' lang='lat' dir='ltr'>earo</span> <span class='ocrx_word' id='word_1_99' title='bbox 1437 772 1603 824; x_wconf 84' lang='lat' dir='ltr'>desinit,</span> <span class='ocrx_word' id='word_1_100' title='bbox 1637 780 1695 813; x_wconf 87' lang='lat' dir='ltr'>at-</span> 
     </span>
    </p>

    <p class='ocr_par' dir='ltr' id='par_1_9' title="bbox 141 838 1701 894">
     <span class='ocr_line' id='line_1_11' title="bbox 141 838 1701 894; baseline 0.001 -16"><span class='ocrx_word' id='word_1_101' title='bbox 141 838 280 892; x_wconf 89' lang='lat' dir='ltr'>quein</span> <span class='ocrx_word' id='word_1_102' title='bbox 313 839 489 892; x_wconf 89' lang='lat' dir='ltr'>spiritum</span> <span class='ocrx_word' id='word_1_103' title='bbox 526 840 792 890; x_wconf 78' lang='lat' dir='ltr'>convertitur3</span> <span class='ocrx_word' id='word_1_104' title='bbox 835 839 1156 892; x_wconf 83' lang='lat' dir='ltr'>quemadmodum</span> <span class='ocrx_word' id='word_1_105' title='bbox 1195 840 1395 894; x_wconf 91' lang='lat' dir='ltr'>apostolus</span> <span class='ocrx_word' id='word_1_106' title='bbox 1432 841 1576 880; x_wconf 89' lang='lat' dir='ltr'>rel&#39;ert:</span> <span class='ocrx_word' id='word_1_107' title='bbox 1625 844 1701 891; x_wconf 78' lang='lat' dir='ltr'>Qui</span> 
     </span>
    </p>

    <p class='ocr_par' dir='ltr' id='par_1_10' title="bbox 139 908 1885 1023">
     <span class='ocr_line' id='line_1_12' title="bbox 141 908 1885 961; baseline 0.002 -16"><span class='ocrx_word' id='word_1_108' title='bbox 141 908 248 945; x_wconf 84' lang='lat' dir='ltr'>initio</span> <span class='ocrx_word' id='word_1_109' title='bbox 269 910 467 946; x_wconf 65' lang='lat' dir='ltr'>coniunxit</span> <span class='ocrx_word' id='word_1_110' title='bbox 488 908 629 954; x_wconf 80' lang='lat' dir='ltr'>ambos,</span> <span class='ocrx_word' id='word_1_111' title='bbox 654 909 766 954; x_wconf 62' lang='lat' dir='ltr'>dimit,</span> <span class='ocrx_word' id='word_1_112' title='bbox 801 909 960 958; x_wconf 81' lang='lat' dir='ltr'>Propter</span> <span class='ocrx_word' id='word_1_113' title='bbox 979 909 1048 945; x_wconf 83' lang='lat' dir='ltr'>hoe</span> <span class='ocrx_word' id='word_1_114' title='bbox 1069 909 1257 959; x_wconf 75' lang='lat' dir='ltr'>relinquet</span> <span class='ocrx_word' id='word_1_115' title='bbox 1278 910 1384 946; x_wconf 86' lang='lat' dir='ltr'>homo</span> <span class='ocrx_word' id='word_1_116' title='bbox 1404 916 1549 959; x_wconf 83' lang='lat' dir='ltr'>patrem</span> <span class='ocrx_word' id='word_1_117' title='bbox 1567 924 1689 957; x_wconf 77' lang='lat' dir='ltr'>suum,</span> <span class='ocrx_word' id='word_1_118' title='bbox 1713 924 1789 961; x_wconf 78' lang='lat' dir='ltr'>Eph.</span> <span class='ocrx_word' id='word_1_119' title='bbox 1810 925 1835 953; x_wconf 81' lang='lat'>5,</span> <span class='ocrx_word' id='word_1_120' title='bbox 1855 925 1885 953; x_wconf 70' lang='grc' dir='ltr'>,ῃ</span> 
     </span>
     <span class='ocr_line' id='line_1_13' title="bbox 139 975 1695 1023; baseline 0.001 -10"><span class='ocrx_word' id='word_1_121' title='bbox 139 982 181 1013; x_wconf 88' lang='lat' dir='ltr'>et</span> <span class='ocrx_word' id='word_1_122' title='bbox 199 982 353 1014; x_wconf 83' lang='lat' dir='ltr'>matrem</span> <span class='ocrx_word' id='word_1_123' title='bbox 379 989 506 1023; x_wconf 75' lang='lat' dir='ltr'>setam,</span> <span class='ocrx_word' id='word_1_124' title='bbox 552 983 589 1014; x_wconf 89' lang='lat' dir='ltr'>et</span> <span class='ocrx_word' id='word_1_125' title='bbox 611 975 831 1014; x_wconf 72' lang='lat' dir='ltr'>adhaerebit</span> <span class='ocrx_word' id='word_1_126' title='bbox 867 978 985 1013; x_wconf 63' lang='lat' dir='ltr'>umori</span> <span class='ocrx_word' id='word_1_127' title='bbox 1011 989 1123 1021; x_wconf 81' lang='lat' dir='ltr'>suae,</span> <span class='ocrx_word' id='word_1_128' title='bbox 1168 983 1204 1013; x_wconf 89' lang='lat' dir='ltr'>el</span> <span class='ocrx_word' id='word_1_129' title='bbox 1236 983 1347 1014; x_wconf 76' lang='lat' dir='ltr'>erunt</span> <span class='ocrx_word' id='word_1_130' title='bbox 1379 978 1451 1014; x_wconf 77' lang='lat' dir='ltr'>duo</span> <span class='ocrx_word' id='word_1_131' title='bbox 1478 979 1516 1014; x_wconf 78' lang='lat' dir='ltr'>in</span> <span class='ocrx_word' id='word_1_132' title='bbox 1545 991 1695 1015; x_wconf 79' lang='lat' dir='ltr'>earnem</span> 
     </span>
    </p>

    <p class='ocr_par' dir='ltr' id='par_1_11' title="bbox 139 1045 1696 1096">
     <span class='ocr_line' id='line_1_14' title="bbox 139 1045 1696 1096; baseline 0.001 -14"><span class='ocrx_word' id='word_1_133' title='bbox 139 1057 271 1082; x_wconf 82' lang='lat' dir='ltr'>unam:</span> <span class='ocrx_word' id='word_1_134' title='bbox 315 1046 417 1082; x_wconf 68' lang='lat' dir='ltr'>sicut</span> <span class='ocrx_word' id='word_1_135' title='bbox 442 1047 510 1095; x_wconf 72' lang='lat' dir='ltr'>qui</span> <span class='ocrx_word' id='word_1_136' title='bbox 529 1045 709 1082; x_wconf 75' lang='lat' dir='ltr'>adhaeret</span> <span class='ocrx_word' id='word_1_137' title='bbox 732 1045 920 1082; x_wconf 82' lang='lat' dir='ltr'>meritrici</span> <span class='ocrx_word' id='word_1_138' title='bbox 947 1057 1059 1081; x_wconf 78' lang='lat' dir='ltr'>unum</span> <span class='ocrx_word' id='word_1_139' title='bbox 1089 1057 1225 1094; x_wconf 79' lang='lat' dir='ltr'>eorpus</span> <span class='ocrx_word' id='word_1_140' title='bbox 1252 1051 1329 1090; x_wconf 81' lang='lat' dir='ltr'>est,</span> <span class='ocrx_word' id='word_1_141' title='bbox 1364 1051 1401 1082; x_wconf 84' lang='lat' dir='ltr'>et</span> <span class='ocrx_word' id='word_1_142' title='bbox 1425 1046 1493 1096; x_wconf 74' lang='lat' dir='ltr'>qni</span> <span class='ocrx_word' id='word_1_143' title='bbox 1512 1045 1696 1083; x_wconf 78' lang='lat' dir='ltr'>adhaeret</span> 
     </span>
    </p>

    <p class='ocr_par' dir='ltr' id='par_1_12' title="bbox 141 1109 1695 1165">
     <span class='ocr_line' id='line_1_15' title="bbox 141 1109 1695 1165; baseline 0.001 -15"><span class='ocrx_word' id='word_1_144' title='bbox 141 1113 288 1150; x_wconf 79' lang='lat' dir='ltr'>domino</span> <span class='ocrx_word' id='word_1_145' title='bbox 321 1125 417 1150; x_wconf 79' lang='lat' dir='ltr'>unus</span> <span class='ocrx_word' id='word_1_146' title='bbox 448 1114 606 1162; x_wconf 54' lang='lat' dir='ltr'>spei-itus</span> <span class='ocrx_word' id='word_1_147' title='bbox 636 1119 704 1150; x_wconf 75' lang='lat' dir='ltr'>est.</span> <span class='ocrx_word' id='word_1_148' title='bbox 771 1109 908 1164; x_wconf 85' lang='lat' dir='ltr'>ltaque</span> <span class='ocrx_word' id='word_1_149' title='bbox 936 1110 999 1165; x_wconf 92' lang='lat' dir='ltr'>qui</span> <span class='ocrx_word' id='word_1_150' title='bbox 1024 1117 1201 1165; x_wconf 83' lang='lat' dir='ltr'>stuprum</span> <span class='ocrx_word' id='word_1_151' title='bbox 1231 1111 1459 1161; x_wconf 84' lang='lat' dir='ltr'>committit,</span> <span class='ocrx_word' id='word_1_152' title='bbox 1491 1125 1583 1152; x_wconf 88' lang='lat' dir='ltr'>caro</span> <span class='ocrx_word' id='word_1_153' title='bbox 1617 1112 1695 1152; x_wconf 84' lang='lat' dir='ltr'>effi-</span> 
     </span>
    </p>

    <p class='ocr_par' dir='ltr' id='par_1_13' title="bbox 139 1178 1694 1233">
     <span class='ocr_line' id='line_1_16' title="bbox 139 1178 1694 1233; baseline 0.001 -15"><span class='ocrx_word' id='word_1_154' title='bbox 139 1178 262 1229; x_wconf 80' lang='lat' dir='ltr'>citur,</span> <span class='ocrx_word' id='word_1_155' title='bbox 295 1192 372 1218; x_wconf 92' lang='lat' dir='ltr'>non</span> <span class='ocrx_word' id='word_1_156' title='bbox 397 1192 539 1233; x_wconf 89' lang='lat' dir='ltr'>corpus</span> <span class='ocrx_word' id='word_1_157' title='bbox 563 1179 777 1229; x_wconf 78' lang='lat' dir='ltr'>duntaxat,</span> <span class='ocrx_word' id='word_1_158' title='bbox 823 1179 892 1219; x_wconf 84' lang='lat' dir='ltr'>sed</span> <span class='ocrx_word' id='word_1_159' title='bbox 929 1186 967 1219; x_wconf 91' lang='lat' dir='ltr'>et</span> <span class='ocrx_word' id='word_1_160' title='bbox 998 1185 1131 1219; x_wconf 88' lang='lat' dir='ltr'>cetera</span> <span class='ocrx_word' id='word_1_161' title='bbox 1161 1179 1313 1229; x_wconf 85' lang='lat' dir='ltr'>omnia,</span> <span class='ocrx_word' id='word_1_162' title='bbox 1358 1179 1534 1233; x_wconf 78' lang='lat' dir='ltr'>adeoque</span> <span class='ocrx_word' id='word_1_163' title='bbox 1566 1179 1694 1219; x_wconf 86' lang='lat' dir='ltr'>anima</span> 
     </span>
    </p>

    <p class='ocr_par' dir='ltr' id='par_1_14' title="bbox 137 1245 1694 1369">
     <span class='ocr_line' id='line_1_17' title="bbox 137 1245 1694 1301; baseline 0.001 -15"><span class='ocrx_word' id='word_1_164' title='bbox 137 1247 220 1301; x_wconf 91' lang='lat' dir='ltr'>ipsa</span> <span class='ocrx_word' id='word_1_165' title='bbox 243 1246 281 1287; x_wconf 88' lang='lat' dir='ltr'>in</span> <span class='ocrx_word' id='word_1_166' title='bbox 309 1260 463 1287; x_wconf 86' lang='lat' dir='ltr'>carnem</span> <span class='ocrx_word' id='word_1_167' title='bbox 491 1247 772 1301; x_wconf 87' lang='lat' dir='ltr'>quodammodo</span> <span class='ocrx_word' id='word_1_168' title='bbox 795 1253 979 1287; x_wconf 88' lang='lat' dir='ltr'>mutatur.</span> <span class='ocrx_word' id='word_1_169' title='bbox 1028 1245 1130 1287; x_wconf 88' lang='lat' dir='ltr'>Dum</span> <span class='ocrx_word' id='word_1_170' title='bbox 1153 1246 1253 1286; x_wconf 90' lang='lat' dir='ltr'>enim</span> <span class='ocrx_word' id='word_1_171' title='bbox 1282 1247 1328 1287; x_wconf 91' lang='lat' dir='ltr'>ad</span> <span class='ocrx_word' id='word_1_172' title='bbox 1353 1246 1601 1287; x_wconf 83' lang='lat' dir='ltr'>meretricem</span> <span class='ocrx_word' id='word_1_173' title='bbox 1627 1247 1694 1288; x_wconf 89' lang='lat' dir='ltr'>ad-</span> 
     </span>
     <span class='ocr_line' id='line_1_18' title="bbox 137 1314 1694 1369; baseline 0.001 -15"><span class='ocrx_word' id='word_1_174' title='bbox 137 1314 359 1364; x_wconf 82' lang='lat' dir='ltr'>haerescit,</span> <span class='ocrx_word' id='word_1_175' title='bbox 403 1328 492 1354; x_wconf 83' lang='lat' dir='ltr'>caro</span> <span class='ocrx_word' id='word_1_176' title='bbox 524 1314 586 1365; x_wconf 78' lang='lat' dir='ltr'>lit,</span> <span class='ocrx_word' id='word_1_177' title='bbox 621 1328 784 1369; x_wconf 88' lang='lat' dir='ltr'>eumque</span> <span class='ocrx_word' id='word_1_178' title='bbox 811 1314 981 1355; x_wconf 86' lang='lat' dir='ltr'>carnalis</span> <span class='ocrx_word' id='word_1_179' title='bbox 1006 1314 1081 1365; x_wconf 86' lang='lat' dir='ltr'>sit,</span> <span class='ocrx_word' id='word_1_180' title='bbox 1116 1315 1274 1355; x_wconf 91' lang='lat' dir='ltr'>omnino</span> <span class='ocrx_word' id='word_1_181' title='bbox 1299 1328 1391 1355; x_wconf 87' lang='lat' dir='ltr'>caro</span> <span class='ocrx_word' id='word_1_182' title='bbox 1418 1315 1574 1356; x_wconf 87' lang='lat' dir='ltr'>dicitur.</span> <span class='ocrx_word' id='word_1_183' title='bbox 1638 1315 1694 1355; x_wconf 77' lang='lat' dir='ltr'>At</span> 
     </span>
    </p>

    <p class='ocr_par' dir='ltr' id='par_1_15' title="bbox 134 1382 1693 1438">
     <span class='ocr_line' id='line_1_19' title="bbox 134 1382 1693 1438; baseline 0.002 -16"><span class='ocrx_word' id='word_1_184' title='bbox 134 1382 197 1437; x_wconf 88' lang='lat' dir='ltr'>qui</span> <span class='ocrx_word' id='word_1_185' title='bbox 223 1382 380 1422; x_wconf 91' lang='lat' dir='ltr'>domino</span> <span class='ocrx_word' id='word_1_186' title='bbox 402 1382 613 1432; x_wconf 85' lang='lat' dir='ltr'>adhaeret,</span> <span class='ocrx_word' id='word_1_187' title='bbox 649 1391 725 1423; x_wconf 86' lang='lat' dir='ltr'>tam</span> <span class='ocrx_word' id='word_1_188' title='bbox 753 1397 918 1436; x_wconf 89' lang='lat' dir='ltr'>corpore</span> <span class='ocrx_word' id='word_1_189' title='bbox 941 1396 1054 1437; x_wconf 89' lang='lat' dir='ltr'>quam</span> <span class='ocrx_word' id='word_1_190' title='bbox 1074 1382 1203 1423; x_wconf 91' lang='lat' dir='ltr'>animo</span> <span class='ocrx_word' id='word_1_191' title='bbox 1226 1397 1328 1424; x_wconf 90' lang='lat' dir='ltr'>unus</span> <span class='ocrx_word' id='word_1_192' title='bbox 1352 1397 1437 1423; x_wconf 91' lang='lat' dir='ltr'>cum</span> <span class='ocrx_word' id='word_1_193' title='bbox 1462 1397 1510 1424; x_wconf 90' lang='lat' dir='ltr'>eo</span> <span class='ocrx_word' id='word_1_194' title='bbox 1533 1384 1693 1438; x_wconf 88' lang='lat' dir='ltr'>spiritus</span> 
     </span>
    </p>

    <p class='ocr_par' dir='ltr' id='par_1_16' title="bbox 138 1450 1690 1505">
     <span class='ocr_line' id='line_1_20' title="bbox 138 1450 1690 1505; baseline 0.001 -15"><span class='ocrx_word' id='word_1_195' title='bbox 138 1457 223 1501; x_wconf 87' lang='lat' dir='ltr'>est,</span> <span class='ocrx_word' id='word_1_196' title='bbox 257 1464 302 1490; x_wconf 88' lang='lat' dir='ltr'>ac</span> <span class='ocrx_word' id='word_1_197' title='bbox 327 1450 506 1504; x_wconf 89' lang='lat' dir='ltr'>quicquid</span> <span class='ocrx_word' id='word_1_198' title='bbox 538 1450 576 1491; x_wconf 91' lang='lat' dir='ltr'>in</span> <span class='ocrx_word' id='word_1_199' title='bbox 605 1451 761 1491; x_wconf 88' lang='lat' dir='ltr'>homine</span> <span class='ocrx_word' id='word_1_200' title='bbox 787 1451 913 1502; x_wconf 88' lang='lat' dir='ltr'>inest,</span> <span class='ocrx_word' id='word_1_201' title='bbox 959 1464 1058 1491; x_wconf 91' lang='lat' dir='ltr'>unus</span> <span class='ocrx_word' id='word_1_202' title='bbox 1083 1450 1121 1492; x_wconf 92' lang='lat' dir='ltr'>in</span> <span class='ocrx_word' id='word_1_203' title='bbox 1147 1450 1302 1490; x_wconf 90' lang='lat' dir='ltr'>domino</span> <span class='ocrx_word' id='word_1_204' title='bbox 1326 1451 1487 1505; x_wconf 90' lang='lat' dir='ltr'>spiritus</span> <span class='ocrx_word' id='word_1_205' title='bbox 1512 1452 1690 1492; x_wconf 79' lang='lat' dir='ltr'>efficitur.</span> 
     </span>
    </p>

    <p class='ocr_par' dir='ltr' id='par_1_17' title="bbox 135 1516 1898 1642">
     <span class='ocr_line' id='line_1_21' title="bbox 138 1516 1898 1574; baseline 0.001 -16"><span class='ocrx_word' id='word_1_206' title='bbox 138 1516 226 1572; x_wconf 81' lang='lat' dir='ltr'>Qua</span> <span class='ocrx_word' id='word_1_207' title='bbox 251 1519 298 1558; x_wconf 90' lang='lat' dir='ltr'>de</span> <span class='ocrx_word' id='word_1_208' title='bbox 322 1532 365 1558; x_wconf 91' lang='lat' dir='ltr'>re</span> <span class='ocrx_word' id='word_1_209' title='bbox 389 1525 566 1559; x_wconf 88' lang='lat' dir='ltr'>statuens</span> <span class='ocrx_word' id='word_1_210' title='bbox 589 1518 689 1559; x_wconf 89' lang='lat' dir='ltr'>idem</span> <span class='ocrx_word' id='word_1_211' title='bbox 716 1519 939 1574; x_wconf 88' lang='lat' dir='ltr'>apostolus,</span> <span class='ocrx_word' id='word_1_212' title='bbox 982 1522 1106 1566; x_wconf 74' lang='lat' dir='ltr'>Deus,</span> <span class='ocrx_word' id='word_1_213' title='bbox 1142 1517 1289 1572; x_wconf 88' lang='lat' dir='ltr'>inquit,</span> <span class='ocrx_word' id='word_1_214' title='bbox 1317 1522 1447 1570; x_wconf 73' lang='lat' dir='ltr'>posuit</span> <span class='ocrx_word' id='word_1_215' title='bbox 1471 1523 1508 1559; x_wconf 77' lang='lat' dir='ltr'>in</span> <span class='ocrx_word' id='word_1_216' title='bbox 1534 1526 1788 1572; x_wconf 82' lang='lat' dir='ltr'>eorporel-Cur</span> <span class='ocrx_word' id='word_1_217' title='bbox 1803 1527 1898 1561; x_wconf 55' lang='lat'>121³-</span> 
     </span>
     <span class='ocr_line' id='line_1_22' title="bbox 135 1585 1693 1642; baseline 0.001 -16"><span class='ocrx_word' id='word_1_218' title='bbox 135 1589 259 1626; x_wconf 86' lang='lat' dir='ltr'>omnia</span> <span class='ocrx_word' id='word_1_219' title='bbox 283 1588 445 1626; x_wconf 78' lang='lat' dir='ltr'>membra</span> <span class='ocrx_word' id='word_1_220' title='bbox 468 1589 622 1638; x_wconf 75' lang='lat' dir='ltr'>singula</span> <span class='ocrx_word' id='word_1_221' title='bbox 642 1595 761 1639; x_wconf 75' lang='lat' dir='ltr'>prout</span> <span class='ocrx_word' id='word_1_222' title='bbox 785 1589 914 1626; x_wconf 72' lang='lat' dir='ltr'>voluit.</span> <span class='ocrx_word' id='word_1_223' title='bbox 980 1585 1080 1627; x_wconf 84' lang='lat' dir='ltr'>Vide</span> <span class='ocrx_word' id='word_1_224' title='bbox 1107 1593 1148 1626; x_wconf 79' lang='lat' dir='ltr'>ut</span> <span class='ocrx_word' id='word_1_225' title='bbox 1176 1587 1352 1641; x_wconf 82' lang='lat' dir='ltr'>corporis</span> <span class='ocrx_word' id='word_1_226' title='bbox 1377 1602 1530 1642; x_wconf 83' lang='lat' dir='ltr'>quoque</span> <span class='ocrx_word' id='word_1_227' title='bbox 1558 1588 1693 1628; x_wconf 84' lang='lat' dir='ltr'>condi-</span> 
     </span>
    </p>

    <p class='ocr_par' dir='ltr' id='par_1_18' title="bbox 132 1655 1893 1911">
     <span class='ocr_line' id='line_1_23' title="bbox 137 1655 1691 1710; baseline 0.001 -15"><span class='ocrx_word' id='word_1_228' title='bbox 137 1661 260 1696; x_wconf 87' lang='lat' dir='ltr'>torem</span> <span class='ocrx_word' id='word_1_229' title='bbox 293 1655 456 1695; x_wconf 86' lang='lat' dir='ltr'>affirmet</span> <span class='ocrx_word' id='word_1_230' title='bbox 490 1655 603 1695; x_wconf 88' lang='lat' dir='ltr'>deum</span> <span class='ocrx_word' id='word_1_231' title='bbox 645 1669 689 1695; x_wconf 90' lang='lat' dir='ltr'>ac</span> <span class='ocrx_word' id='word_1_232' title='bbox 715 1655 979 1695; x_wconf 84' lang='lat' dir='ltr'>membrorum</span> <span class='ocrx_word' id='word_1_233' title='bbox 1013 1661 1238 1695; x_wconf 87' lang='lat' dir='ltr'>nostrorum</span> <span class='ocrx_word' id='word_1_234' title='bbox 1266 1655 1592 1710; x_wconf 88' lang='lat' dir='ltr'>compositorem,</span> <span class='ocrx_word' id='word_1_235' title='bbox 1627 1656 1691 1710; x_wconf 88' lang='lat' dir='ltr'>qui</span> 
     </span>
     <span class='ocr_line' id='line_1_24' title="bbox 136 1722 1690 1779; baseline 0 -15"><span class='ocrx_word' id='word_1_236' title='bbox 136 1722 330 1779; x_wconf 84' lang='lat' dir='ltr'>sapientia</span> <span class='ocrx_word' id='word_1_237' title='bbox 355 1736 400 1762; x_wconf 87' lang='lat' dir='ltr'>ac</span> <span class='ocrx_word' id='word_1_238' title='bbox 427 1722 600 1763; x_wconf 87' lang='lat' dir='ltr'>bonitate</span> <span class='ocrx_word' id='word_1_239' title='bbox 628 1737 698 1763; x_wconf 90' lang='lat' dir='ltr'>sua</span> <span class='ocrx_word' id='word_1_240' title='bbox 734 1722 788 1763; x_wconf 87' lang='lat' dir='ltr'>uti</span> <span class='ocrx_word' id='word_1_241' title='bbox 821 1723 943 1763; x_wconf 84' lang='lat' dir='ltr'>voluit</span> <span class='ocrx_word' id='word_1_242' title='bbox 971 1722 1154 1763; x_wconf 88' lang='lat' dir='ltr'>universa</span> <span class='ocrx_word' id='word_1_243' title='bbox 1187 1723 1403 1763; x_wconf 88' lang='lat' dir='ltr'>constituit.</span> <span class='ocrx_word' id='word_1_244' title='bbox 1467 1722 1563 1764; x_wconf 84' lang='lat' dir='ltr'>Post</span> <span class='ocrx_word' id='word_1_245' title='bbox 1594 1724 1690 1764; x_wconf 80' lang='lat' dir='ltr'>haee</span> 
     </span>
     <span class='ocr_line' id='line_1_25' title="bbox 134 1788 1893 1846; baseline -0.002 -14"><span class='ocrx_word' id='word_1_246' title='bbox 134 1791 358 1846; x_wconf 84' lang='lat' dir='ltr'>exemplum</span> <span class='ocrx_word' id='word_1_247' title='bbox 380 1791 558 1845; x_wconf 86' lang='lat' dir='ltr'>corporis</span> <span class='ocrx_word' id='word_1_248' title='bbox 587 1791 710 1832; x_wconf 88' lang='lat' dir='ltr'>nostri</span> <span class='ocrx_word' id='word_1_249' title='bbox 741 1791 789 1831; x_wconf 93' lang='lat' dir='ltr'>ad</span> <span class='ocrx_word' id='word_1_250' title='bbox 813 1788 963 1832; x_wconf 86' lang='lat' dir='ltr'>Christi</span> <span class='ocrx_word' id='word_1_251' title='bbox 995 1804 1137 1845; x_wconf 85' lang='lat' dir='ltr'>corpus</span> <span class='ocrx_word' id='word_1_252' title='bbox 1167 1792 1456 1832; x_wconf 86' lang='lat' dir='ltr'>accommodat:</span> <span class='ocrx_word' id='word_1_253' title='bbox 1507 1795 1893 1844; x_wconf 72' lang='lat' dir='ltr'>Quemad-1.c0r.12.²7-</span> 
     </span>
     <span class='ocr_line' id='line_1_26' title="bbox 132 1860 1689 1911; baseline 0 -11"><span class='ocrx_word' id='word_1_254' title='bbox 132 1862 277 1900; x_wconf 77' lang='lat' dir='ltr'>modum</span> <span class='ocrx_word' id='word_1_255' title='bbox 301 1867 340 1898; x_wconf 85' lang='lat' dir='ltr'>et</span> <span class='ocrx_word' id='word_1_256' title='bbox 354 1874 422 1898; x_wconf 79' lang='lat' dir='ltr'>nos</span> <span class='ocrx_word' id='word_1_257' title='bbox 445 1874 581 1911; x_wconf 75' lang='lat' dir='ltr'>corpus</span> <span class='ocrx_word' id='word_1_258' title='bbox 605 1862 751 1899; x_wconf 74' lang='lat' dir='ltr'>Christi</span> <span class='ocrx_word' id='word_1_259' title='bbox 769 1874 918 1907; x_wconf 67' lang='lat' dir='ltr'>summ,</span> <span class='ocrx_word' id='word_1_260' title='bbox 954 1867 990 1898; x_wconf 81' lang='lat' dir='ltr'>et</span> <span class='ocrx_word' id='word_1_261' title='bbox 1012 1860 1174 1898; x_wconf 83' lang='lat' dir='ltr'>membra</span> <span class='ocrx_word' id='word_1_262' title='bbox 1197 1862 1241 1898; x_wconf 91' lang='lat' dir='ltr'>de</span> <span class='ocrx_word' id='word_1_263' title='bbox 1264 1861 1439 1907; x_wconf 85' lang='lat' dir='ltr'>membro,</span> <span class='ocrx_word' id='word_1_264' title='bbox 1475 1868 1513 1899; x_wconf 84' lang='lat' dir='ltr'>et</span> <span class='ocrx_word' id='word_1_265' title='bbox 1531 1863 1689 1900; x_wconf 79' lang='lat' dir='ltr'>eeclesia</span> 
     </span>
    </p>

    <p class='ocr_par' dir='ltr' id='par_1_19' title="bbox 131 1925 1688 2050">
     <span class='ocr_line' id='line_1_27' title="bbox 131 1925 1687 1983; baseline 0 -15"><span class='ocrx_word' id='word_1_266' title='bbox 131 1931 213 1976; x_wconf 86' lang='lat' dir='ltr'>dei,</span> <span class='ocrx_word' id='word_1_267' title='bbox 249 1942 344 1980; x_wconf 81' lang='lat' dir='ltr'>quae</span> <span class='ocrx_word' id='word_1_268' title='bbox 367 1935 423 1966; x_wconf 77' lang='lat' dir='ltr'>est</span> <span class='ocrx_word' id='word_1_269' title='bbox 445 1942 581 1979; x_wconf 76' lang='lat' dir='ltr'>cor-[ms</span> <span class='ocrx_word' id='word_1_270' title='bbox 607 1930 762 1967; x_wconf 62' lang='lat' dir='ltr'>Chresti.</span> <span class='ocrx_word' id='word_1_271' title='bbox 828 1925 1000 1968; x_wconf 87' lang='lat' dir='ltr'>Proinde</span> <span class='ocrx_word' id='word_1_272' title='bbox 1023 1927 1055 1967; x_wconf 90' lang='lat' dir='ltr'>si</span> <span class='ocrx_word' id='word_1_273' title='bbox 1080 1940 1222 1982; x_wconf 90' lang='lat' dir='ltr'>eorpus</span> <span class='ocrx_word' id='word_1_274' title='bbox 1247 1927 1309 1967; x_wconf 92' lang='lat' dir='ltr'>dei</span> <span class='ocrx_word' id='word_1_275' title='bbox 1336 1928 1503 1968; x_wconf 86' lang='lat' dir='ltr'>eeclesia</span> <span class='ocrx_word' id='word_1_276' title='bbox 1535 1928 1687 1983; x_wconf 88' lang='lat' dir='ltr'>spiritui</span> 
     </span>
     <span class='ocr_line' id='line_1_28' title="bbox 131 1994 1688 2050; baseline 0.001 -14"><span class='ocrx_word' id='word_1_277' title='bbox 131 1996 371 2047; x_wconf 85' lang='lat' dir='ltr'>adhaerens,</span> <span class='ocrx_word' id='word_1_278' title='bbox 406 1995 478 2035; x_wconf 88' lang='lat' dir='ltr'>hoc</span> <span class='ocrx_word' id='word_1_279' title='bbox 506 2003 565 2036; x_wconf 86' lang='lat' dir='ltr'>est</span> <span class='ocrx_word' id='word_1_280' title='bbox 589 1996 768 2046; x_wconf 85' lang='lat' dir='ltr'>domino,</span> <span class='ocrx_word' id='word_1_281' title='bbox 804 2009 903 2036; x_wconf 89' lang='lat' dir='ltr'>unus</span> <span class='ocrx_word' id='word_1_282' title='bbox 927 2003 988 2036; x_wconf 85' lang='lat' dir='ltr'>est</span> <span class='ocrx_word' id='word_1_283' title='bbox 1009 1994 1185 2050; x_wconf 89' lang='lat' dir='ltr'>spiritus,</span> <span class='ocrx_word' id='word_1_284' title='bbox 1219 1995 1451 2050; x_wconf 85' lang='lat' dir='ltr'>quicumque</span> <span class='ocrx_word' id='word_1_285' title='bbox 1478 1996 1526 2037; x_wconf 90' lang='lat' dir='ltr'>ab</span> <span class='ocrx_word' id='word_1_286' title='bbox 1551 1997 1688 2037; x_wconf 88' lang='lat' dir='ltr'>eadem</span> 
     </span>
    </p>

    <p class='ocr_par' dir='ltr' id='par_1_20' title="bbox 131 2063 1688 2187">
     <span class='ocr_line' id='line_1_29' title="bbox 132 2063 1688 2120; baseline 0.001 -16"><span class='ocrx_word' id='word_1_287' title='bbox 132 2063 294 2114; x_wconf 84' lang='lat' dir='ltr'>excidit,</span> <span class='ocrx_word' id='word_1_288' title='bbox 330 2063 490 2118; x_wconf 89' lang='lat' dir='ltr'>perinde</span> <span class='ocrx_word' id='word_1_289' title='bbox 514 2078 534 2104; x_wconf 83' lang='lat' dir='ltr'>a</span> <span class='ocrx_word' id='word_1_290' title='bbox 561 2063 698 2119; x_wconf 88' lang='lat' dir='ltr'>spiritu</span> <span class='ocrx_word' id='word_1_291' title='bbox 724 2063 971 2115; x_wconf 83' lang='lat' dir='ltr'>desciscens,</span> <span class='ocrx_word' id='word_1_292' title='bbox 1005 2063 1133 2104; x_wconf 90' lang='lat' dir='ltr'>anima</span> <span class='ocrx_word' id='word_1_293' title='bbox 1159 2063 1307 2118; x_wconf 87' lang='lat' dir='ltr'>pariter</span> <span class='ocrx_word' id='word_1_294' title='bbox 1330 2071 1366 2104; x_wconf 87' lang='lat' dir='ltr'>et</span> <span class='ocrx_word' id='word_1_295' title='bbox 1393 2078 1558 2120; x_wconf 89' lang='lat' dir='ltr'>corpore</span> <span class='ocrx_word' id='word_1_296' title='bbox 1582 2080 1688 2105; x_wconf 89' lang='lat' dir='ltr'>com-</span> 
     </span>
     <span class='ocr_line' id='line_1_30' title="bbox 131 2131 1685 2187; baseline 0.001 -15"><span class='ocrx_word' id='word_1_297' title='bbox 131 2138 302 2172; x_wconf 85' lang='lat' dir='ltr'>mutatur</span> <span class='ocrx_word' id='word_1_298' title='bbox 330 2131 369 2171; x_wconf 89' lang='lat' dir='ltr'>in</span> <span class='ocrx_word' id='word_1_299' title='bbox 403 2146 559 2172; x_wconf 89' lang='lat' dir='ltr'>carnem</span> <span class='ocrx_word' id='word_1_300' title='bbox 578 2165 587 2183; x_wconf 95' lang='lat'>,</span> <span class='ocrx_word' id='word_1_301' title='bbox 631 2146 675 2172; x_wconf 89' lang='lat' dir='ltr'>ae</span> <span class='ocrx_word' id='word_1_302' title='bbox 701 2131 733 2172; x_wconf 89' lang='lat' dir='ltr'>si</span> <span class='ocrx_word' id='word_1_303' title='bbox 758 2132 845 2186; x_wconf 88' lang='lat' dir='ltr'>quid</span> <span class='ocrx_word' id='word_1_304' title='bbox 877 2131 980 2172; x_wconf 87' lang='lat' dir='ltr'>aliud</span> <span class='ocrx_word' id='word_1_305' title='bbox 1006 2131 1042 2172; x_wconf 92' lang='lat' dir='ltr'>in</span> <span class='ocrx_word' id='word_1_306' title='bbox 1073 2131 1158 2186; x_wconf 90' lang='lat' dir='ltr'>ipso</span> <span class='ocrx_word' id='word_1_307' title='bbox 1186 2132 1424 2172; x_wconf 88' lang='lat' dir='ltr'>continetur.</span> <span class='ocrx_word' id='word_1_308' title='bbox 1487 2131 1589 2172; x_wconf 85' lang='lat' dir='ltr'>Nam</span> <span class='ocrx_word' id='word_1_309' title='bbox 1623 2133 1685 2187; x_wconf 93' lang='lat' dir='ltr'>qui</span> 
     </span>
    </p>

    <p class='ocr_par' dir='ltr' id='par_1_21' title="bbox 130 2199 1686 2255">
     <span class='ocr_line' id='line_1_31' title="bbox 130 2199 1686 2255; baseline 0 -15"><span class='ocrx_word' id='word_1_310' title='bbox 130 2199 214 2240; x_wconf 80' lang='lat' dir='ltr'>lieri</span> <span class='ocrx_word' id='word_1_311' title='bbox 238 2207 395 2254; x_wconf 88' lang='lat' dir='ltr'>posset,</span> <span class='ocrx_word' id='word_1_312' title='bbox 431 2214 518 2255; x_wconf 85' lang='lat' dir='ltr'>pars</span> <span class='ocrx_word' id='word_1_313' title='bbox 545 2207 586 2240; x_wconf 88' lang='lat' dir='ltr'>ut</span> <span class='ocrx_word' id='word_1_314' title='bbox 608 2214 685 2240; x_wconf 87' lang='lat' dir='ltr'>una</span> <span class='ocrx_word' id='word_1_315' title='bbox 709 2207 870 2240; x_wconf 83' lang='lat' dir='ltr'>satanae</span> <span class='ocrx_word' id='word_1_316' title='bbox 903 2200 1148 2249; x_wconf 87' lang='lat' dir='ltr'>traderetur,</span> <span class='ocrx_word' id='word_1_317' title='bbox 1185 2214 1261 2240; x_wconf 93' lang='lat' dir='ltr'>non</span> <span class='ocrx_word' id='word_1_318' title='bbox 1286 2200 1508 2240; x_wconf 86' lang='lat' dir='ltr'>traderetur</span> <span class='ocrx_word' id='word_1_319' title='bbox 1535 2200 1686 2241; x_wconf 78' lang='lat' dir='ltr'>altera?</span> 
     </span>
    </p>

    <p class='ocr_par' dir='ltr' id='par_1_22' title="bbox 128 2266 1687 2391">
     <span class='ocr_line' id='line_1_32' title="bbox 128 2266 1687 2322; baseline 0.001 -15"><span class='ocrx_word' id='word_1_320' title='bbox 128 2266 272 2322; x_wconf 87' lang='lat' dir='ltr'>Neque</span> <span class='ocrx_word' id='word_1_321' title='bbox 297 2281 393 2308; x_wconf 83' lang='lat' dir='ltr'>vero</span> <span class='ocrx_word' id='word_1_322' title='bbox 418 2267 518 2308; x_wconf 81' lang='lat' dir='ltr'>dixit</span> <span class='ocrx_word' id='word_1_323' title='bbox 541 2268 764 2322; x_wconf 89' lang='lat' dir='ltr'>apostolus,</span> <span class='ocrx_word' id='word_1_324' title='bbox 815 2271 978 2307; x_wconf 83' lang='lat' dir='ltr'>Tradere</span> <span class='ocrx_word' id='word_1_325' title='bbox 1004 2282 1152 2307; x_wconf 81' lang='lat' dir='ltr'>earnem</span> <span class='ocrx_word' id='word_1_326' title='bbox 1176 2276 1355 2315; x_wconf 76' lang='lat' dir='ltr'>satanae,</span> <span class='ocrx_word' id='word_1_327' title='bbox 1392 2269 1458 2308; x_wconf 92' lang='lat' dir='ltr'>sed</span> <span class='ocrx_word' id='word_1_328' title='bbox 1474 2300 1484 2319; x_wconf 96' lang='lat'>,</span> <span class='ocrx_word' id='word_1_329' title='bbox 1523 2271 1687 2308; x_wconf 85' lang='lat' dir='ltr'>Tradere</span> 
     </span>
     <span class='ocr_line' id='line_1_33' title="bbox 129 2335 1686 2391; baseline 0.001 -16"><span class='ocrx_word' id='word_1_330' title='bbox 129 2338 322 2376; x_wconf 71' lang='lat' dir='ltr'>eiusmodi.</span> <span class='ocrx_word' id='word_1_331' title='bbox 389 2336 527 2390; x_wconf 86' lang='lat' dir='ltr'>Atqui</span> <span class='ocrx_word' id='word_1_332' title='bbox 558 2339 757 2375; x_wconf 76' lang='lat' dir='ltr'>Eiusmodi</span> <span class='ocrx_word' id='word_1_333' title='bbox 777 2335 893 2386; x_wconf 87' lang='lat' dir='ltr'>dicit,</span> <span class='ocrx_word' id='word_1_334' title='bbox 928 2336 1123 2390; x_wconf 88' lang='lat' dir='ltr'>integrum</span> <span class='ocrx_word' id='word_1_335' title='bbox 1158 2336 1334 2391; x_wconf 83' lang='lat' dir='ltr'>profecto</span> <span class='ocrx_word' id='word_1_336' title='bbox 1360 2335 1577 2386; x_wconf 89' lang='lat' dir='ltr'>hominem,</span> <span class='ocrx_word' id='word_1_337' title='bbox 1613 2337 1686 2377; x_wconf 90' lang='lat' dir='ltr'>hoc</span> 
     </span>
    </p>

    <p class='ocr_par' dir='ltr' id='par_1_23' title="bbox 130 2401 1684 2459">
     <span class='ocr_line' id='line_1_34' title="bbox 130 2401 1684 2459; baseline 0.001 -15"><span class='ocrx_word' id='word_1_338' title='bbox 130 2411 191 2445; x_wconf 89' lang='lat' dir='ltr'>est</span> <span class='ocrx_word' id='word_1_339' title='bbox 215 2411 291 2444; x_wconf 86' lang='lat' dir='ltr'>tam</span> <span class='ocrx_word' id='word_1_340' title='bbox 319 2404 488 2444; x_wconf 88' lang='lat' dir='ltr'>animam</span> <span class='ocrx_word' id='word_1_341' title='bbox 522 2418 633 2458; x_wconf 90' lang='lat' dir='ltr'>quam</span> <span class='ocrx_word' id='word_1_342' title='bbox 660 2418 801 2459; x_wconf 89' lang='lat' dir='ltr'>corpus</span> <span class='ocrx_word' id='word_1_343' title='bbox 827 2403 1030 2445; x_wconf 86' lang='lat' dir='ltr'>tradiderit</span> <span class='ocrx_word' id='word_1_344' title='bbox 1063 2418 1230 2445; x_wconf 85' lang='lat' dir='ltr'>necesse</span> <span class='ocrx_word' id='word_1_345' title='bbox 1258 2411 1332 2444; x_wconf 83' lang='lat' dir='ltr'>est.</span> <span class='ocrx_word' id='word_1_346' title='bbox 1397 2401 1475 2456; x_wconf 82' lang='lat' dir='ltr'>Qui</span> <span class='ocrx_word' id='word_1_347' title='bbox 1508 2418 1594 2444; x_wconf 91' lang='lat' dir='ltr'>cum</span> <span class='ocrx_word' id='word_1_348' title='bbox 1627 2412 1684 2445; x_wconf 89' lang='lat' dir='ltr'>to-</span> 
     </span>
    </p>

    <p class='ocr_par' dir='ltr' id='par_1_24' title="bbox 129 2472 1684 2527">
     <span class='ocr_line' id='line_1_35' title="bbox 129 2472 1684 2527; baseline 0.001 -15"><span class='ocrx_word' id='word_1_349' title='bbox 129 2479 208 2513; x_wconf 86' lang='lat' dir='ltr'>tum</span> <span class='ocrx_word' id='word_1_350' title='bbox 239 2472 466 2522; x_wconf 82' lang='lat' dir='ltr'>tradiderit,</span> <span class='ocrx_word' id='word_1_351' title='bbox 510 2479 632 2512; x_wconf 87' lang='lat' dir='ltr'>totum</span> <span class='ocrx_word' id='word_1_352' title='bbox 659 2472 842 2513; x_wconf 84' lang='lat' dir='ltr'>videlicet</span> <span class='ocrx_word' id='word_1_353' title='bbox 868 2486 1026 2513; x_wconf 85' lang='lat' dir='ltr'>carnem</span> <span class='ocrx_word' id='word_1_354' title='bbox 1060 2486 1149 2513; x_wconf 89' lang='lat' dir='ltr'>esse</span> <span class='ocrx_word' id='word_1_355' title='bbox 1184 2472 1399 2526; x_wconf 82' lang='lat' dir='ltr'>significat,</span> <span class='ocrx_word' id='word_1_356' title='bbox 1445 2478 1483 2511; x_wconf 85' lang='lat' dir='ltr'>at</span> <span class='ocrx_word' id='word_1_357' title='bbox 1506 2472 1684 2527; x_wconf 88' lang='lat' dir='ltr'>spiritum</span> 
     </span>
    </p>

    <p class='ocr_par' dir='ltr' id='par_1_25' title="bbox 128 2540 1685 2594">
     <span class='ocr_line' id='line_1_36' title="bbox 128 2540 1685 2594; baseline 0 -13"><span class='ocrx_word' id='word_1_358' title='bbox 128 2540 166 2581; x_wconf 89' lang='lat' dir='ltr'>iu</span> <span class='ocrx_word' id='word_1_359' title='bbox 192 2540 293 2581; x_wconf 90' lang='lat' dir='ltr'>diem</span> <span class='ocrx_word' id='word_1_360' title='bbox 319 2540 464 2580; x_wconf 91' lang='lat' dir='ltr'>domiui</span> <span class='ocrx_word' id='word_1_361' title='bbox 491 2540 642 2580; x_wconf 86' lang='lat' dir='ltr'>servari</span> <span class='ocrx_word' id='word_1_362' title='bbox 670 2540 936 2591; x_wconf 88' lang='lat' dir='ltr'>demonstrat,</span> <span class='ocrx_word' id='word_1_363' title='bbox 980 2547 1022 2580; x_wconf 88' lang='lat' dir='ltr'>ut</span> <span class='ocrx_word' id='word_1_364' title='bbox 1057 2554 1104 2581; x_wconf 92' lang='lat' dir='ltr'>ne</span> <span class='ocrx_word' id='word_1_365' title='bbox 1137 2540 1303 2580; x_wconf 86' lang='lat' dir='ltr'>eeclesia</span> <span class='ocrx_word' id='word_1_366' title='bbox 1325 2540 1584 2594; x_wconf 86' lang='lat' dir='ltr'>delinquentis</span> <span class='ocrx_word' id='word_1_367' title='bbox 1617 2541 1685 2581; x_wconf 93' lang='lat' dir='ltr'>ho-</span> 
     </span>
    </p>

    <p class='ocr_par' dir='ltr' id='par_1_26' title="bbox 130 2608 1681 2663">
     <span class='ocr_line' id='line_1_37' title="bbox 130 2608 1681 2663; baseline 0.001 -14"><span class='ocrx_word' id='word_1_368' title='bbox 130 2608 245 2649; x_wconf 92' lang='lat' dir='ltr'>minis</span> <span class='ocrx_word' id='word_1_369' title='bbox 274 2608 427 2649; x_wconf 86' lang='lat' dir='ltr'>scelere</span> <span class='ocrx_word' id='word_1_370' title='bbox 450 2608 786 2663; x_wconf 87' lang='lat' dir='ltr'>obstringeretur,</span> <span class='ocrx_word' id='word_1_371' title='bbox 820 2609 1012 2663; x_wconf 90' lang='lat' dir='ltr'>uniusque</span> <span class='ocrx_word' id='word_1_372' title='bbox 1037 2608 1179 2648; x_wconf 88' lang='lat' dir='ltr'>delicto</span> <span class='ocrx_word' id='word_1_373' title='bbox 1211 2615 1290 2648; x_wconf 88' lang='lat' dir='ltr'>tota</span> <span class='ocrx_word' id='word_1_374' title='bbox 1321 2609 1404 2663; x_wconf 83' lang='lat' dir='ltr'>ipsa</span> <span class='ocrx_word' id='word_1_375' title='bbox 1427 2608 1681 2663; x_wconf 75' lang='lat' dir='ltr'>pollueretur.</span> 
     </span>
    </p>

    <p class='ocr_par' dir='ltr' id='par_1_27' title="bbox 128 2675 1885 2795">
     <span class='ocr_line' id='line_1_38' title="bbox 128 2675 1885 2731; baseline -0.005 -14"><span class='ocrx_word' id='word_1_376' title='bbox 128 2675 263 2730; x_wconf 84' lang='lat' dir='ltr'>Quare</span> <span class='ocrx_word' id='word_1_377' title='bbox 289 2677 341 2717; x_wconf 91' lang='lat' dir='ltr'>ita</span> <span class='ocrx_word' id='word_1_378' title='bbox 368 2676 474 2717; x_wconf 89' lang='lat' dir='ltr'>iubet</span> <span class='ocrx_word' id='word_1_379' title='bbox 497 2676 717 2731; x_wconf 89' lang='lat' dir='ltr'>apostolus:</span> <span class='ocrx_word' id='word_1_380' title='bbox 756 2679 908 2716; x_wconf 80' lang='lat' dir='ltr'>Tradite</span> <span class='ocrx_word' id='word_1_381' title='bbox 928 2692 1008 2716; x_wconf 77' lang='lat' dir='ltr'>eum</span> <span class='ocrx_word' id='word_1_382' title='bbox 1031 2680 1099 2729; x_wconf 79' lang='lat' dir='ltr'>qui</span> <span class='ocrx_word' id='word_1_383' title='bbox 1121 2678 1298 2729; x_wconf 81' lang='lat' dir='ltr'>deliquit,</span> <span class='ocrx_word' id='word_1_384' title='bbox 1335 2684 1377 2715; x_wconf 79' lang='lat' dir='ltr'>ut</span> <span class='ocrx_word' id='word_1_385' title='bbox 1399 2680 1571 2729; x_wconf 82' lang='lat' dir='ltr'>spiritus,</span> <span class='ocrx_word' id='word_1_386' title='bbox 1607 2678 1679 2719; x_wconf 82' lang='lat' dir='ltr'>hoc</span> <span class='ocrx_word' id='word_1_387' title='bbox 1694 2684 1719 2713; x_wconf 89' lang='lat'>1.</span> <span class='ocrx_word' id='word_1_388' title='bbox 1729 2683 1799 2712; x_wconf 79' lang='lat' dir='ltr'>cor.</span> <span class='ocrx_word' id='word_1_389' title='bbox 1815 2682 1841 2717; x_wconf 90' lang='lat'>5,</span> <span class='ocrx_word' id='word_1_390' title='bbox 1860 2682 1885 2710; x_wconf 88' lang='lat'>5.</span> 
     </span>
     <span class='ocr_line' id='line_1_39' title="bbox 128 2744 883 2795; baseline 0 -10"><span class='ocrx_word' id='word_1_391' title='bbox 128 2751 188 2785; x_wconf 91' lang='lat' dir='ltr'>est</span> <span class='ocrx_word' id='word_1_392' title='bbox 219 2744 388 2785; x_wconf 89' lang='lat' dir='ltr'>eeclesia</span> <span class='ocrx_word' id='word_1_393' title='bbox 419 2744 629 2795; x_wconf 87' lang='lat' dir='ltr'>universa,</span> <span class='ocrx_word' id='word_1_394' title='bbox 662 2747 790 2784; x_wconf 81' lang='lat' dir='ltr'>salvus</span> <span class='ocrx_word' id='word_1_395' title='bbox 820 2748 883 2785; x_wconf 77' lang='lat' dir='ltr'>sit.</span> 
     </span>
    </p>
   </div>
   <div class='ocr_carea' id='block_1_3' title="bbox 129 2913 1677 3003">
    <p class='ocr_par' dir='ltr' id='par_1_28' title="bbox 129 2913 1677 3003">
     <span class='ocr_line' id='line_1_40' title="bbox 129 2913 1677 2961; baseline 0.004 -17"><span class='ocrx_word' id='word_1_396' title='bbox 129 2913 217 2956; x_wconf 83' lang='lat' dir='ltr'>poris</span> <span class='ocrx_word' id='word_1_397' title='bbox 241 2914 399 2957; x_wconf 83' lang='lat' dir='ltr'>proponit</span> <span class='ocrx_word' id='word_1_398' title='bbox 421 2925 540 2958; x_wconf 87' lang='lat' dir='ltr'>corpus</span> <span class='ocrx_word' id='word_1_399' title='bbox 562 2914 705 2955; x_wconf 81' lang='lat' dir='ltr'>Christi,</span> <span class='ocrx_word' id='word_1_400' title='bbox 731 2915 822 2961; x_wconf 88' lang='lat' dir='ltr'>quod</span> <span class='ocrx_word' id='word_1_401' title='bbox 843 2923 877 2948; x_wconf 86' lang='lat' dir='ltr'>et</span> <span class='ocrx_word' id='word_1_402' title='bbox 971 2915 1001 2947; x_wconf 77' lang='grc'>8.</span> <span class='ocrx_word' id='word_1_403' title='bbox 1027 2926 1058 2948; x_wconf 71' lang='grc' dir='ltr'>τι</span> <span class='ocrx_word' id='word_1_404' title='bbox 1083 2914 1287 2946; x_wconf 81' lang='lat' dir='ltr'>emendarunt</span> <span class='ocrx_word' id='word_1_405' title='bbox 1313 2915 1484 2950; x_wconf 80' lang='lat' dir='ltr'>Cor-narius</span> <span class='ocrx_word' id='word_1_406' title='bbox 1512 2920 1540 2950; x_wconf 79' lang='lat' dir='ltr'>et</span> <span class='ocrx_word' id='word_1_407' title='bbox 1568 2919 1677 2952; x_wconf 82' lang='lat' dir='ltr'>Petav.</span> 
     </span>
     <span class='ocr_line' id='line_1_41' title="bbox 129 2960 1383 3003; baseline 0.002 -13"><span class='ocrx_word' id='word_1_408' title='bbox 129 2969 190 2991; x_wconf 90' lang='lat' dir='ltr'>nos</span> <span class='ocrx_word' id='word_1_409' title='bbox 213 2970 332 3003; x_wconf 84' lang='lat' dir='ltr'>corpus</span> <span class='ocrx_word' id='word_1_410' title='bbox 353 2960 473 2992; x_wconf 78' lang='lat' dir='ltr'>Christi</span> <span class='ocrx_word' id='word_1_411' title='bbox 495 2972 605 2994; x_wconf 87' lang='lat' dir='ltr'>sumus</span> <span class='ocrx_word' id='word_1_412' title='bbox 629 2964 695 2994; x_wconf 79' lang='lat' dir='ltr'>cett.</span> <span class='ocrx_word' id='word_1_413' title='bbox 925 2971 974 2999; x_wconf 71' lang='grc' dir='ltr'>τις</span> <span class='ocrx_word' id='word_1_414' title='bbox 998 2963 1041 2993; x_wconf 79' lang='lat' dir='ltr'>est</span> <span class='ocrx_word' id='word_1_415' title='bbox 1064 2962 1096 2992; x_wconf 84' lang='lat' dir='ltr'>in</span> <span class='ocrx_word' id='word_1_416' title='bbox 1121 2961 1207 2992; x_wconf 76' lang='lat' dir='ltr'>libris</span> <span class='ocrx_word' id='word_1_417' title='bbox 1231 2961 1383 2993; x_wconf 85' lang='lat' dir='ltr'>omnibus.</span> 
     </span>
    </p>
   </div>
  </div>
 </body>
</html>
