2066 3319
488 206 670 239 PANARn
694 207 779 238 Lm.
795 207 835 239 11.
859 207 966 239 Tou.
991 208 1014 239 ι.
1039 207 1170 239 mur..
1189 208 1290 239 [ΝΠ.
1583 197 1661 240 163

232 287 333 342 Quid
361 287 405 327 ad
436 286 530 326 llaec
561 285 716 327 Noctus
743 301 828 326 cum
859 300 929 327 sua
957 287 1168 328 stoliditate
1194 294 1308 341 atque
1341 287 1508 328 amentia
1533 293 1664 341 potest
1688 284 1869 327 Cap.le.

119 357 317 399 obiicere?
375 353 480 395 Num
514 354 551 394 in
585 355 695 395 coelo
721 369 811 395 caro
838 362 927 395 ante
953 355 1210 396 versabatur?
1268 355 1434 396 Minime
1470 356 1660 411 prol'ect0.

120 425 325 480 Quomodo
357 423 473 477 igitur
505 422 569 477 qui
597 424 799 464 descendit
832 424 878 463 de
911 424 1043 474 coelo,
1078 425 1160 480 ipse
1184 425 1329 478 estqui
1357 425 1555 476 ascendit3
1590 424 1664 464 nisi

117 495 208 535 illud
239 492 461 547 significare
487 492 631 542 voluit,
666 492 828 532 verbum
863 493 1010 547 ipsum,
1053 493 1150 546 quod
1183 493 1462 544 descenderat,
1504 507 1582 534 non
1614 506 1666 533 ex

118 562 295 604 inferiori
321 575 409 601 esse
439 562 549 611 loco,
584 561 652 601 sed
681 575 702 601 c
729 561 838 601 coelo
872 575 961 602 esse
994 561 1218 615 delapsum?
1276 559 1538 616 Posteaquam
1571 575 1667 602 vero

120 644 276 672 carnem
309 629 476 670 hominis
510 630 744 684 assumpsit,
779 644 854 670 non
889 629 991 669 illam
1027 629 1179 683 quidem
1207 643 1227 668 e
1253 630 1326 670 viri
1354 631 1502 671 semine
1534 643 1668 671 susce-

119 707 246 755 ptam,
281 712 302 738 e
334 698 472 753 spiritu
499 698 647 753 pariter
672 712 717 739 ac
745 711 863 738 carne
890 704 1009 738 totum
1042 697 1390 739 administrationis
1423 712 1517 739 suae
1549 712 1669 753 nego-

119 769 211 809 tium
238 767 418 822 perfecit.
467 765 732 820 Quamobrem
756 773 796 807 ut
820 766 938 806 divini
966 765 1075 806 verbi
1100 766 1368 821 humanaeque
1393 774 1554 808 naturae
1577 781 1671 807 con-

119 835 357 877 iunctionem
390 843 429 876 et
461 835 498 875 in
526 849 640 876 unam
668 835 908 889 eandemque
942 848 1023 875 rem
1051 834 1384 876 consociationem
1416 842 1668 886 monstraret,

119 905 225 946 illum
251 904 375 959 ipsum
409 904 508 945 dixit
531 904 594 958 qui
619 918 639 945 e
666 904 776 945 coelo
800 910 965 944 venerat
990 903 1125 944 eodem
1150 918 1235 944 cum
1262 903 1439 944 absoluta
1469 903 1671 944 divinitate

119 973 301 1014 rediisse.
363 972 482 1014 Nunc
507 973 633 1024 enim,
668 973 703 1013 id
732 973 831 1027 quod
860 979 949 1013 ante
976 986 1052 1013 non
1076 979 1185 1024 erat,
1220 987 1312 1013 caro
1344 979 1427 1024 est,
1462 972 1508 1012 de
1535 971 1672 1027 spiritu

121 1048 326 1096 susceptus
356 1056 399 1083 ac
426 1041 601 1096 virgine,
644 1043 859 1096 perfectum
888 1055 1026 1097 nempe
1052 1041 1213 1083 verbum
1250 1041 1418 1082 oblatum
1451 1042 1549 1096 patri
1581 1040 1671 1091 deo,

121 1112 219 1166 quod
246 1118 360 1151 antea
384 1125 476 1151 caro
504 1110 543 1151 in
567 1111 677 1151 coelo
703 1125 778 1151 non
804 1111 944 1151 fuerat.
1008 1109 1110 1164 Quid
1134 1110 1251 1164 igitur
1271 1111 1309 1151 in
1335 1110 1446 1151 coelo
1471 1109 1540 1150 suit
1570 1109 1672 1150 aliud

123 1186 280 1235 praeter
312 1179 473 1221 verbum
503 1193 522 1220 e
553 1179 664 1220 coelo
699 1179 935 1220 demissum?
995 1176 1069 1220 Cui
1101 1179 1138 1219 in
1163 1194 1279 1220 uuam
1307 1179 1549 1219 divinitatem
1582 1191 1674 1218 con—

121 1247 268 1290 iunctio
290 1248 563 1299 conveniebat,
594 1249 805 1289 secundum
830 1256 1029 1303 paternam
1055 1248 1128 1288 vim
1150 1248 1328 1303 copulata
1351 1255 1466 1303 atque
1488 1247 1671 1288 conflata.

124 1315 213 1371 Quo
241 1324 279 1357 et
310 1317 402 1357 illud
438 1331 512 1357 una
541 1317 780 1368 declararet,
823 1316 860 1357 in
892 1324 997 1357 terra
1026 1317 1214 1371 coeloque
1243 1317 1408 1358 eundem
1441 1330 1530 1357 esse
1561 1317 1675 1357 deum

123 1386 309 1437 verbum,
345 1386 618 1427 conversionis
643 1386 768 1427 omnis
799 1401 842 1426 ac
871 1386 1096 1427 mutationis
1121 1393 1340 1441 expertem.
1404 1384 1503 1426 Erat
1533 1385 1673 1440 quippe

122 1454 308 1504 verbum,
344 1455 439 1495 deus
477 1462 562 1495 erat
590 1469 768 1509 semper,
803 1463 888 1495 erat
920 1454 1103 1510 spiritns,
1137 1455 1197 1495 vis
1230 1462 1316 1495 erat
1346 1455 1529 1509 denique.
1594 1453 1672 1508 Qui

124 1537 329 1564 commune
351 1523 441 1563 illud
465 1537 628 1573 nomen,
665 1523 841 1577 quodque
863 1523 1038 1564 homines
1064 1537 1204 1578 capere
1223 1531 1405 1578 possent,
1439 1523 1478 1563 in
1503 1522 1674 1578 seipsum

125 1593 319 1647 suscepit,
355 1606 440 1631 cum
463 1591 629 1632 hominis
653 1592 751 1632 filius
776 1592 990 1646 appellatus
1017 1600 1100 1643 est,
1135 1592 1312 1647 quamvis
1335 1592 1396 1632 dei
1422 1592 1522 1633 filius
1551 1599 1672 1634 esset.

126 1659 203 1714 Qui
230 1660 390 1715 insuper
414 1675 433 1701 a
462 1660 660 1715 prophetis
688 1661 724 1700 id
754 1660 877 1714 ipsum
916 1661 1015 1715 quod
1047 1661 1085 1701 in
1119 1675 1236 1702 carne
1269 1661 1438 1702 nondum
1472 1668 1556 1702 erat
1586 1675 1675 1702 esse

125 1736 215 1769 aute
240 1729 578 1784 pronuntiabatur,
610 1736 769 1784 propter
790 1729 826 1769 id
849 1731 948 1784 quod
972 1736 1055 1770 erat
1077 1729 1115 1770 in
1140 1743 1186 1770 eo
1209 1729 1503 1785 perficiendum.
1538 1728 1674 1783 Quare

125 1796 180 1838 ita
206 1795 349 1838 Daniel
375 1797 570 1852 loquitur:
607 1801 695 1837 Vide·
720 1801 832 1850 qnasi
846 1800 977 1850 filium
1007 1801 1165 1838 hominis
1196 1802 1397 1838 venientem
1428 1802 1466 1838 in
1496 1799 1670 1838 nubibus.
1698 1805 1773 1833 Dan.
1793 1805 1820 1840 7,
1840 1805 1881 1835 13.

126 1864 240 1907 Unde
268 1867 409 1907 merito
441 1867 478 1907 in
514 1867 624 1907 coelo
659 1866 731 1907 hoc
763 1867 944 1907 affectum
978 1867 1134 1908 nomine
1165 1867 1327 1908 verbum
1359 1867 1485 1908 sancti
1517 1867 1677 1923 spiritus

128 1935 255 1975 afflatu
288 1936 474 1991 propheta
510 1935 711 1991 perspexit
752 1936 813 1990 qui
849 1938 986 1975 Filium
1019 1938 1199 1976 altissimi
1236 1937 1405 1977 vocavit.
1477 1934 1676 1989 Quocirca

129 2018 227 2058 quae
261 2004 383 2059 prima
415 2012 506 2045 sunt
537 2004 745 2059 posteriori
783 2005 918 2045 ordine
957 2005 1158 2045 declarans
1196 2005 1419 2060 unigenitus
1460 2005 1520 2045 dei
1559 2005 1674 2056 tilius,

128 2075 266 2122 Nemo,
302 2073 448 2128 inquit,
482 2076 650 2113 aseendit
677 2076 713 2112 2¹12
747 2075 888 2112 coelum
917 2076 995 2113 nisi
1021 2077 1156 2127 quide
1186 2077 1287 2114 coelo
1319 2077 1531 2123 deseendit,
1562 2076 1678 2127 filius
1691 2080 1882 2118 loann.a,13-

130 2145 300 2183 hominis.
365 2141 457 2183 Non
482 2142 581 2197 quod
608 2156 699 2182 caro
726 2149 832 2182 esset
855 2142 894 2182 in
921 2143 1053 2194 coelo,
1087 2144 1155 2184 sed
1189 2145 1287 2198 quod
1317 2157 1338 2184 e
1371 2144 1480 2184 coelo
1514 2143 1678 2184 descen-

131 2212 261 2262 deret,
297 2212 358 2266 qui
391 2211 578 2252 eiusmodi
613 2218 718 2252 esset
748 2210 938 2252 vocabulo
971 2211 1245 2252 nominandus.

228 2280 377 2322 Verum
402 2279 491 2335 quid
513 2280 684 2330 tandem,
714 2280 762 2320 mi
788 2280 925 2320 homo!
961 2282 1162 2335 proferes?
1200 2280 1397 2337 Scriptum
1422 2287 1497 2332 est,
1531 2280 1671 2335 inquit,
1701 2284 1780 2328 Cap.
1804 2284 1865 2316 IX-

131 2353 208 2390 Iste
229 2353 319 2390 deus
340 2358 399 2389 est
412 2358 553 2397 noster,
581 2357 620 2388 et
637 2364 710 2388 non
733 2351 992 2389 aescimubz‘lnr
1014 2353 1126 2390 allus.
1167 2348 1378 2391 Praeclare
1402 2364 1513 2400 vem,
1543 2362 1676 2403 quem·
1696 2350 1828 2415 Bgrggh·

131 2419 332 2459 admodum
358 2426 395 2459 et
421 2418 620 2474 apostolus
651 2418 834 2458 affirmat:
881 2421 1067 2470 Quorum,
1102 2419 1246 2473 inquit,
1275 2427 1428 2471 patres,
1465 2433 1513 2457 επ
1542 2419 1675 2471 quibus
1695 2408 1783 2460 Ro'm.
1801 2407 1828 2467 ’9,
1847 2432 1871 2461 5.

135 2490 307 2527 Christus
328 2490 527 2527 seeundum
551 2502 715 2534 carnem,
751 2491 818 2539 qui
836 2496 895 2527 est
911 2503 1025 2541 super
1044 2491 1180 2536 omnia,
1215 2491 1318 2527 (leus.
1384 2486 1495 2540 Quae
1523 2487 1675 2541 quidem

133 2556 411 2597 admirabiliter
439 2555 484 2596 ab
512 2570 558 2596 eo
587 2556 687 2596 dicta
711 2563 815 2596 sunt.
880 2555 955 2597 Hic
979 2557 1081 2597 enim
1105 2557 1167 2612 qui
1195 2564 1254 2597 est
1279 2569 1396 2610 super
1419 2555 1548 2595 omnia
1581 2555 1677 2596 deus

133 2632 208 2666 est.
269 2623 372 2666 Nam
399 2639 483 2665 cum
512 2625 559 2665 iis
587 2625 670 2679 ipse
693 2638 764 2664 nos
789 2624 919 2665 verbis
946 2626 1103 2667 doceat:
1147 2629 1276 2665 Omnia
1305 2626 1399 2663 milei
1423 2627 1563 2663 tradita
1589 2632 1680 2663 sunt
1701 2626 1811 2655 Matth.

1708 2663 1750 2696 ιι,
1770 2662 1812 2689 27.

133 2709 156 2733 α
188 2702 299 2747 patre
333 2709 432 2741 meo,
475 2700 678 2748 propterea
710 2708 824 2745 supet·
856 2698 978 2733 omnia
1009 2698 1098 2734 deus
1132 2703 1199 2734 est.
1265 2693 1394 2747 Atque
1433 2693 1485 2733 ita
1525 2706 1676 2748 qnoque
1690 2701 1809 2758 Lucetm
1838 2729 1871 2757 22

135 2761 302 2803 loannes
333 2769 523 2803 testatur:
572 2765 678 2813 Quod
699 2763 797 2814 fuit,
832 2762 979 2817 inquit,
1020 2765 1067 2803 ab
1092 2766 1218 2810 initio,
1253 2764 1352 2814 quod
1375 2763 1603 2810 audivimus,
1638 2769 1873 2811 et1,1oann1,1.

136 2834 254 2871 oculis
275 2834 447 2879 vidimus,
482 2839 520 2870 et
539 2845 670 2870 malms
693 2839 845 2871 nostrae
865 2838 1202 2871 contrectaverunt.
1268 2830 1328 2870 Ac
1351 2844 1487 2872 rursus
1508 2831 1546 2871 in
1569 2831 1676 2886 Apo-

138 2900 305 2955 calypsi:
342 2902 417 2950 Qui
443 2907 500 2938 est
523 2901 570 2939 ab
595 2903 723 2948 τἠίΐιό,
758 2908 797 2940 et
825 2904 893 2954 qui
914 2909 1091 2941 venturas
1116 2907 1173 2938 est
1199 2902 1438 2967 omnipotens.
1502 2898 1676 2956 Egregie
1696 2910 1863 2947 Apoc.1‚8.

182 3045 214 3080 4.
244 3043 314 3080 εἷπε
337 3049 460 3080 coniecit
482 3049 639 3081 Petavius.
692 3051 788 3081 Verba
811 3049 859 3091 ’.ᾧ
883 3045 1021 3091 ὀνόματ’.
1044 3048 1201 3089 iunyenda
1225 3051 1294 3081 sunt
1317 3059 1387 3082 cum
1410 3046 1597 3084 ἀποκαλῶν-

1314 3108 1404 3149 11*
