2066 3319
522 193 703 226 PANARn
725 193 808 226 Lm.
831 195 871 225 11.
895 193 1005 226 TOM.
1026 194 1052 227 1.
1075 193 1345 226 HAER.LX1V.
1626 185 1707 225 357

171 274 264 316 nihil
287 272 484 329 probabile
507 280 612 314 tuum
635 273 727 314 illud
753 274 854 314 soret
874 273 1137 324 mendacium,
1172 280 1210 314 et
1238 273 1275 313 in
1298 287 1471 314 errorem
1497 281 1629 329 posset
1648 273 1706 313 in-

171 344 327 384 ducere.
389 340 469 382 Iam
495 355 590 383 vero
615 348 702 396 post
724 340 850 382 Evam
875 342 913 381 in
939 342 1062 382 lucem
1085 342 1224 382 editam
1250 356 1337 383 esse
1361 344 1558 383 confectas
1591 356 1707 397 appa-

169 418 243 452 ret.
307 409 390 450 Eva
426 424 541 466 porro
575 410 765 451 undenam
803 417 863 451 est
897 410 970 450 nisi
1005 424 1054 450 ex
1089 425 1251 465 corpore
1287 412 1478 451 formata?
1536 410 1578 451 ld
1610 425 1706 451 vero

170 479 414 520 manil'estum
449 485 529 520 est:
573 482 733 518 Immisit
752 482 867 526 enim,
905 478 980 530 ait,
1013 494 1178 531 soporem
1203 482 1240 517 in
1264 482 1408 527 Adam,
1452 488 1488 518 et
1516 483 1702 528 dormivit,
1726 488 1802 516 Gen.
1823 488 1849 523 2,
1867 488 1910 516 21.

167 556 205 588 et
222 551 367 600 accepit
389 562 497 586 emam
519 549 564 586 de
585 551 697 586 costis
720 551 812 586 esem.
879 544 1000 587 Costa
1023 561 1118 587 vero
1142 553 1297 601 praeter
1318 562 1360 587 os
1384 547 1476 588 nihil
1497 548 1596 588 aliud
1622 556 1704 599 est,

167 620 273 656 cuius
296 618 374 655 loco
397 630 545 655 carnem
567 618 791 668 aedfficazve't.
844 614 941 656 (lum
966 615 1083 670 igitur
1105 629 1195 655 caro
1218 616 1413 655 nominata
1437 616 1500 666 sit,
1535 617 1596 670 qui
1624 623 1706 656 tan-

167 686 251 726 dem
280 691 473 725 structura
498 684 600 724 illius
628 691 872 739 expectatur.
939 682 1016 725 Sed
1043 691 1081 723 ct
1114 683 1225 738 paulo
1251 690 1361 734 ante,
1395 687 1612 732 Face‘mtms,
1648 685 1705 725 in—

166 754 271 808 quit,
304 756 484 792 hominem
504 756 555 791 ad
577 756 773 804 imaginem
796 761 960 792 nostram
983 760 1021 791 et
1039 754 1341 791 similitudinem.-
1382 760 1418 790 et
1448 756 1610 804 accepit,
1646 753 1703 793 in-

165 823 261 877 quit,
297 824 422 860 limum
446 824 491 860 cle
512 829 614 861 terra
638 830 676 860 et
694 824 875 874 formavit
895 824 1088 860 hominem.
1153 819 1274 874 Atqui
1298 819 1409 860 limus
1436 828 1474 860 et
1497 835 1588 861 caro
1613 821 1705 861 nibil

165 898 255 931 sunt
288 890 388 930 aliud
422 903 534 944 quam
569 903 723 945 corpus.
787 887 939 929 Deinde
972 888 1169 943 sequitur,
1212 891 1266 927 Et
1294 903 1503 940 exsurgens
1533 892 1656 928 Adam
1687 906 1705 928 e

164 974 290 999 somno
317 961 438 1006 dixit,
484 961 564 997 Hoc
598 973 696 998 nunc
722 973 762 997 os
796 973 844 996 er
875 959 1019 996 ossibus
1054 960 1164 1005 meis,
1209 965 1247 996 et
1276 971 1364 996 caro
1391 960 1434 996 de
1465 971 1578 996 carne
1607 973 1699 996 mea.

164 1027 348 1069 Nondum
377 1033 489 1067 erant
513 1026 698 1080 pelliceae
721 1026 809 1066 illae
836 1026 1015 1076 tunicae,
1050 1026 1216 1065 nondum
1241 1026 1445 1066 confictum
1474 1026 1564 1066 illud
1588 1025 1626 1066 in
1651 1026 1705 1066 al-

164 1096 312 1151 legoria
342 1102 404 1136 tua
433 1094 675 1136 mendacium
703 1095 902 1135 extiterat.
966 1092 1101 1149 Itaque
1124 1110 1163 1133 os
1188 1110 1236 1133 eac
1257 1096 1400 1133 ossibus
1422 1099 1524 1142 meis,
1559 1103 1598 1134 et
1617 1110 1704 1134 caro

163 1168 207 1205 de
233 1180 347 1204 carne
379 1179 478 1212 mea,
520 1163 726 1204 manifeste
759 1163 805 1203 ‹le
839 1163 1065 1217 corporibus
1098 1162 1351 1217 intelligenda
1385 1170 1496 1215 sunt,
1537 1164 1633 1204 adeo
1664 1171 1706 1204 ut

165 1234 339 1275 Adamus
365 1240 403 1274 et
428 1231 513 1274 Eva
546 1231 775 1287 corporibus
810 1231 966 1272 minime
997 1238 1192 1271 carerent.
1254 1234 1309 1271 Et
1335 1235 1481 1284 accepit
1507 1235 1550 1271 de
1581 1234 1698 1285 legno,

163 1312 199 1342 et
221 1305 396 1351 comedz't,·
431 1308 545 1357 prout
568 1301 761 1355 serpentis
784 1308 869 1341 astu
892 1301 1075 1355 deceptus
1097 1307 1211 1354 atque
1237 1299 1275 1340 in
1299 1300 1410 1340 deum
1437 1300 1592 1342 rebellis
1617 1301 1700 1342 l'uit.

163 1374 215 1411 Et
235 1374 381 1410 audivit
400 1386 519 1409 vocem
545 1373 608 1409 dei
627 1371 853 1409 ambulantis
879 1373 916 1408 in
939 1372 1121 1408 Paradz'so
1152 1370 1220 1407 sub
1247 1384 1454 1421 vesperam,
1489 1378 1526 1409 et
1547 1371 1702 1410 abscon-

163 1443 220 1479 de't
237 1455 276 1478 se
300 1442 422 1478 Adam
448 1447 485 1478 et
502 1442 583 1477 Eva
603 1442 654 1477 ad
675 1439 858 1477 arborem.
924 1436 1024 1478 Tum
1052 1437 1228 1477 dominus
1250 1437 1440 1477 Adamum
1468 1438 1699 1494 interrogat,

168 1510 239 1548 L'bz·
267 1513 333 1547 es?
391 1507 447 1548 At
476 1507 508 1547 is
544 1506 808 1562 deprehensus
840 1506 1062 1561 respondit,
1099 1509 1227 1544 Vocem
1264 1513 1362 1544 tuam
1392 1510 1538 1555 audivi,
1574 1516 1609 1546 et
1637 1510 1702 1547 ab-

162 1580 296 1616 scondi
322 1592 376 1615 me
405 1591 445 1615 eo
477 1578 575 1628 quod
604 1578 725 1614 nudus
752 1590 879 1614 essem.
943 1573 1100 1615 Nudum
1133 1588 1229 1614 vcro
1263 1574 1350 1628 quid
1388 1575 1539 1615 tandem
1576 1576 1702 1617 dixit?

165 1646 357 1697 animam,
399 1659 447 1685 an
479 1644 644 1699 corpus?
704 1642 855 1684 Deinde
891 1643 1053 1684 ficulnea
1089 1642 1178 1683 folia
1215 1657 1415 1697 quemnam
1450 1644 1698 1698 obtegebant,

163 1714 330 1754 animam
353 1728 401 1754 an
427 1714 593 1768 eorpus?
652 1715 704 1751 Et
728 1715 810 1764 queis
835 1713 906 1751 tibi
928 1715 1047 1759 deest,
1082 1711 1229 1766 inquit,
1264 1720 1298 1750 te
1326 1726 1405 1750 esse
1432 1715 1591 1760 mulum,
1627 1717 1705 1753 nisi

161 1786 260 1836 quod
289 1786 334 1822 de
371 1785 495 1834 ltgwc,
537 1784 581 1821 de
609 1796 679 1834 quo
707 1784 888 1833 praecepi
918 1782 988 1819 tibi
1016 1796 1062 1820 ne
1092 1783 1318 1827 comederes,
1360 1784 1579 1820 comedisti?
1636 1783 1697 1822 Ad

162 1852 255 1892 haee
290 1851 465 1892 Adamus
500 1849 723 1905 respondit,
765 1852 907 1888 Mulier
939 1864 1046 1902 quam
1078 1852 1216 1888 dedisti
1247 1851 1340 1888 mila·
1373 1852 1475 1888 dedit
1512 1852 1621 1898 milei,
1664 1859 1701 1889 et

160 1923 312 1960 comedi.
364 1917 473 1960 Cedo
497 1919 596 1959 unde
620 1918 758 1959 mulier
782 1919 868 1958 data
889 1918 1019 1968 fuerit,
1054 1918 1127 1958 nisi
1151 1931 1202 1958 ex
1227 1924 1351 1969 costa,
1385 1917 1457 1957 hoc
1481 1925 1540 1959 est
1556 1918 1696 1959 Adami

160 2002 340 2044 corpore,
375 1995 578 2042 antequam
604 1987 758 2027 tunicae
782 1987 857 2026 illis
879 1987 1208 2027 attribuerentur?
1255 1984 1381 2026 Porro
1405 1986 1556 2027 mulieri
1579 1987 1691 2038 dixit,

163 2061 239 2098 Cur
271 2060 339 2096 lzoc
363 2059 526 2110 fecisti?
586 2056 640 2096 At
673 2056 759 2106 illa,
801 2058 982 2108 Semele-s,
1017 2055 1162 2110 inquit,
1196 2058 1339 2107 decepit
1366 2070 1439 2104 me,
1474 2063 1513 2094 et
1540 2059 1692 2104 comedi,

161 2135 197 2166 et
219 2129 305 2166 dedi
327 2129 406 2165 viro
429 2140 519 2164 meo.
584 2123 680 2165 Post
704 2124 796 2164 haee
820 2125 913 2165 deus
939 2124 1231 2164 execrationem
1255 2123 1412 2174 inflixit,
1447 2123 1596 2164 mulieri
1622 2125 1697 2164 sci-

159 2196 250 2236 licet
283 2195 477 2245 dolorem,
522 2201 560 2234 et
590 2193 698 2245 viro,
740 2201 781 2232 ut
803 2197 839 2232 ill
871 2196 1006 2232 sudore
1031 2208 1129 2245 panc
1155 2208 1221 2232 suo
1252 2201 1475 2232 vesceretur.
1543 2192 1693 2247 Quibus

162 2264 272 2305 factis
303 2262 466 2314 adiecit,
501 2266 600 2302 Ecce
624 2266 747 2302 Adam
771 2264 906 2315 sactus
936 2270 993 2301 est
1024 2265 1122 2301 sicut
1150 2277 1244 2301 meus
1276 2278 1324 2301 ex
1351 2263 1479 2301 nobis:
1524 2277 1569 2300 ne
1588 2264 1696 2313 sorte

159 2336 336 2373 extendat
361 2347 528 2380 mamam,
564 2340 601 2370 et
632 2334 797 2382 attingat
828 2333 992 2383 lzg·tzztnz,
1027 2339 1063 2370 ct
1092 2334 1278 2379 comedat,
1313 2338 1352 2369 et
1377 2333 1478 2369 vz'vat
1507 2333 1544 2368 ίη
1574 2338 1694 2370 aeter-

159 2418 258 2443 num.
321 2400 484 2452 Postea,
517 2403 572 2440 Et
585 2402 678 2454 fecit
701 2403 790 2439 deus
815 2404 960 2440 tunicas
975 2403 1166 2453 pelliceas,
1201 2408 1240 2439 et
1260 2402 1383 2439 induit
1401 2402 1523 2438 Adam
1544 2407 1581 2438 ct
1601 2414 1693 2439 utro-

159 2487 235 2511 rem
262 2474 363 2519 eius,
398 2479 434 2509 et
457 2473 565 2509 eiecit
591 2471 676 2509 illos
700 2486 719 2508 e
738 2472 931 2509 Paradz'so.
997 2468 1117 2510 Vides
1141 2483 1252 2523 quam
1277 2468 1404 2522 inepta
1430 2466 1481 2506 sit
1504 2481 1603 2507 nova
1629 2468 1694 2509 illa

161 2555 180 2581 a
204 2547 240 2581 te
265 2539 488 2594 excogitata
513 2546 550 2579 et
577 2537 702 2579 inanis
728 2538 873 2593 opinio.
934 2537 1039 2579 Nam
1065 2537 1260 2592 aliquanto
1292 2543 1381 2577 ante
1407 2544 1581 2591 tempore
1606 2550 1692 2577 eor-

159 2623 252 2665 pora
284 2608 395 2664 primi
428 2608 551 2648 nostri
584 2614 765 2662 parentes
798 2607 1027 2649 habuerunt.

273 2676 387 2731 Quod
419 2677 452 2717 si
485 2684 522 2717 te
554 2676 644 2717 illud
682 2676 902 2728 examinat,
942 2689 1066 2731 neque
1099 2683 1209 2731 potes
1239 2673 1440 2714 animalem
1470 2673 1508 2714 in
1540 2674 1692 2714 modum
1725 2671 1834 2749 10)ῗῆ

160 2747 231 2788 ista
258 2747 433 2801 cogitans
459 2746 616 2801 spiritus
641 2745 804 2800 gratiam
827 2745 1050 2801 percipere,
1085 2759 1106 2785 ο
1130 2743 1294 2784 infidelis
1324 2743 1437 2783 homo
1467 2749 1504 2783 et
1529 2742 1691 2784 infideli·
1741 2736 1750 2747 ⁴
1837 2741 1844 2749 “

160 2815 230 2856 bus
255 2816 440 2865 deterior,
475 2815 534 2855 dic
558 2814 648 2855 mibi
674 2815 789 2855 sodes
805 2846 815 2864 ,
850 2821 1030 2869 quantum
1056 2812 1350 2866 unumquodque
1374 2811 1434 2852 dei
1458 2825 1553 2866 opus
1578 2811 1692 2852 habet

162 2883 363 2925 miraculi?
423 2882 628 2938 Quomodo
652 2883 801 2924 coelum
830 2897 882 2924 ex
915 2883 1033 2924 nihilo
1057 2883 1094 2922 in
1124 2880 1274 2922 sublimi
1309 2887 1529 2935 porrectum
1563 2887 1623 2921 est
1652 2887 1691 2921 et

205 3031 236 3064 2.
260 3032 362 3067 ποσοῦ
385 3035 503 3073 placuit
526 3035 663 3066 Petavio.
