2066 3319
526 196 708 230 PANARH
735 196 818 229 Lis.
837 197 879 228 n.
903 197 1010 229 ToM.
1031 199 1055 229 ι.
1078 197 1211 230 HAER.
1233 198 1356 229 inn.
1629 186 1709 226 223

170 291 311 317 nomen
345 276 492 332 accepi.
557 275 704 317 Horum
733 290 828 316 vero
859 276 1032 317 haeresis
1067 279 1112 318 ad
1142 277 1355 333 Epipbanis
1389 278 1525 331 dogma
1556 277 1712 317 consor-

168 352 271 386 mata
295 345 463 396 videtur,
493 346 540 386 de
562 359 636 399 qno
662 345 697 385 in
721 344 999 386 Gnosticorum
1024 354 1131 386 secta
1153 360 1373 386 sermonem
1394 353 1506 386 antea
1534 345 1708 386 fecimus.

168 410 289 453 Iidem
315 413 493 454 diversos
515 427 568 454 ex
587 420 722 454 vetere
745 427 924 468 novoque
949 409 1181 454 testamento
1205 414 1323 454 libros
1347 414 1583 454 adsciscunt.
1628 413 1713 454 Nu-

169 482 268 537 ptias
299 483 523 538 repudiant,
558 495 683 536 neque
709 488 837 522 tamen
867 482 1048 523 obscenis
1075 482 1295 522 libidinibus
1320 483 1473 522 modum
1505 483 1619 523 ullum
1648 485 1713 523 ad-

170 550 324 600 hibent,
361 551 534 605 adeoque
559 550 661 590 omni
690 564 836 604 genere
863 550 1071 605 spurcitiae
1100 558 1139 591 et
1163 564 1304 604 corpus
1331 565 1440 590 suum
1474 559 1512 591 et
1544 559 1711 592 mentem

169 619 414 674 animamque
451 618 733 660 contaminant.
797 617 964 672 Quidam
1001 619 1102 659 enim
1138 632 1189 658 ex
1224 618 1270 658 iis
1310 620 1562 660 monasticam
1597 623 1712 661 vitam

169 688 298 742 specie
332 689 415 743 ipsa
453 688 705 743 profitentur,
747 687 955 742 itidemque
995 687 1177 727 mulieres
1217 687 1316 727 idem
1359 688 1460 728 vitae
1499 688 1713 730 institutum

168 757 411 810 praeferunt.
475 753 552 809 Qui
576 770 712 796 omnes
746 756 938 810 corruptis
960 762 1049 796 sunt
1072 755 1326 810 corporibus,
1361 756 1457 795 adeo
1488 765 1526 797 ut
1552 772 1637 798 enm
1670 759 1714 799 li-

169 823 338 865 bidinem
367 825 439 880 ipsi
468 839 574 866 suam
600 824 806 878 expleant,
844 824 1017 874 lacinus,
1051 831 1093 865 ut
1116 823 1318 864 honestius
1342 824 1480 876 (licam,
1514 826 1604 866 illud
1628 842 1713 881 per-

170 900 325 947 petrent
349 894 448 948 quod
481 891 599 933 ludae
628 893 726 933 filius
752 890 862 934 Onas
885 892 1088 933 admisisse
1111 893 1267 946 legitur.
1330 892 1433 933 'Nam
1461 900 1501 934 ut
1529 894 1600 935 iste
1629 910 1712 936 eum

169 960 366 1002 Thamare
398 961 526 1002 coibat
557 975 602 1002 ac
634 960 781 1001 libidini
813 975 907 1001 suae
938 960 1223 1012 satisfaciebat,
1267 975 1391 1016 neque
1423 962 1625 1017 quicquam
1660 970 1713 1003 ta-

170 1044 257 1070 men
285 1031 330 1070 ad
360 1029 677 1085 propagationem
701 1029 870 1080 sobolis,
905 1029 1120 1070 cuiusmodi
1146 1029 1363 1070 bominibus
1386 1044 1406 1070 e
1431 1032 1502 1071 deo
1526 1046 1713 1072 concessa

170 1105 252 1149 est,
287 1098 496 1149 efficiebat,
532 1099 609 1138 imo
637 1112 731 1139 vero
761 1098 834 1138 sibi
867 1112 913 1138 eo
939 1098 1022 1154 ipso
1048 1098 1184 1149 modo,
1221 1113 1295 1153 quo
1318 1099 1502 1153 flagitium
1527 1100 1617 1141 illud
1651 1116 1715 1155 pa-

172 1166 321 1217 trabat,
357 1167 627 1208 consciscebat
658 1166 861 1208 iniuriam:
897 1167 953 1207 sic
977 1164 1208 1221 Origeniani
1233 1167 1270 1207 in
1299 1168 1525 1208 detestanda
1551 1169 1613 1209 illa
1645 1185 1714 1209 sua

170 1234 326 1276 libidine
350 1236 624 1276 committenda
649 1236 828 1276 usitatam
853 1233 1050 1276 Venerem
1079 1236 1258 1291 persequi
1284 1237 1427 1277 solent.
1489 1236 1581 1278 Non
1613 1239 1712 1278 enim

170 1303 224 1345 illi
253 1305 495 1355 castitatem,
538 1305 605 1345 sed
644 1304 835 1345 castitatis
873 1304 1181 1356 simulationem,
1225 1305 1284 1345 cui
1318 1305 1416 1346 falso
1449 1320 1591 1346 nomen
1624 1307 1713 1347 illud

170 1372 373 1423 tribuitur,
408 1387 500 1428 prae
528 1387 571 1414 se
601 1374 745 1413 ferunt.
810 1371 921 1426 Quae
956 1373 991 1414 id
1024 1374 1204 1424 affectat,
1238 1381 1302 1425 ut,
1337 1388 1435 1428 quae
1464 1382 1715 1430 constuprata

172 1442 222 1482 sit
242 1441 403 1492 mulier,
436 1456 655 1497 praegnans
680 1456 756 1482 non
782 1442 870 1491 fiat,
904 1449 969 1482 aut
995 1456 1042 1482 ne
1071 1444 1171 1482 fetus
1195 1442 1335 1496 aliquid
1367 1443 1513 1497 pariat,
1548 1458 1647 1485 neve
1678 1445 1715 1484 id

171 1510 348 1551 homines
381 1510 617 1562 resciscant3
653 1510 749 1564 apud
780 1524 875 1564 quos
900 1524 971 1550 suo
995 1510 1060 1550 illo
1084 1511 1362 1561 castimoniae,
1398 1519 1438 1552 ut
1467 1519 1620 1567 putant,
1656 1513 1715 1553 in-

171 1578 306 1619 stituto
331 1579 367 1618 in
392 1579 517 1633 pretio
538 1586 654 1633 atque
677 1578 970 1619 existimatione
994 1593 1082 1619 esse
1107 1579 1280 1634 eupiunt.
1325 1581 1454 1634 Atque
1480 1581 1551 1621 boc
1575 1581 1714 1622 nihilo-

171 1646 299 1688 minus
329 1662 425 1702 opus
455 1647 608 1688 illorum
640 1654 700 1687 est
731 1661 776 1687 ac
804 1647 968 1688 facinus.
1034 1646 1113 1689 Sed
1141 1647 1205 1688 alii
1236 1655 1382 1703 turpem
1415 1648 1517 1689 illam
1550 1650 1714 1704 flagitio-

171 1729 332 1770 samque
354 1729 434 1756 rem
460 1716 534 1756 alia
557 1715 708 1756 ratione
732 1729 845 1769 quam
870 1730 954 1756 cum
980 1716 1206 1756 mulieribus
1229 1725 1435 1768 exercent,
1470 1732 1515 1758 ac
1537 1718 1618 1758 suis
1641 1719 1714 1773 ipsi

170 1783 349 1824 manibus
382 1785 427 1824 ad
451 1784 673 1824 foeditatem
699 1783 923 1824 abutuntur.
986 1783 1073 1825 Nec
1103 1784 1228 1825 minus
1251 1785 1313 1825 isti
1340 1784 1480 1837 ludae,
1514 1800 1627 1840 quem
1660 1787 1714 1826 di—

171 1851 318 1904 ximus,
353 1853 553 1893 imitantur
574 1852 714 1904 filinm,
749 1853 835 1893 dum
860 1853 1020 1894 nefariis
1043 1853 1124 1894 suis
1147 1853 1377 1905 sceleribus,
1411 1862 1450 1894 et
1469 1854 1716 1896 abominandi

171 1920 345 1961 humoris
371 1921 632 1962 destillatione
658 1928 799 1962 terram
826 1922 1122 1972 commaculant,
1156 1922 1232 1962 imo
1255 1937 1350 1963 vero
1372 1923 1601 1978 profluvium
1625 1924 1715 1965 illud

171 2003 281 2030 suum
306 1989 346 2030 in
372 1989 457 2030 solo
488 1991 649 2046 pedibus
680 1997 887 2041 exterunt,
922 2004 970 2031 ne
997 1997 1218 2046 surreptum
1250 1991 1297 2032 ab
1322 1991 1483 2048 impuris
1515 1993 1714 2048 spiritibus

172 2058 219 2099 ad
252 2058 365 2099 ullam
397 2059 496 2099 fetus
529 2059 839 2111 procreationem
872 2059 995 2114 possit
1025 2059 1170 2115 excipi.

286 2123 472 2168 Ceterum
506 2129 661 2179 varios,
704 2128 757 2168 uti
789 2127 892 2179 dixi,
932 2135 1009 2169 tam
1044 2128 1188 2170 veteris
1223 2144 1334 2184 quam
1372 2130 1462 2170 novi
1495 2130 1717 2171 testamenti

175 2194 296 2236 libros
323 2195 528 2247 adhibent,
565 2210 637 2237 nec
670 2211 745 2236 non
783 2203 821 2236 et
853 2197 1096 2253 apocryphos
1130 2199 1340 2252 quosdam,
1381 2198 1488 2239 velut
1513 2199 1713 2250 Andreae,

174 2269 214 2304 et
237 2254 399 2304 aliorum
425 2265 566 2306 Actus.
631 2263 750 2305 Iidem
778 2272 817 2306 et
843 2266 888 2306 de
913 2265 1062 2307 incesta
1086 2266 1150 2307 illa
1174 2280 1243 2307 sua
1265 2265 1426 2307 Venere
1452 2266 1573 2322 palam
1600 2267 1714 2308 etiam

174 2331 331 2386 gloriari
367 2347 444 2374 uon
473 2334 671 2384 dubitant,
714 2341 750 2374 et
784 2348 869 2374 eam
897 2335 1082 2375 audacter
1107 2349 1153 2375 ac
1182 2336 1268 2376 sine
1297 2336 1373 2376 ullo
1404 2337 1548 2391 pudore
1581 2350 1715 2392 perpe-

176 2406 293 2442 trant.
357 2399 515 2443 Interim
539 2416 635 2443 vero
659 2402 871 2443 catholicos
895 2402 982 2443 illos
1008 2403 1172 2445 clericos
1195 2412 1401 2455 accusant,
1437 2404 1498 2458 qui
1523 2403 1711 2457 Dilectas,

175 2483 268 2524 quas
299 2478 465 2522 vocant,
499 2478 538 2511 et
567 2468 882 2512 Contubernales
916 2472 1080 2513 feminas
1116 2472 1361 2524 adsciscunt3
1407 2486 1502 2527 quos
1534 2482 1715 2515 asserunt

175 2539 387 2580 clanculum
413 2540 511 2580 istud
535 2540 658 2594 ipsum
685 2547 842 2595 propter
867 2540 1062 2581 hominum
1095 2542 1278 2596 pudorem
1304 2541 1569 2593 committere,
1606 2550 1646 2583 ut
1676 2551 1715 2583 et.

176 2622 260 2649 cum
293 2608 462 2663 nequitia
495 2608 558 2648 illa
582 2608 844 2664 sepeliantur,
879 2616 917 2650 et
939 2609 1069 2665 specie
1097 2617 1232 2660 tenus,
1267 2609 1315 2649 ob
1340 2609 1500 2650 aliorum
1523 2624 1714 2653 verecun-

177 2677 292 2728 diam,
328 2676 518 2718 castitatis
543 2677 697 2717 nomine
719 2678 951 2732 glorientur.
1015 2679 1075 2719 Ac
1098 2678 1271 2719 nonnulli
1293 2692 1344 2718 ex
1367 2677 1414 2717 iis
1439 2685 1568 2720 certos
1592 2679 1713 2720 bomi-

177 2759 270 2797 nes,
305 2746 366 2800 qui
395 2746 468 2786 iam
494 2746 573 2786 vita
600 2746 716 2786 functi
744 2753 855 2797 sunt,
890 2747 934 2787 ad
970 2761 1029 2788 me
1065 2747 1286 2787 detulerunt
1316 2760 1336 2785 a
1362 2746 1498 2800 quibus
1534 2749 1713 2790 commis-

178 2827 261 2854 sum
294 2814 365 2855 hoc
398 2814 530 2869 flagitii
559 2828 682 2869 genus
712 2815 969 2866 affirmarent,
1005 2815 1119 2869 idque
1142 2829 1185 2856 se
1212 2815 1258 2854 ab
1283 2814 1375 2869 ipsis
1408 2830 1502 2869 quas
1528 2816 1580 2857 illi
1609 2831 1714 2858 com-

223 2901 254 2936 4.
280 2907 375 2937 Verba
398 2900 423 2949 ἦ
445 2903 531 2939 κατὰ
556 2923 641 2931 ---
664 2904 697 2939 ἐν
724 2905 772 2951 τῷ
796 2903 918 2950 κόσμῳ
1012 2906 1089 2938 Cn.
1111 2906 1151 2937 11.
1177 2923 1220 2929 -
1270 2905 1298 2938 1.
1332 2907 1374 2937 De
1396 2909 1575 2946 synei'saceis
1604 2911 1713 2941 mulie-

178 2959 238 2982 non
261 2955 436 2990 comparent
460 2953 492 2982 in
516 2953 586 2983 edit.
611 2953 741 2984 petavii.
968 2954 1054 2984 ribus
1076 2961 1104 2982 υ.
1130 2952 1291 2982 διιὶεενιιπι
1313 2952 1346 2983 in
1371 2953 1524 2985 Thesauro
1553 2964 1578 2986 s.
1601 2964 1652 2994 v.,
1688 2958 1715 2986 et

181 2996 261 3075 dvi}
280 2996 364 3085 {bibzi
384 2998 486 3080 ιὲυῑέἒιῖι
505 2995 630 3031 ἑαυτῶν
660 2995 773 3040 ῥύσεις
796 2996 922 3031 ἑαυτῶν
968 3007 1043 3038 quos
1072 2999 1145 3028 citat
1167 2998 1309 3030 Olearius
1331 2998 1363 3029 in
1385 2999 1562 3031 Philostrat.
1583 3010 1616 3040 p.
1635 2998 1711 3033 446.

263 3052 279 3084 ρ
319 3053 334 3074 0
352 3052 388 3074 τε
489 3065 496 3074 .

1734 905 1808 933 Gen.
1820 906 1862 941 38,
1876 907 1899 934 9.

1744 2136 1822 2181 Cap.
1850 2139 1892 2171 ΙΙ.
