2066 3319
512 208 690 239 PANARII
714 207 796 239 ΜΒ.
820 208 860 239 n.
885 209 992 240 ToM.
1013 211 1035 240 1.
1062 209 1190 241 men.
1212 209 1313 242 Lvn.
1605 201 1678 241 161

251 286 564 328 Animadvertite
593 287 718 336 enim,
754 288 896 327 fratres
927 288 1140 340 carissimi,
1174 289 1261 343 quid
1288 296 1377 329 ante
1406 289 1596 344 scriptura
1629 289 1683 329 di·
1709 287 1874 330 Cap.v11.

142 356 264 405 xerit‚
299 369 367 395 seu
394 355 522 409 potius
548 355 725 395 dominus
750 354 849 409 ipse,
886 363 921 395 ut
949 356 1057 396 initio
1086 358 1219 411 capitis
1242 357 1426 411 scriptum
1451 365 1524 397 est.
1576 355 1683 399 Unde

144 438 194 464 cx
217 422 421 463 verissima
446 423 526 473 illa,
561 437 657 477 quae
681 424 718 463 in
747 431 826 463 toto
849 424 974 479 eapite
1001 433 1074 476 est,
1110 425 1333 465 narratione
1360 434 1681 481 argumentoque,

143 489 367 533 Christiana
392 492 484 531 fides
510 498 570 531 est
597 494 951 533 commonstranda.
1015 492 1082 534 Sic
1112 494 1212 534 enim
1245 494 1319 534 ait:
1364 499 1600 547 Interrogare
1631 510 1685 534 me
1703 502 1773 550 lsai«.
1793 502 1836 537 45,
1856 504 1886 531 11

142 563 187 600 de
213 562 317 612 filiis
348 564 437 599 meis
468 568 505 599 et
528 561 713 611 filiabus,
758 569 794 599 ct
829 564 873 600 de
906 564 1078 614 operibus
1113 576 1284 601 mauman
1317 578 1479 602 meat-um
1515 567 1685 603 mandate
1754 546 1817 572 *¹111-

142 631 244 668 mihi.
307 631 392 680 Ego
415 630 520 682 feci,
562 629 706 683 inquit,
749 638 907 678 terram,
948 639 984 669 et
1017 633 1196 669 homiuem
1229 634 1266 669 iu
1301 634 1393 682 ipsa.
1458 635 1543 683 Ego
1574 647 1684 672 manu

142 712 220 737 mea
248 698 410 749 fundavi
425 700 589 745 coelum,
625 713 693 749 ego
724 700 891 737 omnibus
915 701 1036 738 stellis
1062 702 1261 750 praecepi,
1296 714 1366 750 ego
1396 703 1578 739 suscitavi
1604 716 1685 740 cum

143 769 287 806 iustitia
320 781 468 818 regem,
510 774 549 805 et
575 782 698 806 omues
733 770 814 806 viae
841 770 919 806 eius
949 775 1086 806 rectae.
1151 771 1225 806 Istc
1257 769 1471 820 aedificabit
1502 772 1684 808 civitatem

142 850 277 883 meam,
312 843 348 874 et
371 838 622 887 captivitatem
655 843 866 874 convertet:
901 851 973 875 non
1009 850 1090 875 cum
1121 840 1266 887 pretio,
1301 851 1373 875 uon
1409 851 1490 875 cum
1525 841 1687 876 muneri-

143 905 231 952 bus,
266 907 321 943 ait
341 907 510 944 domiuus
532 907 778 943 emercz'tmcm.
843 902 995 944 Deinde
1020 904 1171 954 subdit,
1205 906 1409 944 Laborat-it
1431 909 1631 957 Aegyptus
1653 914 1688 945 et

142 975 414 1024 negoteate‘ones
433 975 674 1025 Aethiopum,
711 979 749 1012 et
772 980 917 1013 cetera.
982 975 1161 1024 Quoniam
1186 976 1222 1012 iu
1247 982 1280 1012 te
1300 976 1390 1013 deus
1410 982 1478 1013 est.
1543 971 1587 1013 ln
1612 988 1686 1027 quo

142 1055 238 1082 vero
261 1041 335 1082 alio
359 1056 471 1096 quam
497 1042 534 1081 in
559 1048 721 1096 paterno
745 1042 865 1082 verbo
891 1042 1002 1081 deum
1028 1041 1159 1082 inesse
1181 1042 1378 1083 dicemus?
1419 1041 1525 1082 Vere
1550 1042 1688 1097 quippe

144 1111 238 1150 deus
266 1110 426 1151 verbum
461 1110 559 1150 filius
585 1116 669 1161 est,
703 1110 741 1149 in
770 1124 891 1164 eoque
922 1110 1174 1165 cognoscitur
1202 1118 1333 1165 pater,
1368 1112 1687 1165 quemadmodum

145 1179 225 1234 ipse
254 1186 441 1220 testatur:
478 1181 554 1230 Qui
573 1181 667 1218 vidit
688 1194 764 1227 me,
799 1181 892 1217 vidit
919 1187 957 1218 et
976 1188 1137 1231 patrem.
1204 1177 1323 1220 ltem:
1358 1183 1441 1231 Ego
1469 1181 1893 1247 glorfficaviffggpg-hh}-

143 1262 274 1288 nomen
298 1256 398 1287 tuum
425 1251 462 1287 in
486 1256 602 1287 terra.
668 1245 842 1288 Deinde:
876 1250 960 1299 Ego
984 1251 1168 1287 suscitavi
1185 1263 1324 1299 regem.
1391 1247 1434 1288 ln
1458 1263 1532 1303 quo
1558 1262 1686 1289 nonne
1706 1254 1776 1282 lsai.
1792 1242 1836 1289 45,
1848 1242 1893 1283 '132

145 1317 338 1372 propriam
365 1316 484 1372 patris
508 1330 643 1356 vocem
671 1317 877 1370 agnoscis,
913 1331 1011 1371 quae
1040 1332 1174 1357 verum
1204 1332 1254 1358 ex
1280 1331 1369 1357 sese
1394 1318 1554 1358 verbum
1582 1317 1690 1358 exci-

145 1393 231 1426 tans
259 1400 390 1440 regem
423 1385 592 1426 omnium
625 1385 847 1436 constituit,
882 1399 969 1425 eum
1004 1386 1151 1426 seilicet
1183 1400 1295 1440 quem
1321 1400 1415 1426 vere
1448 1400 1500 1426 ex
1531 1400 1572 1426 se
1605 1387 1690 1427 sine

144 1453 222 1494 ullo
255 1454 365 1494 initio
399 1468 442 1494 ac
475 1461 649 1509 tempore
683 1454 846 1507 genuit?
905 1452 982 1507 Qui
1013 1455 1164 1508 quidem
1193 1455 1357 1495 eundem
1389 1469 1526 1495 rursus
1556 1469 1688 1509 regem

146 1522 360 1574 excitavit,
395 1529 436 1563 ut
457 1523 656 1578 apostolus
681 1523 738 1562 his
765 1521 896 1563 verbis
920 1523 1139 1577 expressit:
1187 1526 1330 1573 Quodsi
1347 1527 1503 1575 spiritus
1526 1527 1605 1563 eius
1625 1527 1694 1576 qui
1708 1530 1793 1559 Rom.
1806 1531 1832 1567 8,
1852 1533 1892 1561 11.

145 1594 343 1630 suscitavit
365 1593 554 1630 Christum
575 1605 598 1630 a
620 1594 779 1630 mortuis
799 1592 944 1630 habitat
967 1595 1004 1630 iu
1037 1593 1138 1631 vobis
1150 1610 1162 1640 ,-
1196 1595 1264 1644 qui
1283 1595 1481 1631 suscitavit
1501 1594 1690 1631 Christum

146 1675 168 1699 a
190 1663 368 1708 mortuis,
404 1661 609 1712 vivificabit
628 1668 665 1699 et
684 1662 857 1699 mortalia
879 1674 1038 1712 corpora
1058 1668 1181 1700 vestra
1200 1676 1272 1712 per
1292 1662 1557 1700 inhabitantem
1578 1664 1691 1713 spiri-

148 1737 222 1768 tum
245 1744 351 1768 suum
377 1732 414 1768 in
446 1730 561 1768 vobis.
625 1727 678 1770 Ut
701 1736 739 1768 et
770 1729 1045 1784 prophetarum
1079 1730 1233 1770 oracula
1261 1744 1345 1770 cum
1373 1729 1618 1785 apostolicis,
1654 1736 1691 1769 et

148 1797 361 1852 apostolica
389 1812 474 1838 cum
500 1797 764 1851 evangelicis,
807 1805 843 1837 et
878 1798 1105 1851 evangelica
1136 1813 1220 1838 cum
1255 1797 1503 1853 apostolicis,
1537 1805 1692 1854 aposto—

148 1865 223 1906 lica
251 1866 416 1920 denique
451 1881 535 1906 cum
572 1865 806 1921 propheticis
843 1866 1102 1906 consentiant.
1165 1865 1372 1920 Sequitur:
1417 1869 1611 1906 Suscitavi
1632 1882 1692 1907 re·
1709 1876 1779 1904 lsai.
1797 1877 1894 1913 4213.

145 1949 244 1986 gem.
309 1933 361 1974 Et
394 1935 453 1975 hie
485 1934 703 1975 declaratur
732 1934 794 1974 ille
822 1935 884 1988 qui
911 1932 1107 1975 Christum
1134 1949 1155 1975 a
1180 1936 1341 1976 mortuis
1370 1935 1575 1976 excitavit.
1637 1936 1693 1976 At

149 2017 233 2043 cum
261 2003 374 2054 dicit,
408 2007 452 2043 Iu
480 2012 514 2042 te
541 2006 631 2042 deus
656 2011 732 2051 est,
769 2010 911 2057 quanto
939 2018 1022 2044 cum
1056 2005 1268 2059 mysterio,
1303 2018 1494 2058 quamque
1523 2003 1688 2045 admira-
1701 2013 1834 2050 Isai.45,
1853 2016 1895 2044 14.

147 2071 276 2112 biliter
309 2071 437 2112 omnia
470 2072 662 2127 scriptura
695 2086 807 2112 sacra
841 2073 1045 2127 proponit?
1103 2071 1259 2113 Etenim
1296 2072 1334 2112 in
1368 2087 1484 2113 carne
1515 2073 1622 2113 velut
1652 2074 1690 2114 in

149 2141 290 2195 templo
312 2141 475 2195 quodam
504 2140 803 2196 praevidebatur
827 2147 941 2195 atque
967 2140 1161 2181 hominum
1187 2142 1269 2196 spei
1299 2155 1368 2196 per
1391 2142 1689 2183 conversionem

149 2210 194 2250 ad
225 2210 337 2250 deum
375 2210 653 2250 ostendebatur
688 2208 887 2250 divinitas.
952 2207 1150 2264 Siquidem
1181 2210 1240 2250 dei
1276 2210 1375 2250 filius
1408 2225 1452 2251 ae
1484 2211 1577 2251 deus
1608 2211 1690 2266 ipse

148 2278 334 2329 verbum,
369 2278 477 2333 quasi
503 2279 540 2319 in
566 2285 700 2319 sancta
726 2278 885 2332 quadam
912 2278 1005 2319 urbe
1031 2279 1292 2333 religiosoque
1318 2279 1474 2333 templo,
1509 2279 1687 2320 nimirum

147 2346 186 2387 in
223 2354 418 2402 assumpta
452 2347 616 2387 hominis
646 2354 785 2387 natura
814 2354 852 2387 et
880 2347 1146 2388 incarnatione
1175 2348 1269 2388 deus
1298 2348 1497 2398 existens,
1531 2347 1569 2387 in
1601 2362 1688 2388 san-

148 2416 322 2456 ctissimo
356 2416 511 2470 inquam
541 2415 682 2470 templo
711 2415 886 2456 habitans
918 2416 970 2456 ita
1000 2416 1190 2471 loquitur:
1235 2419 1376 2455 Solvite
1399 2418 1569 2467 templum
1598 2419 1682 2466 hoc,
1701 2421 1892 2457 toann.2‚19.

149 2492 187 2523 et
209 2487 246 2524 in
270 2486 390 2524 tribus
413 2486 542 2524 diebus
564 2485 734 2524 est-citabo
766 2487 873 2523 illud.
939 2483 1134 2538 Quoniam
1166 2498 1235 2540 per
1266 2485 1493 2540 mysterium
1526 2485 1686 2526 admini-

149 2559 246 2593 strat
272 2553 400 2593 omnia
426 2568 511 2593 cum
538 2566 655 2593 carne
686 2552 827 2593 missus
851 2567 872 2593 a
897 2553 1034 2609 spiritu
1066 2555 1160 2594 deus
1188 2553 1371 2603 verbum,
1405 2559 1519 2606 atque
1550 2554 1687 2595 aretis-

150 2621 286 2662 simum
316 2621 489 2662 caritatis
519 2636 662 2662 nexum
698 2622 907 2662 ostendens
941 2622 1082 2673 allicit,
1118 2637 1202 2663 eum
1238 2635 1280 2662 se
1317 2621 1543 2675 praesertim
1575 2631 1687 2664 exte-

150 2691 284 2730 nuavit
316 2704 478 2745 magnus
502 2690 582 2746 ipse
609 2692 726 2742 deus,
760 2690 998 2746 verbumque
1027 2691 1072 2731 de
1098 2691 1247 2745 virgine
1277 2690 1498 2731 interventu
1529 2692 1686 2746 spiritus

151 2758 273 2799 sancti
297 2759 451 2813 genitus
479 2759 539 2799 dei
564 2759 686 2811 filius,
721 2759 783 2813 qui
811 2774 908 2800 unus
936 2767 1050 2814 atque
1081 2760 1180 2800 idem
1211 2771 1298 2798 sese
1325 2772 1441 2799 carne
1473 2759 1686 2815 spirituque

152 2827 329 2882 perfecit.
391 2825 480 2881 Quo
502 2828 592 2868 illud
621 2827 810 2882 pertinet:
846 2831 920 2879 Qui
939 2831 1145 2875 descendit,
1180 2830 1258 2879 ipse
1279 2834 1337 2865 est
1363 2835 1401 2866 et
1426 2831 1493 2880 qui
1518 2832 1886 2875 ascendittoanu.3,1³.

139 2896 253 2946 filius
283 2899 460 2945 hominis,
494 2900 562 2949 qui
587 2904 643 2936 est
673 2900 710 2936 in
741 2899 855 2937 coelo.

197 3043 229 3077 3.
262 3044 358 3083 Vulgo
381 3046 444 3076 sine
471 3045 661 3077 distinctione
695 3043 775 3083 θεὸς
800 3041 897 3087 λόγος
920 3039 1120 3081 ἀποσταλεὶς
1148 3047 1211 3075 cett.

223 3099 339 3134 Corpus
361 3098 538 3126 Haereseol.
560 3098 595 3126 ΙΙ.
615 3099 639 3126 2.
1367 3107 1410 3143 11
