<?xml version="1.0" encoding="UTF-8"?>
<!DOCTYPE html PUBLIC "-//W3C//DTD XHTML 1.0 Transitional//EN"
    "http://www.w3.org/TR/xhtml1/DTD/xhtml1-transitional.dtd">
<html xmlns="http://www.w3.org/1999/xhtml" xml:lang="en" lang="en">
 <head>
  <title>
</title>
<meta http-equiv="Content-Type" content="text/html;charset=utf-8" />
  <meta name='ocr-system' content='tesseract 3.04.00' />
  <meta name='ocr-capabilities' content='ocr_page ocr_carea ocr_par ocr_line ocrx_word'/>
</head>
<body>
  <div class='ocr_page' id='page_1' title='image "./p2corporishaereseo02epipuoft/p2corporishaereseo02epipuoft_0445.png"; bbox 0 0 2066 3319; ppageno 0'>
   <div class='ocr_carea' id='block_1_1' title="bbox 518 197 1709 237">
    <p class='ocr_par' dir='ltr' id='par_1_1' title="bbox 518 197 1709 237">
     <span class='ocr_line' id='line_1_1' title="bbox 518 197 1709 237; baseline 0.004 -5"><span class='ocrx_word' id='word_1_1' title='bbox 518 199 698 233; x_wconf 81' lang='lat' dir='ltr'>PANARH</span> <span class='ocrx_word' id='word_1_2' title='bbox 723 200 805 234; x_wconf 77' lang='lat' dir='ltr'>Lm.</span> <span class='ocrx_word' id='word_1_3' title='bbox 825 202 865 232; x_wconf 88' lang='lat' dir='ltr'>n.</span> <span class='ocrx_word' id='word_1_4' title='bbox 892 202 999 234; x_wconf 84' lang='lat' dir='ltr'><strong>TOM.</strong></span> <span class='ocrx_word' id='word_1_5' title='bbox 1020 203 1058 234; x_wconf 87' lang='lat'>11.</span> <span class='ocrx_word' id='word_1_6' title='bbox 1085 202 1354 237; x_wconf 79' lang='lat' dir='ltr'><strong>HAER.LXV1.</strong></span> <span class='ocrx_word' id='word_1_7' title='bbox 1629 197 1709 237; x_wconf 82' lang='lat'>423</span> 
     </span>
    </p>
   </div>
   <div class='ocr_carea' id='block_1_2' title="bbox 155 277 1891 2806">
    <p class='ocr_par' dir='ltr' id='par_1_2' title="bbox 155 277 1891 2740">
     <span class='ocr_line' id='line_1_2' title="bbox 170 277 1708 338; baseline 0.003 -17"><span class='ocrx_word' id='word_1_8' title='bbox 170 281 292 322; x_wconf 84' lang='lat' dir='ltr'>altero</span> <span class='ocrx_word' id='word_1_9' title='bbox 319 292 538 320; x_wconf 87' lang='lat' dir='ltr'>commune.</span> <span class='ocrx_word' id='word_1_10' title='bbox 594 277 719 333; x_wconf 80' lang='lat' dir='ltr'>Igitur</span> <span class='ocrx_word' id='word_1_11' title='bbox 740 294 761 320; x_wconf 91' lang='lat' dir='ltr'>a</span> <span class='ocrx_word' id='word_1_12' title='bbox 783 294 826 321; x_wconf 91' lang='lat' dir='ltr'>se</span> <span class='ocrx_word' id='word_1_13' title='bbox 852 280 915 320; x_wconf 88' lang='lat' dir='ltr'>illa</span> <span class='ocrx_word' id='word_1_14' title='bbox 943 288 1071 322; x_wconf 85' lang='lat' dir='ltr'>mutua</span> <span class='ocrx_word' id='word_1_15' title='bbox 1095 297 1269 338; x_wconf 82' lang='lat' dir='ltr'>separas,</span> <span class='ocrx_word' id='word_1_16' title='bbox 1305 297 1429 338; x_wconf 88' lang='lat' dir='ltr'>neque</span> <span class='ocrx_word' id='word_1_17' title='bbox 1454 283 1607 325; x_wconf 89' lang='lat' dir='ltr'>dubium</span> <span class='ocrx_word' id='word_1_18' title='bbox 1634 291 1708 335; x_wconf 89' lang='lat' dir='ltr'>est,</span> 
     </span>
     <span class='ocr_line' id='line_1_3' title="bbox 171 347 1711 405; baseline 0.004 -17"><span class='ocrx_word' id='word_1_19' title='bbox 171 347 502 403; x_wconf 89' lang='lat' dir='ltr'>quandoquidem,</span> <span class='ocrx_word' id='word_1_20' title='bbox 538 354 578 388; x_wconf 93' lang='lat' dir='ltr'>ut</span> <span class='ocrx_word' id='word_1_21' title='bbox 610 347 728 399; x_wconf 87' lang='lat' dir='ltr'>dicis,</span> <span class='ocrx_word' id='word_1_22' title='bbox 769 349 966 389; x_wconf 84' lang='lat' dir='ltr'>contraria</span> <span class='ocrx_word' id='word_1_23' title='bbox 1001 359 1104 391; x_wconf 90' lang='lat' dir='ltr'>sunt.</span> <span class='ocrx_word' id='word_1_24' title='bbox 1168 352 1288 405; x_wconf 88' lang='lat' dir='ltr'>Atqui</span> <span class='ocrx_word' id='word_1_25' title='bbox 1318 353 1349 392; x_wconf 90' lang='lat' dir='ltr'>si</span> <span class='ocrx_word' id='word_1_26' title='bbox 1385 367 1435 392; x_wconf 67' lang='lat' dir='ltr'>ex</span> <span class='ocrx_word' id='word_1_27' title='bbox 1473 359 1611 394; x_wconf 86' lang='lat' dir='ltr'>natura</span> <span class='ocrx_word' id='word_1_28' title='bbox 1641 367 1711 394; x_wconf 90' lang='lat' dir='ltr'>sua</span> 
     </span>
     <span class='ocr_line' id='line_1_4' title="bbox 170 418 1710 472; baseline 0.003 -15"><span class='ocrx_word' id='word_1_29' title='bbox 170 431 244 457; x_wconf 91' lang='lat' dir='ltr'>una</span> <span class='ocrx_word' id='word_1_30' title='bbox 267 422 490 466; x_wconf 87' lang='lat' dir='ltr'>versentur,</span> <span class='ocrx_word' id='word_1_31' title='bbox 524 429 769 470; x_wconf 89' lang='lat' dir='ltr'>consequens</span> <span class='ocrx_word' id='word_1_32' title='bbox 793 424 853 457; x_wconf 90' lang='lat' dir='ltr'>cst</span> <span class='ocrx_word' id='word_1_33' title='bbox 878 425 917 457; x_wconf 90' lang='lat' dir='ltr'>ut</span> <span class='ocrx_word' id='word_1_34' title='bbox 939 425 977 458; x_wconf 91' lang='lat' dir='ltr'>et</span> <span class='ocrx_word' id='word_1_35' title='bbox 997 418 1117 460; x_wconf 81' lang='lat' dir='ltr'>amice</span> <span class='ocrx_word' id='word_1_36' title='bbox 1140 419 1306 460; x_wconf 83' lang='lat' dir='ltr'>invicem</span> <span class='ocrx_word' id='word_1_37' title='bbox 1333 422 1594 472; x_wconf 76' lang='lat' dir='ltr'>consentiant,</span> <span class='ocrx_word' id='word_1_38' title='bbox 1628 436 1710 462; x_wconf 92' lang='lat' dir='ltr'>mu-</span> 
     </span>
     <span class='ocr_line' id='line_1_5' title="bbox 169 484 1710 544; baseline 0.004 -19"><span class='ocrx_word' id='word_1_39' title='bbox 169 492 309 539; x_wconf 89' lang='lat' dir='ltr'>tuaque</span> <span class='ocrx_word' id='word_1_40' title='bbox 344 484 618 525; x_wconf 87' lang='lat' dir='ltr'>coniunctione</span> <span class='ocrx_word' id='word_1_41' title='bbox 650 499 694 525; x_wconf 89' lang='lat' dir='ltr'>ac</span> <span class='ocrx_word' id='word_1_42' title='bbox 726 486 1007 527; x_wconf 89' lang='lat' dir='ltr'>cousuetudine</span> <span class='ocrx_word' id='word_1_43' title='bbox 1035 487 1258 537; x_wconf 84' lang='lat' dir='ltr'>socientur,</span> <span class='ocrx_word' id='word_1_44' title='bbox 1292 501 1417 542; x_wconf 89' lang='lat' dir='ltr'>neque</span> <span class='ocrx_word' id='word_1_45' title='bbox 1446 503 1466 528; x_wconf 92' lang='lat' dir='ltr'>a</span> <span class='ocrx_word' id='word_1_46' title='bbox 1498 503 1587 530; x_wconf 91' lang='lat' dir='ltr'>sese</span> <span class='ocrx_word' id='word_1_47' title='bbox 1618 504 1710 544; x_wconf 89' lang='lat' dir='ltr'>prae</span> 
     </span>
     <span class='ocr_line' id='line_1_6' title="bbox 167 552 1707 611; baseline 0.005 -19"><span class='ocrx_word' id='word_1_48' title='bbox 167 566 298 593; x_wconf 89' lang='lat' dir='ltr'>amore</span> <span class='ocrx_word' id='word_1_49' title='bbox 335 567 380 593; x_wconf 88' lang='lat' dir='ltr'>ac</span> <span class='ocrx_word' id='word_1_50' title='bbox 419 553 626 593; x_wconf 89' lang='lat' dir='ltr'>concordia</span> <span class='ocrx_word' id='word_1_51' title='bbox 665 552 912 594; x_wconf 77' lang='lat' dir='ltr'>divellantur.</span> <span class='ocrx_word' id='word_1_52' title='bbox 977 553 1090 608; x_wconf 90' lang='lat' dir='ltr'>Quod</span> <span class='ocrx_word' id='word_1_53' title='bbox 1126 556 1157 596; x_wconf 91' lang='lat' dir='ltr'>si</span> <span class='ocrx_word' id='word_1_54' title='bbox 1193 556 1358 596; x_wconf 84' lang='lat' dir='ltr'>invicem</span> <span class='ocrx_word' id='word_1_55' title='bbox 1392 565 1571 611; x_wconf 85' lang='lat' dir='ltr'>separata</span> <span class='ocrx_word' id='word_1_56' title='bbox 1603 566 1707 610; x_wconf 90' lang='lat' dir='ltr'>sunt,</span> 
     </span>
     <span class='ocr_line' id='line_1_7' title="bbox 169 621 1706 677; baseline 0.003 -16"><span class='ocrx_word' id='word_1_57' title='bbox 169 621 301 662; x_wconf 84' lang='lat' dir='ltr'>horum</span> <span class='ocrx_word' id='word_1_58' title='bbox 336 622 633 676; x_wconf 90' lang='lat' dir='ltr'>unumquodque</span> <span class='ocrx_word' id='word_1_59' title='bbox 666 621 813 662; x_wconf 88' lang='lat' dir='ltr'>linitum</span> <span class='ocrx_word' id='word_1_60' title='bbox 842 622 892 662; x_wconf 91' lang='lat' dir='ltr'>sit</span> <span class='ocrx_word' id='word_1_61' title='bbox 920 630 1085 676; x_wconf 82' lang='lat' dir='ltr'>oportet.</span> <span class='ocrx_word' id='word_1_62' title='bbox 1150 622 1263 677; x_wconf 93' lang='lat' dir='ltr'>Quod</span> <span class='ocrx_word' id='word_1_63' title='bbox 1296 632 1423 664; x_wconf 89' lang='lat' dir='ltr'>autem</span> <span class='ocrx_word' id='word_1_64' title='bbox 1455 626 1601 666; x_wconf 89' lang='lat' dir='ltr'>linitum</span> <span class='ocrx_word' id='word_1_65' title='bbox 1632 634 1706 677; x_wconf 91' lang='lat' dir='ltr'>est,</span> 
     </span>
     <span class='ocr_line' id='line_1_8' title="bbox 167 690 1708 747; baseline 0.004 -18"><span class='ocrx_word' id='word_1_66' title='bbox 167 690 380 743; x_wconf 78' lang='lat' dir='ltr'>perfectum</span> <span class='ocrx_word' id='word_1_67' title='bbox 411 704 486 729; x_wconf 93' lang='lat' dir='ltr'>non</span> <span class='ocrx_word' id='word_1_68' title='bbox 514 697 595 741; x_wconf 72' lang='lat' dir='ltr'>est,</span> <span class='ocrx_word' id='word_1_69' title='bbox 631 698 690 730; x_wconf 89' lang='lat' dir='ltr'>est</span> <span class='ocrx_word' id='word_1_70' title='bbox 725 690 826 730; x_wconf 88' lang='lat' dir='ltr'>enim</span> <span class='ocrx_word' id='word_1_71' title='bbox 864 691 938 731; x_wconf 87' lang='lat' dir='ltr'>[ine</span> <span class='ocrx_word' id='word_1_72' title='bbox 966 705 1037 731; x_wconf 90' lang='lat' dir='ltr'>suo</span> <span class='ocrx_word' id='word_1_73' title='bbox 1071 691 1421 747; x_wconf 86' lang='lat' dir='ltr'>circumscriptum.</span> <span class='ocrx_word' id='word_1_74' title='bbox 1486 693 1708 747; x_wconf 81' lang='lat' dir='ltr'>Quinetiam</span> 
     </span>
     <span class='ocr_line' id='line_1_9' title="bbox 167 757 1710 814; baseline 0.004 -17"><span class='ocrx_word' id='word_1_75' title='bbox 167 757 354 798; x_wconf 88' lang='lat' dir='ltr'>terminus</span> <span class='ocrx_word' id='word_1_76' title='bbox 389 758 526 812; x_wconf 88' lang='lat' dir='ltr'>aliquis</span> <span class='ocrx_word' id='word_1_77' title='bbox 554 758 810 813; x_wconf 87' lang='lat' dir='ltr'>requirendus</span> <span class='ocrx_word' id='word_1_78' title='bbox 837 758 933 810; x_wconf 91' lang='lat' dir='ltr'>erit,</span> <span class='ocrx_word' id='word_1_79' title='bbox 968 759 1030 813; x_wconf 93' lang='lat' dir='ltr'>qui</span> <span class='ocrx_word' id='word_1_80' title='bbox 1055 766 1259 814; x_wconf 90' lang='lat' dir='ltr'>utrumque</span> <span class='ocrx_word' id='word_1_81' title='bbox 1283 760 1463 812; x_wconf 87' lang='lat' dir='ltr'>definiat,</span> <span class='ocrx_word' id='word_1_82' title='bbox 1498 776 1570 813; x_wconf 92' lang='lat' dir='ltr'>ne,</span> <span class='ocrx_word' id='word_1_83' title='bbox 1604 763 1637 802; x_wconf 94' lang='lat' dir='ltr'>si</span> <span class='ocrx_word' id='word_1_84' title='bbox 1668 777 1710 804; x_wconf 89' lang='lat' dir='ltr'>se</span> 
     </span>
     <span class='ocr_line' id='line_1_10' title="bbox 165 826 1709 881; baseline 0.003 -14"><span class='ocrx_word' id='word_1_85' title='bbox 165 834 296 867; x_wconf 88' lang='lat' dir='ltr'>mutuo</span> <span class='ocrx_word' id='word_1_86' title='bbox 329 826 588 881; x_wconf 81' lang='lat' dir='ltr'>contigerint,</span> <span class='ocrx_word' id='word_1_87' title='bbox 622 827 894 867; x_wconf 88' lang='lat' dir='ltr'>communione</span> <span class='ocrx_word' id='word_1_88' title='bbox 925 826 1052 881; x_wconf 90' lang='lat' dir='ltr'>aliqua</span> <span class='ocrx_word' id='word_1_89' title='bbox 1080 828 1268 868; x_wconf 78' lang='lat' dir='ltr'>extremis</span> <span class='ocrx_word' id='word_1_90' title='bbox 1300 828 1375 869; x_wconf 89' lang='lat' dir='ltr'>illis</span> <span class='ocrx_word' id='word_1_91' title='bbox 1408 829 1446 869; x_wconf 88' lang='lat' dir='ltr'>in</span> <span class='ocrx_word' id='word_1_92' title='bbox 1473 830 1613 871; x_wconf 88' lang='lat' dir='ltr'>finibus</span> <span class='ocrx_word' id='word_1_93' title='bbox 1645 846 1709 872; x_wconf 89' lang='lat' dir='ltr'>co—</span> 
     </span>
     <span class='ocr_line' id='line_1_11' title="bbox 165 895 1708 950; baseline 0.003 -14"><span class='ocrx_word' id='word_1_94' title='bbox 165 895 366 950; x_wconf 88' lang='lat' dir='ltr'>pulentur,</span> <span class='ocrx_word' id='word_1_95' title='bbox 400 903 514 949; x_wconf 88' lang='lat' dir='ltr'>atque</span> <span class='ocrx_word' id='word_1_96' title='bbox 539 895 592 935; x_wconf 89' lang='lat' dir='ltr'>ita</span> <span class='ocrx_word' id='word_1_97' title='bbox 619 895 829 936; x_wconf 87' lang='lat' dir='ltr'>constituta</span> <span class='ocrx_word' id='word_1_98' title='bbox 853 895 915 935; x_wconf 91' lang='lat' dir='ltr'>illa</span> <span class='ocrx_word' id='word_1_99' title='bbox 939 896 1197 937; x_wconf 81' lang='lat' dir='ltr'>contrarietas</span> <span class='ocrx_word' id='word_1_100' title='bbox 1220 897 1442 938; x_wconf 85' lang='lat' dir='ltr'>intercidat.</span> <span class='ocrx_word' id='word_1_101' title='bbox 1506 897 1588 939; x_wconf 89' lang='lat' dir='ltr'>Iam</span> <span class='ocrx_word' id='word_1_102' title='bbox 1614 914 1708 940; x_wconf 85' lang='lat' dir='ltr'>vero</span> 
     </span>
     <span class='ocr_line' id='line_1_12' title="bbox 163 962 1707 1018; baseline 0.003 -14"><span class='ocrx_word' id='word_1_103' title='bbox 163 963 197 1004; x_wconf 94' lang='lat' dir='ltr'>si</span> <span class='ocrx_word' id='word_1_104' title='bbox 219 962 427 1018; x_wconf 81' lang='lat' dir='ltr'>quidpiam,</span> <span class='ocrx_word' id='word_1_105' title='bbox 462 963 562 1017; x_wconf 92' lang='lat' dir='ltr'>quod</span> <span class='ocrx_word' id='word_1_106' title='bbox 587 963 650 1003; x_wconf 89' lang='lat' dir='ltr'>illa</span> <span class='ocrx_word' id='word_1_107' title='bbox 674 964 842 1015; x_wconf 78' lang='lat' dir='ltr'>dirimat,</span> <span class='ocrx_word' id='word_1_108' title='bbox 876 963 1077 1005; x_wconf 85' lang='lat' dir='ltr'>amborum</span> <span class='ocrx_word' id='word_1_109' title='bbox 1105 965 1144 1005; x_wconf 87' lang='lat' dir='ltr'>in</span> <span class='ocrx_word' id='word_1_110' title='bbox 1170 966 1297 1006; x_wconf 90' lang='lat' dir='ltr'>medio</span> <span class='ocrx_word' id='word_1_111' title='bbox 1321 965 1596 1018; x_wconf 84' lang='lat' dir='ltr'>collocaveris,</span> <span class='ocrx_word' id='word_1_112' title='bbox 1631 982 1707 1008; x_wconf 89' lang='lat' dir='ltr'>non</span> 
     </span>
     <span class='ocr_line' id='line_1_13' title="bbox 164 1031 1704 1089; baseline 0.003 -17"><span class='ocrx_word' id='word_1_113' title='bbox 164 1039 291 1087; x_wconf 89' lang='lat' dir='ltr'>potest</span> <span class='ocrx_word' id='word_1_114' title='bbox 312 1032 348 1072; x_wconf 84' lang='lat' dir='ltr'>id</span> <span class='ocrx_word' id='word_1_115' title='bbox 373 1032 473 1086; x_wconf 92' lang='lat' dir='ltr'>quod</span> <span class='ocrx_word' id='word_1_116' title='bbox 494 1031 639 1071; x_wconf 84' lang='lat' dir='ltr'>dirimit</span> <span class='ocrx_word' id='word_1_117' title='bbox 663 1031 815 1072; x_wconf 89' lang='lat' dir='ltr'>illorum</span> <span class='ocrx_word' id='word_1_118' title='bbox 840 1045 928 1073; x_wconf 92' lang='lat' dir='ltr'>esse</span> <span class='ocrx_word' id='word_1_119' title='bbox 951 1032 1099 1084; x_wconf 90' lang='lat' dir='ltr'>simile,</span> <span class='ocrx_word' id='word_1_120' title='bbox 1133 1034 1201 1074; x_wconf 91' lang='lat' dir='ltr'>sed</span> <span class='ocrx_word' id='word_1_121' title='bbox 1226 1033 1272 1074; x_wconf 93' lang='lat' dir='ltr'>ab</span> <span class='ocrx_word' id='word_1_122' title='bbox 1301 1041 1463 1089; x_wconf 85' lang='lat' dir='ltr'>utraque</span> <span class='ocrx_word' id='word_1_123' title='bbox 1493 1035 1704 1077; x_wconf 87' lang='lat' dir='ltr'>diversum.</span> 
     </span>
     <span class='ocr_line' id='line_1_14' title="bbox 162 1099 1709 1160; baseline 0.002 -18"><span class='ocrx_word' id='word_1_124' title='bbox 162 1099 318 1142; x_wconf 87' lang='lat' dir='ltr'>Etenim</span> <span class='ocrx_word' id='word_1_125' title='bbox 341 1100 373 1141; x_wconf 95' lang='lat' dir='ltr'>si</span> <span class='ocrx_word' id='word_1_126' title='bbox 401 1100 448 1141; x_wconf 87' lang='lat' dir='ltr'>ab</span> <span class='ocrx_word' id='word_1_127' title='bbox 475 1114 550 1140; x_wconf 89' lang='lat' dir='ltr'>una</span> <span class='ocrx_word' id='word_1_128' title='bbox 576 1107 686 1155; x_wconf 87' lang='lat' dir='ltr'>parte</span> <span class='ocrx_word' id='word_1_129' title='bbox 712 1100 747 1140; x_wconf 88' lang='lat' dir='ltr'>id</span> <span class='ocrx_word' id='word_1_130' title='bbox 773 1101 873 1155; x_wconf 88' lang='lat' dir='ltr'>quod</span> <span class='ocrx_word' id='word_1_131' title='bbox 899 1109 1054 1156; x_wconf 89' lang='lat' dir='ltr'>separat</span> <span class='ocrx_word' id='word_1_132' title='bbox 1081 1102 1192 1142; x_wconf 84' lang='lat' dir='ltr'>alteri</span> <span class='ocrx_word' id='word_1_133' title='bbox 1228 1117 1280 1143; x_wconf 77' lang='lat' dir='ltr'>ex</span> <span class='ocrx_word' id='word_1_134' title='bbox 1305 1103 1476 1144; x_wconf 87' lang='lat' dir='ltr'>aeternis</span> <span class='ocrx_word' id='word_1_135' title='bbox 1504 1104 1580 1145; x_wconf 91' lang='lat' dir='ltr'>illis</span> <span class='ocrx_word' id='word_1_136' title='bbox 1605 1105 1709 1160; x_wconf 89' lang='lat' dir='ltr'>prin-</span> 
     </span>
     <span class='ocr_line' id='line_1_15' title="bbox 163 1169 1708 1224; baseline 0.003 -14"><span class='ocrx_word' id='word_1_137' title='bbox 163 1169 271 1224; x_wconf 91' lang='lat' dir='ltr'>cipiis</span> <span class='ocrx_word' id='word_1_138' title='bbox 300 1169 424 1209; x_wconf 89' lang='lat' dir='ltr'>simile</span> <span class='ocrx_word' id='word_1_139' title='bbox 449 1170 586 1220; x_wconf 84' lang='lat' dir='ltr'>fuerit,</span> <span class='ocrx_word' id='word_1_140' title='bbox 621 1169 668 1209; x_wconf 87' lang='lat' dir='ltr'>ab</span> <span class='ocrx_word' id='word_1_141' title='bbox 694 1183 741 1209; x_wconf 92' lang='lat' dir='ltr'>eo</span> <span class='ocrx_word' id='word_1_142' title='bbox 772 1170 880 1210; x_wconf 92' lang='lat' dir='ltr'>cuius</span> <span class='ocrx_word' id='word_1_143' title='bbox 908 1170 1199 1211; x_wconf 88' lang='lat' dir='ltr'>similitudinem</span> <span class='ocrx_word' id='word_1_144' title='bbox 1227 1171 1364 1222; x_wconf 87' lang='lat' dir='ltr'>habet,</span> <span class='ocrx_word' id='word_1_145' title='bbox 1398 1187 1475 1213; x_wconf 90' lang='lat' dir='ltr'>non</span> <span class='ocrx_word' id='word_1_146' title='bbox 1509 1173 1585 1214; x_wconf 89' lang='lat' dir='ltr'>erit</span> <span class='ocrx_word' id='word_1_147' title='bbox 1615 1175 1708 1215; x_wconf 87' lang='lat' dir='ltr'>alie-</span> 
     </span>
     <span class='ocr_line' id='line_1_16' title="bbox 162 1236 1708 1297; baseline 0.003 -19"><span class='ocrx_word' id='word_1_148' title='bbox 162 1252 268 1288; x_wconf 90' lang='lat' dir='ltr'>uum,</span> <span class='ocrx_word' id='word_1_149' title='bbox 302 1238 368 1278; x_wconf 89' lang='lat' dir='ltr'>sed</span> <span class='ocrx_word' id='word_1_150' title='bbox 391 1252 476 1278; x_wconf 80' lang='lat' dir='ltr'>cuin</span> <span class='ocrx_word' id='word_1_151' title='bbox 504 1252 550 1277; x_wconf 88' lang='lat' dir='ltr'>eo</span> <span class='ocrx_word' id='word_1_152' title='bbox 574 1237 838 1278; x_wconf 83' lang='lat' dir='ltr'>coniunctum.</span> <span class='ocrx_word' id='word_1_153' title='bbox 895 1236 1049 1293; x_wconf 79' lang='lat' dir='ltr'>Quippe</span> <span class='ocrx_word' id='word_1_154' title='bbox 1073 1253 1143 1294; x_wconf 91' lang='lat' dir='ltr'>per</span> <span class='ocrx_word' id='word_1_155' title='bbox 1168 1239 1265 1280; x_wconf 86' lang='lat' dir='ltr'>hanc</span> <span class='ocrx_word' id='word_1_156' title='bbox 1290 1239 1413 1295; x_wconf 83' lang='lat' dir='ltr'>ipsam</span> <span class='ocrx_word' id='word_1_157' title='bbox 1435 1249 1600 1296; x_wconf 88' lang='lat' dir='ltr'>partem,</span> <span class='ocrx_word' id='word_1_158' title='bbox 1635 1258 1708 1297; x_wconf 87' lang='lat' dir='ltr'>qua</span> 
     </span>
     <span class='ocr_line' id='line_1_17' title="bbox 162 1306 1707 1360; baseline 0.004 -14"><span class='ocrx_word' id='word_1_159' title='bbox 162 1307 209 1347; x_wconf 85' lang='lat' dir='ltr'>ad</span> <span class='ocrx_word' id='word_1_160' title='bbox 232 1306 322 1347; x_wconf 89' lang='lat' dir='ltr'>illud</span> <span class='ocrx_word' id='word_1_161' title='bbox 345 1306 520 1357; x_wconf 86' lang='lat' dir='ltr'>accedit,</span> <span class='ocrx_word' id='word_1_162' title='bbox 555 1306 740 1360; x_wconf 85' lang='lat' dir='ltr'>quaedam</span> <span class='ocrx_word' id='word_1_163' title='bbox 775 1307 1029 1348; x_wconf 83' lang='lat' dir='ltr'>contrahetur</span> <span class='ocrx_word' id='word_1_164' title='bbox 1053 1307 1240 1359; x_wconf 80' lang='lat' dir='ltr'>affinita53</span> <span class='ocrx_word' id='word_1_165' title='bbox 1275 1310 1376 1350; x_wconf 92' lang='lat' dir='ltr'>unde</span> <span class='ocrx_word' id='word_1_166' title='bbox 1401 1310 1529 1351; x_wconf 88' lang='lat' dir='ltr'>nullus</span> <span class='ocrx_word' id='word_1_167' title='bbox 1561 1311 1635 1352; x_wconf 86' lang='lat' dir='ltr'>iam</span> <span class='ocrx_word' id='word_1_168' title='bbox 1669 1312 1707 1352; x_wconf 91' lang='lat' dir='ltr'>in</span> 
     </span>
     <span class='ocr_line' id='line_1_18' title="bbox 162 1374 1707 1421; baseline 0.003 -5"><span class='ocrx_word' id='word_1_169' title='bbox 162 1375 361 1416; x_wconf 89' lang='lat' dir='ltr'>ambarum</span> <span class='ocrx_word' id='word_1_170' title='bbox 391 1374 673 1415; x_wconf 85' lang='lat' dir='ltr'>contrariarum</span> <span class='ocrx_word' id='word_1_171' title='bbox 707 1374 874 1415; x_wconf 85' lang='lat' dir='ltr'>invicem</span> <span class='ocrx_word' id='word_1_172' title='bbox 905 1382 1129 1416; x_wconf 89' lang='lat' dir='ltr'>naturarum</span> <span class='ocrx_word' id='word_1_173' title='bbox 1164 1376 1330 1418; x_wconf 86' lang='lat' dir='ltr'>divortio</span> <span class='ocrx_word' id='word_1_174' title='bbox 1366 1379 1553 1420; x_wconf 88' lang='lat' dir='ltr'>terminus</span> <span class='ocrx_word' id='word_1_175' title='bbox 1589 1381 1707 1421; x_wconf 90' lang='lat' dir='ltr'>relin—</span> 
     </span>
     <span class='ocr_line' id='line_1_19' title="bbox 161 1443 1704 1502; baseline 0.004 -18"><span class='ocrx_word' id='word_1_176' title='bbox 161 1451 313 1499; x_wconf 88' lang='lat' dir='ltr'>quetur.</span> <span class='ocrx_word' id='word_1_177' title='bbox 375 1444 430 1484; x_wconf 90' lang='lat' dir='ltr'>At</span> <span class='ocrx_word' id='word_1_178' title='bbox 453 1443 484 1484; x_wconf 92' lang='lat' dir='ltr'>si</span> <span class='ocrx_word' id='word_1_179' title='bbox 518 1457 643 1498; x_wconf 91' lang='lat' dir='ltr'>neque</span> <span class='ocrx_word' id='word_1_180' title='bbox 674 1443 873 1484; x_wconf 89' lang='lat' dir='ltr'>amborum</span> <span class='ocrx_word' id='word_1_181' title='bbox 901 1444 1026 1484; x_wconf 89' lang='lat' dir='ltr'>simile</span> <span class='ocrx_word' id='word_1_182' title='bbox 1060 1452 1142 1496; x_wconf 91' lang='lat' dir='ltr'>est,</span> <span class='ocrx_word' id='word_1_183' title='bbox 1177 1460 1248 1486; x_wconf 88' lang='lat' dir='ltr'>nec</span> <span class='ocrx_word' id='word_1_184' title='bbox 1276 1446 1351 1486; x_wconf 88' lang='lat' dir='ltr'>ulla</span> <span class='ocrx_word' id='word_1_185' title='bbox 1385 1447 1446 1487; x_wconf 91' lang='lat' dir='ltr'>sui</span> <span class='ocrx_word' id='word_1_186' title='bbox 1478 1455 1586 1502; x_wconf 87' lang='lat' dir='ltr'>parte</span> <span class='ocrx_word' id='word_1_187' title='bbox 1619 1464 1704 1490; x_wconf 88' lang='lat' dir='ltr'>cum</span> 
     </span>
     <span class='ocr_line' id='line_1_20' title="bbox 162 1511 1705 1571; baseline 0.003 -18"><span class='ocrx_word' id='word_1_188' title='bbox 162 1513 283 1553; x_wconf 89' lang='lat' dir='ltr'>altero</span> <span class='ocrx_word' id='word_1_189' title='bbox 314 1512 595 1562; x_wconf 88' lang='lat' dir='ltr'>communicat,</span> <span class='ocrx_word' id='word_1_190' title='bbox 631 1511 770 1552; x_wconf 84' lang='lat' dir='ltr'>salsum</span> <span class='ocrx_word' id='word_1_191' title='bbox 797 1519 856 1552; x_wconf 91' lang='lat' dir='ltr'>est</span> <span class='ocrx_word' id='word_1_192' title='bbox 887 1521 1048 1553; x_wconf 86' lang='lat' dir='ltr'>aeterna</span> <span class='ocrx_word' id='word_1_193' title='bbox 1073 1527 1161 1554; x_wconf 90' lang='lat' dir='ltr'>esse</span> <span class='ocrx_word' id='word_1_194' title='bbox 1190 1514 1264 1555; x_wconf 93' lang='lat' dir='ltr'>duo</span> <span class='ocrx_word' id='word_1_195' title='bbox 1292 1528 1389 1568; x_wconf 89' lang='lat' dir='ltr'>quae</span> <span class='ocrx_word' id='word_1_196' title='bbox 1419 1529 1574 1571; x_wconf 85' lang='lat' dir='ltr'>semper</span> <span class='ocrx_word' id='word_1_197' title='bbox 1604 1518 1705 1558; x_wconf 73' lang='lat' dir='ltr'>exti-</span> 
     </span>
     <span class='ocr_line' id='line_1_21' title="bbox 162 1578 1700 1640; baseline 0.003 -19"><span class='ocrx_word' id='word_1_198' title='bbox 162 1581 300 1631; x_wconf 89' lang='lat' dir='ltr'>terint,</span> <span class='ocrx_word' id='word_1_199' title='bbox 335 1595 418 1621; x_wconf 86' lang='lat' dir='ltr'>cum</span> <span class='ocrx_word' id='word_1_200' title='bbox 440 1581 513 1621; x_wconf 82' lang='lat' dir='ltr'>tria</span> <span class='ocrx_word' id='word_1_201' title='bbox 537 1587 789 1634; x_wconf 85' lang='lat' dir='ltr'>consurgant.</span> <span class='ocrx_word' id='word_1_202' title='bbox 853 1578 989 1635; x_wconf 86' lang='lat' dir='ltr'>ltaque</span> <span class='ocrx_word' id='word_1_203' title='bbox 1013 1595 1137 1635; x_wconf 89' lang='lat' dir='ltr'>neque</span> <span class='ocrx_word' id='word_1_204' title='bbox 1162 1582 1236 1623; x_wconf 93' lang='lat' dir='ltr'>duo</span> <span class='ocrx_word' id='word_1_205' title='bbox 1260 1583 1335 1622; x_wconf 89' lang='lat' dir='ltr'>iam</span> <span class='ocrx_word' id='word_1_206' title='bbox 1360 1590 1475 1624; x_wconf 90' lang='lat' dir='ltr'>erunt</span> <span class='ocrx_word' id='word_1_207' title='bbox 1497 1585 1700 1640; x_wconf 88' lang='lat' dir='ltr'>principia,</span> 
     </span>
     <span class='ocr_line' id='line_1_22' title="bbox 160 1648 1700 1706; baseline 0.003 -16"><span class='ocrx_word' id='word_1_208' title='bbox 160 1663 285 1704; x_wconf 88' lang='lat' dir='ltr'>neque</span> <span class='ocrx_word' id='word_1_209' title='bbox 315 1650 388 1689; x_wconf 92' lang='lat' dir='ltr'>duo</span> <span class='ocrx_word' id='word_1_210' title='bbox 421 1649 543 1703; x_wconf 88' lang='lat' dir='ltr'>prima</span> <span class='ocrx_word' id='word_1_211' title='bbox 577 1649 741 1689; x_wconf 82' lang='lat' dir='ltr'>invicem</span> <span class='ocrx_word' id='word_1_212' title='bbox 780 1648 999 1701; x_wconf 88' lang='lat' dir='ltr'>contraria,</span> <span class='ocrx_word' id='word_1_213' title='bbox 1034 1650 1102 1690; x_wconf 88' lang='lat' dir='ltr'>sed</span> <span class='ocrx_word' id='word_1_214' title='bbox 1131 1652 1286 1691; x_wconf 86' lang='lat' dir='ltr'>tertium</span> <span class='ocrx_word' id='word_1_215' title='bbox 1315 1652 1504 1706; x_wconf 88' lang='lat' dir='ltr'>quoddam</span> <span class='ocrx_word' id='word_1_216' title='bbox 1538 1653 1700 1705; x_wconf 89' lang='lat' dir='ltr'>orietur,</span> 
     </span>
     <span class='ocr_line' id='line_1_23' title="bbox 159 1717 1704 1777; baseline 0.003 -19"><span class='ocrx_word' id='word_1_217' title='bbox 159 1720 312 1772; x_wconf 87' lang='lat' dir='ltr'>utrique</span> <span class='ocrx_word' id='word_1_218' title='bbox 342 1718 579 1758; x_wconf 89' lang='lat' dir='ltr'>contrarium</span> <span class='ocrx_word' id='word_1_219' title='bbox 613 1732 657 1758; x_wconf 88' lang='lat' dir='ltr'>ac</span> <span class='ocrx_word' id='word_1_220' title='bbox 692 1717 902 1768; x_wconf 82' lang='lat' dir='ltr'>dissimile,</span> <span class='ocrx_word' id='word_1_221' title='bbox 944 1732 1019 1772; x_wconf 92' lang='lat' dir='ltr'>quo</span> <span class='ocrx_word' id='word_1_222' title='bbox 1054 1719 1187 1759; x_wconf 86' lang='lat' dir='ltr'>eadem</span> <span class='ocrx_word' id='word_1_223' title='bbox 1221 1720 1284 1760; x_wconf 91' lang='lat' dir='ltr'>illa</span> <span class='ocrx_word' id='word_1_224' title='bbox 1309 1728 1563 1776; x_wconf 84' lang='lat' dir='ltr'>separantur,</span> <span class='ocrx_word' id='word_1_225' title='bbox 1605 1724 1704 1777; x_wconf 91' lang='lat' dir='ltr'>quod</span> 
     </span>
     <span class='ocr_line' id='line_1_24' title="bbox 159 1786 1702 1842; baseline 0.003 -15"><span class='ocrx_word' id='word_1_226' title='bbox 159 1786 252 1828; x_wconf 90' lang='lat' dir='ltr'>nihil</span> <span class='ocrx_word' id='word_1_227' title='bbox 277 1801 362 1827; x_wconf 89' lang='lat' dir='ltr'>cum</span> <span class='ocrx_word' id='word_1_228' title='bbox 386 1786 576 1827; x_wconf 89' lang='lat' dir='ltr'>alterutro</span> <span class='ocrx_word' id='word_1_229' title='bbox 602 1800 807 1827; x_wconf 88' lang='lat' dir='ltr'>commune</span> <span class='ocrx_word' id='word_1_230' title='bbox 838 1793 996 1841; x_wconf 87' lang='lat' dir='ltr'>propter</span> <span class='ocrx_word' id='word_1_231' title='bbox 1027 1787 1292 1829; x_wconf 85' lang='lat' dir='ltr'>diversitatem</span> <span class='ocrx_word' id='word_1_232' title='bbox 1321 1789 1484 1842; x_wconf 87' lang='lat' dir='ltr'>habeat,</span> <span class='ocrx_word' id='word_1_233' title='bbox 1519 1805 1591 1832; x_wconf 88' lang='lat' dir='ltr'>nec</span> <span class='ocrx_word' id='word_1_234' title='bbox 1622 1805 1702 1832; x_wconf 90' lang='lat' dir='ltr'>am-</span> 
     </span>
     <span class='ocr_line' id='line_1_25' title="bbox 157 1852 1701 1909; baseline 0.003 -13"><span class='ocrx_word' id='word_1_235' title='bbox 157 1855 292 1896; x_wconf 86' lang='lat' dir='ltr'>borum</span> <span class='ocrx_word' id='word_1_236' title='bbox 326 1855 450 1896; x_wconf 89' lang='lat' dir='ltr'>simile</span> <span class='ocrx_word' id='word_1_237' title='bbox 483 1855 546 1895; x_wconf 92' lang='lat' dir='ltr'>sit.</span> <span class='ocrx_word' id='word_1_238' title='bbox 611 1853 666 1895; x_wconf 85' lang='lat' dir='ltr'>lta</span> <span class='ocrx_word' id='word_1_239' title='bbox 694 1869 772 1895; x_wconf 89' lang='lat' dir='ltr'>non</span> <span class='ocrx_word' id='word_1_240' title='bbox 805 1855 880 1895; x_wconf 87' lang='lat' dir='ltr'>iam</span> <span class='ocrx_word' id='word_1_241' title='bbox 911 1856 1008 1907; x_wconf 89' lang='lat' dir='ltr'>duo,</span> <span class='ocrx_word' id='word_1_242' title='bbox 1044 1852 1134 1907; x_wconf 92' lang='lat' dir='ltr'>sed,</span> <span class='ocrx_word' id='word_1_243' title='bbox 1170 1857 1222 1897; x_wconf 89' lang='lat' dir='ltr'>uti</span> <span class='ocrx_word' id='word_1_244' title='bbox 1252 1857 1392 1899; x_wconf 91' lang='lat' dir='ltr'>dictum</span> <span class='ocrx_word' id='word_1_245' title='bbox 1419 1867 1500 1909; x_wconf 90' lang='lat' dir='ltr'>est,</span> <span class='ocrx_word' id='word_1_246' title='bbox 1534 1860 1608 1900; x_wconf 87' lang='lat' dir='ltr'>tria</span> <span class='ocrx_word' id='word_1_247' title='bbox 1632 1875 1701 1901; x_wconf 94' lang='lat' dir='ltr'>nu-</span> 
     </span>
     <span class='ocr_line' id='line_1_26' title="bbox 157 1921 1701 1983; baseline 0.003 -18"><span class='ocrx_word' id='word_1_248' title='bbox 157 1924 339 1965; x_wconf 89' lang='lat' dir='ltr'>meranda</span> <span class='ocrx_word' id='word_1_249' title='bbox 364 1931 470 1965; x_wconf 90' lang='lat' dir='ltr'>sunt.</span> <span class='ocrx_word' id='word_1_250' title='bbox 533 1921 612 1964; x_wconf 89' lang='lat' dir='ltr'>Sed</span> <span class='ocrx_word' id='word_1_251' title='bbox 637 1931 674 1963; x_wconf 91' lang='lat' dir='ltr'>et</span> <span class='ocrx_word' id='word_1_252' title='bbox 696 1924 792 1964; x_wconf 85' lang='lat' dir='ltr'>alius</span> <span class='ocrx_word' id='word_1_253' title='bbox 817 1923 994 1978; x_wconf 89' lang='lat' dir='ltr'>quidam,</span> <span class='ocrx_word' id='word_1_254' title='bbox 1030 1925 1092 1979; x_wconf 91' lang='lat' dir='ltr'>qui</span> <span class='ocrx_word' id='word_1_255' title='bbox 1116 1926 1265 1966; x_wconf 90' lang='lat' dir='ltr'>medius</span> <span class='ocrx_word' id='word_1_256' title='bbox 1288 1927 1549 1979; x_wconf 87' lang='lat' dir='ltr'>interveniat,</span> <span class='ocrx_word' id='word_1_257' title='bbox 1583 1943 1701 1983; x_wconf 88' lang='lat' dir='ltr'>quae-</span> 
     </span>
     <span class='ocr_line' id='line_1_27' title="bbox 157 1992 1700 2052; baseline 0.003 -18"><span class='ocrx_word' id='word_1_258' title='bbox 157 1993 300 2034; x_wconf 90' lang='lat' dir='ltr'>rendus</span> <span class='ocrx_word' id='word_1_259' title='bbox 324 2000 398 2044; x_wconf 89' lang='lat' dir='ltr'>est,</span> <span class='ocrx_word' id='word_1_260' title='bbox 433 1993 517 2034; x_wconf 89' lang='lat' dir='ltr'>sive</span> <span class='ocrx_word' id='word_1_261' title='bbox 540 2000 715 2047; x_wconf 87' lang='lat' dir='ltr'>quartus,</span> <span class='ocrx_word' id='word_1_262' title='bbox 751 1992 813 2046; x_wconf 89' lang='lat' dir='ltr'>qui</span> <span class='ocrx_word' id='word_1_263' title='bbox 838 1992 1053 2033; x_wconf 88' lang='lat' dir='ltr'>istiusmodi</span> <span class='ocrx_word' id='word_1_264' title='bbox 1078 1994 1281 2035; x_wconf 88' lang='lat' dir='ltr'>terminum</span> <span class='ocrx_word' id='word_1_265' title='bbox 1309 1995 1501 2037; x_wconf 86' lang='lat' dir='ltr'>immittat.</span> <span class='ocrx_word' id='word_1_266' title='bbox 1559 1996 1700 2052; x_wconf 85' lang='lat' dir='ltr'>Neque</span> 
     </span>
     <span class='ocr_line' id='line_1_28' title="bbox 157 2061 1696 2121; baseline 0.003 -18"><span class='ocrx_word' id='word_1_267' title='bbox 157 2062 258 2103; x_wconf 91' lang='lat' dir='ltr'>enim</span> <span class='ocrx_word' id='word_1_268' title='bbox 284 2063 358 2103; x_wconf 93' lang='lat' dir='ltr'>duo</span> <span class='ocrx_word' id='word_1_269' title='bbox 385 2062 457 2102; x_wconf 90' lang='lat' dir='ltr'>soli</span> <span class='ocrx_word' id='word_1_270' title='bbox 484 2061 689 2102; x_wconf 86' lang='lat' dir='ltr'>terminum</span> <span class='ocrx_word' id='word_1_271' title='bbox 715 2061 838 2112; x_wconf 84' lang='lat' dir='ltr'>hunc,</span> <span class='ocrx_word' id='word_1_272' title='bbox 872 2075 916 2101; x_wconf 86' lang='lat' dir='ltr'>ac</span> <span class='ocrx_word' id='word_1_273' title='bbox 938 2061 1059 2102; x_wconf 89' lang='lat' dir='ltr'>veluti</span> <span class='ocrx_word' id='word_1_274' title='bbox 1080 2076 1232 2103; x_wconf 87' lang='lat' dir='ltr'>murum</span> <span class='ocrx_word' id='word_1_275' title='bbox 1257 2065 1496 2106; x_wconf 86' lang='lat' dir='ltr'>constituere</span> <span class='ocrx_word' id='word_1_276' title='bbox 1519 2073 1696 2121; x_wconf 84' lang='lat' dir='ltr'>possunt,</span> 
     </span>
     <span class='ocr_line' id='line_1_29' title="bbox 156 2130 1699 2189; baseline 0.003 -17"><span class='ocrx_word' id='word_1_277' title='bbox 156 2131 230 2173; x_wconf 92' lang='lat' dir='ltr'>nisi</span> <span class='ocrx_word' id='word_1_278' title='bbox 258 2131 357 2172; x_wconf 89' lang='lat' dir='ltr'>alter</span> <span class='ocrx_word' id='word_1_279' title='bbox 390 2130 541 2185; x_wconf 90' lang='lat' dir='ltr'>quidam</span> <span class='ocrx_word' id='word_1_280' title='bbox 569 2130 699 2170; x_wconf 86' lang='lat' dir='ltr'>linitor</span> <span class='ocrx_word' id='word_1_281' title='bbox 726 2130 887 2170; x_wconf 87' lang='lat' dir='ltr'>accedat</span> <span class='ocrx_word' id='word_1_282' title='bbox 911 2130 974 2184; x_wconf 88' lang='lat' dir='ltr'>qui</span> <span class='ocrx_word' id='word_1_283' title='bbox 997 2130 1099 2171; x_wconf 90' lang='lat' dir='ltr'>inter</span> <span class='ocrx_word' id='word_1_284' title='bbox 1120 2131 1184 2172; x_wconf 87' lang='lat' dir='ltr'>illa</span> <span class='ocrx_word' id='word_1_285' title='bbox 1208 2133 1282 2173; x_wconf 90' lang='lat' dir='ltr'>duo</span> <span class='ocrx_word' id='word_1_286' title='bbox 1315 2134 1505 2189; x_wconf 91' lang='lat' dir='ltr'>quicpiam</span> <span class='ocrx_word' id='word_1_287' title='bbox 1539 2149 1612 2189; x_wconf 89' lang='lat' dir='ltr'>quo</span> <span class='ocrx_word' id='word_1_288' title='bbox 1637 2149 1699 2176; x_wconf 89' lang='lat' dir='ltr'>se-</span> 
     </span>
     <span class='ocr_line' id='line_1_30' title="bbox 159 2197 1700 2256; baseline 0.001 -15"><span class='ocrx_word' id='word_1_289' title='bbox 159 2207 317 2256; x_wconf 89' lang='lat' dir='ltr'>paretur</span> <span class='ocrx_word' id='word_1_290' title='bbox 349 2200 514 2240; x_wconf 84' lang='lat' dir='ltr'>iniiciat.</span> <span class='ocrx_word' id='word_1_291' title='bbox 580 2197 803 2251; x_wconf 83' lang='lat' dir='ltr'>Quinetiam</span> <span class='ocrx_word' id='word_1_292' title='bbox 839 2206 877 2239; x_wconf 90' lang='lat' dir='ltr'>et</span> <span class='ocrx_word' id='word_1_293' title='bbox 913 2199 1076 2240; x_wconf 82' lang='lat' dir='ltr'>scientia</span> <span class='ocrx_word' id='word_1_294' title='bbox 1114 2199 1327 2242; x_wconf 84' lang='lat' dir='ltr'>instructus</span> <span class='ocrx_word' id='word_1_295' title='bbox 1359 2202 1459 2242; x_wconf 90' lang='lat' dir='ltr'>idem</span> <span class='ocrx_word' id='word_1_296' title='bbox 1490 2203 1554 2243; x_wconf 87' lang='lat' dir='ltr'>ille</span> <span class='ocrx_word' id='word_1_297' title='bbox 1586 2203 1700 2244; x_wconf 88' lang='lat' dir='ltr'>debet</span> 
     </span>
     <span class='ocr_line' id='line_1_31' title="bbox 156 2267 1696 2324; baseline 0.001 -14"><span class='ocrx_word' id='word_1_298' title='bbox 156 2283 269 2320; x_wconf 88' lang='lat' dir='ltr'>esse,</span> <span class='ocrx_word' id='word_1_299' title='bbox 304 2275 343 2309; x_wconf 90' lang='lat' dir='ltr'>et</span> <span class='ocrx_word' id='word_1_300' title='bbox 363 2269 554 2324; x_wconf 87' lang='lat' dir='ltr'>prudens,</span> <span class='ocrx_word' id='word_1_301' title='bbox 590 2275 628 2307; x_wconf 91' lang='lat' dir='ltr'>et</span> <span class='ocrx_word' id='word_1_302' title='bbox 651 2267 845 2322; x_wconf 88' lang='lat' dir='ltr'>acquitate</span> <span class='ocrx_word' id='word_1_303' title='bbox 873 2268 1083 2323; x_wconf 89' lang='lat' dir='ltr'>praeditus,</span> <span class='ocrx_word' id='word_1_304' title='bbox 1119 2276 1156 2309; x_wconf 87' lang='lat' dir='ltr'>et</span> <span class='ocrx_word' id='word_1_305' title='bbox 1180 2269 1357 2322; x_wconf 89' lang='lat' dir='ltr'>illustris,</span> <span class='ocrx_word' id='word_1_306' title='bbox 1393 2277 1432 2311; x_wconf 90' lang='lat' dir='ltr'>ut</span> <span class='ocrx_word' id='word_1_307' title='bbox 1456 2271 1589 2312; x_wconf 89' lang='lat' dir='ltr'>ambos</span> <span class='ocrx_word' id='word_1_308' title='bbox 1611 2271 1696 2312; x_wconf 90' lang='lat' dir='ltr'>illos</span> 
     </span>
     <span class='ocr_line' id='line_1_32' title="bbox 156 2335 1696 2394; baseline 0.001 -15"><span class='ocrx_word' id='word_1_309' title='bbox 156 2339 202 2379; x_wconf 88' lang='lat' dir='ltr'>ad</span> <span class='ocrx_word' id='word_1_310' title='bbox 229 2352 360 2394; x_wconf 87' lang='lat' dir='ltr'>pacem</span> <span class='ocrx_word' id='word_1_311' title='bbox 395 2336 719 2391; x_wconf 88' lang='lat' dir='ltr'>concordiamque</span> <span class='ocrx_word' id='word_1_312' title='bbox 753 2344 928 2378; x_wconf 84' lang='lat' dir='ltr'>revocet.</span> <span class='ocrx_word' id='word_1_313' title='bbox 991 2335 1056 2377; x_wconf 83' lang='lat' dir='ltr'>Ex</span> <span class='ocrx_word' id='word_1_314' title='bbox 1083 2337 1219 2392; x_wconf 91' lang='lat' dir='ltr'>quibus</span> <span class='ocrx_word' id='word_1_315' title='bbox 1254 2340 1431 2394; x_wconf 89' lang='lat' dir='ltr'>sequitur</span> <span class='ocrx_word' id='word_1_316' title='bbox 1459 2354 1573 2381; x_wconf 89' lang='lat' dir='ltr'>unum</span> <span class='ocrx_word' id='word_1_317' title='bbox 1607 2354 1696 2381; x_wconf 83' lang='lat' dir='ltr'>esse</span> 
     </span>
     <span class='ocr_line' id='line_1_33' title="bbox 157 2405 1695 2462; baseline 0.001 -14"><span class='ocrx_word' id='word_1_318' title='bbox 157 2407 366 2458; x_wconf 87' lang='lat' dir='ltr'>finitorem,</span> <span class='ocrx_word' id='word_1_319' title='bbox 401 2413 668 2462; x_wconf 88' lang='lat' dir='ltr'>separatorem</span> <span class='ocrx_word' id='word_1_320' title='bbox 692 2405 870 2458; x_wconf 90' lang='lat' dir='ltr'>alterum,</span> <span class='ocrx_word' id='word_1_321' title='bbox 905 2420 950 2447; x_wconf 87' lang='lat' dir='ltr'>ac</span> <span class='ocrx_word' id='word_1_322' title='bbox 971 2406 1044 2447; x_wconf 89' lang='lat' dir='ltr'>duo</span> <span class='ocrx_word' id='word_1_323' title='bbox 1069 2407 1234 2462; x_wconf 91' lang='lat' dir='ltr'>denique</span> <span class='ocrx_word' id='word_1_324' title='bbox 1256 2408 1422 2449; x_wconf 89' lang='lat' dir='ltr'>termino</span> <span class='ocrx_word' id='word_1_325' title='bbox 1444 2408 1508 2449; x_wconf 92' lang='lat' dir='ltr'>illo</span> <span class='ocrx_word' id='word_1_326' title='bbox 1534 2408 1695 2450; x_wconf 86' lang='lat' dir='ltr'>eircum-</span> 
     </span>
     <span class='ocr_line' id='line_1_34' title="bbox 159 2475 1694 2532; baseline 0.001 -15"><span class='ocrx_word' id='word_1_327' title='bbox 159 2476 325 2531; x_wconf 87' lang='lat' dir='ltr'>scripta,</span> <span class='ocrx_word' id='word_1_328' title='bbox 360 2489 486 2530; x_wconf 89' lang='lat' dir='ltr'>neque</span> <span class='ocrx_word' id='word_1_329' title='bbox 514 2476 587 2515; x_wconf 91' lang='lat' dir='ltr'>duo</span> <span class='ocrx_word' id='word_1_330' title='bbox 621 2475 696 2515; x_wconf 91' lang='lat' dir='ltr'>iam</span> <span class='ocrx_word' id='word_1_331' title='bbox 724 2488 836 2525; x_wconf 89' lang='lat' dir='ltr'>esse,</span> <span class='ocrx_word' id='word_1_332' title='bbox 870 2475 938 2515; x_wconf 92' lang='lat' dir='ltr'>sed</span> <span class='ocrx_word' id='word_1_333' title='bbox 967 2475 1038 2516; x_wconf 88' lang='lat' dir='ltr'>tria</span> <span class='ocrx_word' id='word_1_334' title='bbox 1072 2484 1312 2532; x_wconf 85' lang='lat' dir='ltr'>quatuorque</span> <span class='ocrx_word' id='word_1_335' title='bbox 1341 2476 1543 2532; x_wconf 89' lang='lat' dir='ltr'>principia.</span> <span class='ocrx_word' id='word_1_336' title='bbox 1606 2476 1694 2532; x_wconf 87' lang='lat' dir='ltr'>Qua</span> 
     </span>
     <span class='ocr_line' id='line_1_35' title="bbox 155 2543 1693 2600; baseline 0.002 -15"><span class='ocrx_word' id='word_1_337' title='bbox 155 2545 305 2585; x_wconf 90' lang='lat' dir='ltr'>ratione</span> <span class='ocrx_word' id='word_1_338' title='bbox 327 2544 435 2600; x_wconf 91' lang='lat' dir='ltr'>plura</span> <span class='ocrx_word' id='word_1_339' title='bbox 458 2543 496 2584; x_wconf 89' lang='lat' dir='ltr'>in</span> <span class='ocrx_word' id='word_1_340' title='bbox 522 2543 707 2599; x_wconf 83' lang='lat' dir='ltr'>principia</span> <span class='ocrx_word' id='word_1_341' title='bbox 731 2544 1017 2586; x_wconf 89' lang='lat' dir='ltr'>convertendus</span> <span class='ocrx_word' id='word_1_342' title='bbox 1041 2552 1102 2585; x_wconf 88' lang='lat' dir='ltr'>est</span> <span class='ocrx_word' id='word_1_343' title='bbox 1124 2545 1274 2586; x_wconf 88' lang='lat' dir='ltr'>animus</span> <span class='ocrx_word' id='word_1_344' title='bbox 1293 2577 1302 2596; x_wconf 90' lang='lat'>,</span> <span class='ocrx_word' id='word_1_345' title='bbox 1338 2552 1375 2586; x_wconf 86' lang='lat' dir='ltr'>et</span> <span class='ocrx_word' id='word_1_346' title='bbox 1397 2544 1477 2597; x_wconf 88' lang='lat' dir='ltr'>his,</span> <span class='ocrx_word' id='word_1_347' title='bbox 1512 2559 1609 2600; x_wconf 89' lang='lat' dir='ltr'>quae</span> <span class='ocrx_word' id='word_1_348' title='bbox 1631 2561 1693 2588; x_wconf 82' lang='lat' dir='ltr'>re·</span> 
     </span>
     <span class='ocr_line' id='line_1_36' title="bbox 156 2612 1440 2669; baseline 0 -15"><span class='ocrx_word' id='word_1_349' title='bbox 156 2613 238 2669; x_wconf 89' lang='lat' dir='ltr'>ipsa</span> <span class='ocrx_word' id='word_1_350' title='bbox 269 2620 381 2665; x_wconf 87' lang='lat' dir='ltr'>sunt,</span> <span class='ocrx_word' id='word_1_351' title='bbox 417 2612 586 2663; x_wconf 86' lang='lat' dir='ltr'>relictis,</span> <span class='ocrx_word' id='word_1_352' title='bbox 621 2626 720 2667; x_wconf 88' lang='lat' dir='ltr'>quae</span> <span class='ocrx_word' id='word_1_353' title='bbox 751 2627 829 2653; x_wconf 88' lang='lat' dir='ltr'>non</span> <span class='ocrx_word' id='word_1_354' title='bbox 859 2620 949 2654; x_wconf 85' lang='lat' dir='ltr'>sunt</span> <span class='ocrx_word' id='word_1_355' title='bbox 979 2613 1214 2669; x_wconf 86' lang='lat' dir='ltr'>cogitatione</span> <span class='ocrx_word' id='word_1_356' title='bbox 1248 2615 1440 2668; x_wconf 85' lang='lat' dir='ltr'>fingenda.</span> 
     </span>
     <span class='ocr_line' id='line_1_37' title="bbox 269 2680 1891 2740; baseline -0.001 -17"><span class='ocrx_word' id='word_1_357' title='bbox 269 2680 381 2737; x_wconf 91' lang='lat' dir='ltr'>Quod</span> <span class='ocrx_word' id='word_1_358' title='bbox 416 2689 544 2722; x_wconf 89' lang='lat' dir='ltr'>autem</span> <span class='ocrx_word' id='word_1_359' title='bbox 575 2681 747 2722; x_wconf 81' lang='lat' dir='ltr'>nefarius</span> <span class='ocrx_word' id='word_1_360' title='bbox 773 2681 836 2723; x_wconf 89' lang='lat' dir='ltr'>ille</span> <span class='ocrx_word' id='word_1_361' title='bbox 862 2681 1036 2736; x_wconf 88' lang='lat' dir='ltr'>quaerit,</span> <span class='ocrx_word' id='word_1_362' title='bbox 1072 2690 1111 2723; x_wconf 94' lang='lat' dir='ltr'>ut</span> <span class='ocrx_word' id='word_1_363' title='bbox 1133 2697 1182 2723; x_wconf 92' lang='lat' dir='ltr'>ne</span> <span class='ocrx_word' id='word_1_364' title='bbox 1207 2683 1278 2723; x_wconf 88' lang='lat' dir='ltr'>deo</span> <span class='ocrx_word' id='word_1_365' title='bbox 1304 2683 1484 2724; x_wconf 88' lang='lat' dir='ltr'>malitiam</span> <span class='ocrx_word' id='word_1_366' title='bbox 1516 2684 1687 2740; x_wconf 84' lang='lat' dir='ltr'>affingat,</span> <span class='ocrx_word' id='word_1_367' title='bbox 1717 2689 1792 2734; x_wconf 82' lang='lat' dir='ltr'>Cap.</span> <span class='ocrx_word' id='word_1_368' title='bbox 1818 2691 1891 2724; x_wconf 83' lang='lat' dir='ltr'>XV.</span> 
     </span>
    </p>

    <p class='ocr_par' dir='ltr' id='par_1_3' title="bbox 158 2750 1690 2806">
     <span class='ocr_line' id='line_1_38' title="bbox 158 2750 1690 2806; baseline 0.002 -14"><span class='ocrx_word' id='word_1_369' title='bbox 158 2758 216 2793; x_wconf 90' lang='lat' dir='ltr'>est</span> <span class='ocrx_word' id='word_1_370' title='bbox 240 2750 277 2792; x_wconf 91' lang='lat' dir='ltr'>id</span> <span class='ocrx_word' id='word_1_371' title='bbox 305 2751 455 2805; x_wconf 91' lang='lat' dir='ltr'>quidem</span> <span class='ocrx_word' id='word_1_372' title='bbox 483 2752 609 2791; x_wconf 88' lang='lat' dir='ltr'>fateor</span> <span class='ocrx_word' id='word_1_373' title='bbox 631 2750 836 2791; x_wconf 85' lang='lat' dir='ltr'>absurdum</span> <span class='ocrx_word' id='word_1_374' title='bbox 861 2750 962 2792; x_wconf 90' lang='lat' dir='ltr'>istud</span> <span class='ocrx_word' id='word_1_375' title='bbox 994 2751 1117 2806; x_wconf 89' lang='lat' dir='ltr'>ipsum</span> <span class='ocrx_word' id='word_1_376' title='bbox 1143 2751 1312 2792; x_wconf 88' lang='lat' dir='ltr'>tribuere</span> <span class='ocrx_word' id='word_1_377' title='bbox 1337 2751 1423 2793; x_wconf 89' lang='lat' dir='ltr'>deo.</span> <span class='ocrx_word' id='word_1_378' title='bbox 1484 2750 1595 2794; x_wconf 91' lang='lat' dir='ltr'>Unde</span> <span class='ocrx_word' id='word_1_379' title='bbox 1627 2767 1690 2795; x_wconf 87' lang='lat' dir='ltr'>ec—</span> 
     </span>
    </p>
   </div>
   <div class='ocr_carea' id='block_1_3' title="bbox 157 2898 1689 3034">
    <p class='ocr_par' dir='ltr' id='par_1_4' title="bbox 157 2898 1689 3034">
     <span class='ocr_line' id='line_1_39' title="bbox 157 2898 1689 2942; baseline 0.003 -10"><span class='ocrx_word' id='word_1_380' title='bbox 157 2898 285 2939; x_wconf 72' lang='grc' dir='ltr'><strong>κακίαν,</strong></span> <span class='ocrx_word' id='word_1_381' title='bbox 311 2902 341 2934; x_wconf 90' lang='grc' dir='ltr'>δ.</span> <span class='ocrx_word' id='word_1_382' title='bbox 357 2912 390 2942; x_wconf 91' lang='grc' dir='ltr'>μ.</span> <span class='ocrx_word' id='word_1_383' title='bbox 404 2911 456 2941; x_wconf 75' lang='grc' dir='ltr'>πρ.</span> <span class='ocrx_word' id='word_1_384' title='bbox 479 2901 561 2941; x_wconf 81' lang='lat' dir='ltr'>quod</span> <span class='ocrx_word' id='word_1_385' title='bbox 579 2901 731 2941; x_wconf 79' lang='lat' dir='ltr'>quomodo</span> <span class='ocrx_word' id='word_1_386' title='bbox 751 2901 898 2941; x_wconf 80' lang='lat' dir='ltr'>interpre-</span> <span class='ocrx_word' id='word_1_387' title='bbox 945 2900 1101 2931; x_wconf 81' lang='lat' dir='ltr'>malitiam</span> <span class='ocrx_word' id='word_1_388' title='bbox 1125 2899 1189 2930; x_wconf 87' lang='lat' dir='ltr'>deo</span> <span class='ocrx_word' id='word_1_389' title='bbox 1212 2899 1419 2939; x_wconf 78' lang='lat' dir='ltr'>ammisceat3</span> <span class='ocrx_word' id='word_1_390' title='bbox 1456 2904 1537 2935; x_wconf 79' lang='lat' dir='ltr'>velut</span> <span class='ocrx_word' id='word_1_391' title='bbox 1559 2905 1585 2936; x_wconf 88' lang='lat' dir='ltr'>si</span> <span class='ocrx_word' id='word_1_392' title='bbox 1613 2906 1689 2937; x_wconf 86' lang='lat' dir='ltr'>scri-</span> 
     </span>
     <span class='ocr_line' id='line_1_40' title="bbox 157 2940 1687 2993; baseline 0.005 -17"><span class='ocrx_word' id='word_1_393' title='bbox 157 2946 285 2977; x_wconf 83' lang='lat' dir='ltr'>landum</span> <span class='ocrx_word' id='word_1_394' title='bbox 317 2948 353 2977; x_wconf 81' lang='lat' dir='ltr'>sit</span> <span class='ocrx_word' id='word_1_395' title='bbox 387 2948 495 2978; x_wconf 83' lang='lat' dir='ltr'>nescio.</span> <span class='ocrx_word' id='word_1_396' title='bbox 547 2948 732 2986; x_wconf 76' lang='lat' dir='ltr'>Carnarius,</span> <span class='ocrx_word' id='word_1_397' title='bbox 764 2956 824 2978; x_wconf 83' lang='lat' dir='ltr'>non</span> <span class='ocrx_word' id='word_1_398' title='bbox 853 2948 898 2977; x_wconf 81' lang='lat' dir='ltr'>ita</span> <span class='ocrx_word' id='word_1_399' title='bbox 942 2948 1050 2986; x_wconf 81' lang='lat' dir='ltr'>psisse!</span> <span class='ocrx_word' id='word_1_400' title='bbox 1072 2947 1264 2986; x_wconf 75' lang='lat' dir='ltr'>Epiphanius</span> <span class='ocrx_word' id='word_1_401' title='bbox 1279 2940 1348 2978; x_wconf 54' lang='lat' dir='ltr'>“Ea</span> <span class='ocrx_word' id='word_1_402' title='bbox 1371 2944 1408 2980; x_wconf 80' lang='grc' dir='ltr'>δὲ</span> <span class='ocrx_word' id='word_1_403' title='bbox 1431 2948 1528 2983; x_wconf 80' lang='grc' dir='ltr'>τοῦτο</span> <span class='ocrx_word' id='word_1_404' title='bbox 1555 2951 1650 2993; x_wconf 75' lang='grc' dir='ltr'>ζητεῖ</span> <span class='ocrx_word' id='word_1_405' title='bbox 1668 2946 1687 2984; x_wconf 73' lang='grc' dir='ltr'><em>ὁ</em></span> 
     </span>
     <span class='ocr_line' id='line_1_41' title="bbox 157 2988 1490 3034; baseline 0.004 -13"><span class='ocrx_word' id='word_1_406' title='bbox 157 2992 243 3031; x_wconf 70' lang='lat' dir='ltr'>longe</span> <span class='ocrx_word' id='word_1_407' title='bbox 273 3001 293 3022; x_wconf 91' lang='grc' dir='ltr'><em>α</em></span> <span class='ocrx_word' id='word_1_408' title='bbox 321 3001 392 3023; x_wconf 87' lang='lat' dir='ltr'>vero</span> <span class='ocrx_word' id='word_1_409' title='bbox 415 2994 582 3031; x_wconf 83' lang='lat' dir='ltr'>aberrans,</span> <span class='ocrx_word' id='word_1_410' title='bbox 620 2994 765 3023; x_wconf 81' lang='lat' dir='ltr'>convertit</span> <span class='ocrx_word' id='word_1_411' title='bbox 788 2993 898 3023; x_wconf 90' lang='lat' dir='ltr'>Unum</span> <span class='ocrx_word' id='word_1_412' title='bbox 945 2988 1132 3034; x_wconf 64' lang='grc' dir='ltr'>ἀλιτήριος,</span> <span class='ocrx_word' id='word_1_413' title='bbox 1158 2990 1277 3024; x_wconf 68' lang='grc' dir='ltr'>κακίαν</span> <span class='ocrx_word' id='word_1_414' title='bbox 1297 2991 1401 3033; x_wconf 57' lang='grc' dir='ltr'>δῆθεν</span> <span class='ocrx_word' id='word_1_415' title='bbox 1425 2997 1490 3026; x_wconf 84' lang='lat' dir='ltr'>cett.</span> 
     </span>
    </p>
   </div>
   <div class='ocr_carea' id='block_1_4' title="bbox 158 3035 1446 3082">
    <p class='ocr_par' dir='ltr' id='par_1_5' title="bbox 158 3035 1446 3082">
     <span class='ocr_line' id='line_1_42' title="bbox 158 3035 1446 3082; baseline 0.004 -15"><span class='ocrx_word' id='word_1_416' title='bbox 158 3047 236 3067; x_wconf 88' lang='lat' dir='ltr'>vero</span> <span class='ocrx_word' id='word_1_417' title='bbox 258 3035 321 3069; x_wconf 88' lang='lat' dir='ltr'>hoc</span> <span class='ocrx_word' id='word_1_418' title='bbox 344 3037 471 3081; x_wconf 86' lang='lat' dir='ltr'>quaerit</span> <span class='ocrx_word' id='word_1_419' title='bbox 494 3036 660 3082; x_wconf 85' lang='lat' dir='ltr'>improbus</span> <span class='ocrx_word' id='word_1_420' title='bbox 686 3036 761 3077; x_wconf 87' lang='lat' dir='ltr'>ille,</span> <span class='ocrx_word' id='word_1_421' title='bbox 800 3043 834 3068; x_wconf 90' lang='lat' dir='ltr'>ut</span> <span class='ocrx_word' id='word_1_422' title='bbox 858 3048 898 3069; x_wconf 84' lang='lat' dir='ltr'>ne</span> <span class='ocrx_word' id='word_1_423' title='bbox 990 3038 1020 3069; x_wconf 73' lang='lat'>2.</span> <span class='ocrx_word' id='word_1_424' title='bbox 1045 3035 1218 3080; x_wconf 76' lang='grc' dir='ltr'>προςμίξαι</span> <span class='ocrx_word' id='word_1_425' title='bbox 1240 3039 1333 3078; x_wconf 74' lang='lat' dir='ltr'>vulyo</span> <span class='ocrx_word' id='word_1_426' title='bbox 1354 3041 1446 3072; x_wconf 76' lang='lat' dir='ltr'>extat.</span> 
     </span>
    </p>
   </div>
  </div>
 </body>
</html>
