2066 3319
494 194 676 227 PANARH
703 193 784 225 Lm.
804 193 843 224 lt.
868 192 975 224 ToM.
998 193 1036 224 n.
1062 191 1191 223 HAER.
1214 191 1334 222 vai.
1606 178 1687 217 429

149 278 293 331 iuquit,
327 278 447 314 omnia
474 277 579 313 valde
605 275 720 320 bmm,·
756 286 942 326 nusquam
976 279 1016 312 ut,
1042 271 1208 311 malitiae
1242 270 1354 311 radix
1383 270 1459 310 ulla
1487 275 1684 309 cernatur.

152 344 303 385 Etenim
327 350 532 398 propterea
558 343 652 382 deus
680 356 763 381 cum
796 341 903 380 initio
929 342 1108 380 mundum
1135 355 1201 395 pro
1228 354 1296 380 sua
1325 339 1497 378 bonitate
1526 337 1687 376 fabrica-

149 420 230 462 ret,
265 413 310 452 de
337 425 565 466 unaquaque
589 417 806 450 creatarum
834 424 852 448 a
878 423 920 449 se
947 424 1074 449 rerum
1110 409 1246 448 bonam
1283 422 1371 447 esse
1406 406 1683 461 pronuntiavit.

148 484 198 520 Et
224 484 333 528 valet,
370 479 514 534 inquit,
548 482 637 518 (lens
664 481 763 530 qnod
793 486 888 516 esse!
915 480 1070 525 bonmll,·
1117 485 1157 517 nt
1188 484 1225 516 et
1258 477 1302 515 de
1336 476 1484 515 illarum
1519 474 1687 514 bonitate

149 548 410 590 testimonium
440 550 559 588 ferret
583 555 620 587 et
645 547 796 587 humani
824 547 981 600 generis
1005 546 1248 586 inimicorum
1282 544 1528 584 calliditatem
1556 542 1690 582 exclu-

149 618 282 667 deret,
317 617 378 671 qui
407 615 655 671 nequissimis
683 615 820 655 fabulis
848 615 1050 655 veritatem
1086 628 1134 653 ex
1167 612 1384 652 hominibus
1420 611 1589 651 funditus
1623 624 1690 649 ex-

149 686 326 741 tinguere
351 691 556 725 conantur.
622 682 753 737 Primo
777 683 964 737 siquidem
989 684 1049 722 die
1075 682 1224 722 coelum
1248 696 1292 721 ac
1322 688 1464 721 terram
1491 680 1689 732 lucemque

150 769 234 795 cum
261 753 439 794 omnibus
463 767 560 806 quae
586 752 623 792 in
650 760 754 792 terra
779 759 869 793 sunt
897 751 1082 791 condidit.
1146 754 1195 789 E!
1230 752 1339 796 vidit,
1375 757 1409 787 e!
1434 763 1517 787 (uoce
1541 749 1685 793 bonum,

150 823 204 863 ait
230 823 436 878 scriptura.
500 820 727 862 Utrumnam
759 834 852 861 vero
888 820 1028 859 bonum
1060 833 1102 858 se
1136 820 1322 858 facturum
1353 831 1441 857 esse
1473 816 1688 864 nesciebat,

150 905 197 932 eo
219 892 319 946 quod
340 904 458 946 opere
481 890 647 944 denique
673 890 862 944 perlecto,
893 891 989 927 Ecce
1011 889 1156 934 bonam,
1185 886 1334 926 dixisse
1359 885 1526 939 legitur?
1565 883 1689 937 Quam

151 973 285 1002 vocem
313 960 495 1014 deinceps
531 959 576 999 de
607 958 740 1012 aquis,
784 958 829 997 de
856 957 974 1007 mari,
1010 957 1055 996 de
1086 955 1348 1010 germinibus,
1391 955 1437 994 de
1470 953 1689 1001 arboribus,

151 1030 197 1070 de
224 1028 322 1069 coeli
344 1028 560 1077 sideribus,
595 1028 640 1067 de
671 1026 902 1081 pecudibus,
937 1026 1059 1079 deque
1082 1025 1245 1075 avibus,
1279 1023 1478 1078 reptilibus
1505 1037 1548 1062 ac
1580 1022 1693 1076 pisci-

150 1098 222 1138 bus
247 1104 420 1152 usurpat.
482 1095 586 1136 Nam
617 1095 653 1135 in
681 1108 936 1149 unoquoque,
980 1097 1100 1141 Vidit,
1135 1093 1280 1147 inquit,
1314 1095 1425 1139 (leus,
1461 1099 1496 1130 et
1525 1105 1608 1129 ecce
1632 1091 1692 1128 bo-

151 1181 251 1206 nnm.
313 1164 406 1207 Non
433 1165 532 1220 quod
558 1171 624 1205 aut
646 1164 845 1218 ignoraret
867 1170 1005 1214 antea,
1040 1170 1106 1203 aut
1128 1161 1191 1202 ubi
1221 1168 1423 1217 procreata
1449 1168 1553 1211 sunt,
1588 1159 1694 1200 velut

153 1234 396 1291 experientia
431 1234 594 1289 quadam
632 1233 734 1273 bona
768 1246 856 1273 esse
887 1231 1163 1287 comperisset,
1202 1232 1270 1272 sed
1301 1231 1400 1285 quod
1433 1229 1533 1270 bona
1566 1228 1693 1268 omnia

153 1318 294 1345 revera
317 1304 416 1354 sint,
452 1316 575 1357 neque
603 1301 691 1342 mali
721 1301 924 1356 quicquam
951 1301 1063 1352 insit,
1097 1307 1256 1356 propter
1278 1299 1539 1355 improborum
1572 1297 1693 1337 homi-

154 1388 243 1413 num
269 1371 491 1427 opinionem
523 1371 595 1412 hoc
620 1371 725 1411 velut
748 1370 905 1410 oraculo
932 1370 1031 1410 bona
1055 1384 1144 1410 esse
1170 1370 1298 1409 omnia
1330 1383 1374 1409 ae
1405 1367 1605 1423 praeclara
1638 1374 1693 1406 te—

155 1448 278 1482 status
304 1448 386 1491 est,
420 1440 584 1494 ideoque
610 1440 751 1480 bonum
775 1453 863 1480 esse
891 1439 1013 1489 dixit,
1047 1439 1146 1493 quod
1170 1438 1258 1478 mali
1285 1452 1329 1478 ac
1350 1437 1546 1491 nequitiae
1570 1436 1694 1476 omnis

156 1509 424 1550 exclusionem
448 1509 636 1549 eontinet.
681 1507 731 1548 Ut
751 1508 930 1548 nimirum
956 1507 1027 1547 hoc
1051 1507 1150 1562 ipso,
1180 1508 1279 1561 quod
1305 1520 1392 1547 esse
1415 1506 1558 1546 bonum
1583 1519 1696 1545 omne

155 1578 403 1634 significavit,
440 1578 596 1618 tollatur
620 1577 716 1618 falsa
738 1578 801 1618 illa
822 1578 867 1616 de
890 1576 1036 1616 malitia
1055 1575 1094 1616 in
1114 1575 1289 1615 homines
1312 1575 1464 1616 invecta
1484 1574 1694 1622 sententia,

155 1647 398 1702 pessimaque
441 1647 566 1686 omnis
601 1646 689 1686 mali
727 1644 918 1700 dogmatis
957 1645 1256 1685 architectorum
1291 1644 1420 1698 opinio
1453 1643 1693 1698 profligetur.

155 1713 361 1756 Postremo
397 1715 458 1755 ubi
486 1715 530 1754 ad
558 1714 749 1755 bominem
776 1722 933 1754 ventum
958 1721 1039 1764 est,
1075 1713 1214 1753 bonum
1248 1726 1335 1753 esse
1362 1727 1437 1753 non
1466 1712 1585 1762 dixit,
1620 1726 1696 1751 non

158 1785 258 1839 quod
282 1785 421 1825 malum
448 1783 625 1838 quiddam
655 1783 769 1824 honio
791 1783 864 1833 sit,
900 1796 995 1838 opus
1024 1782 1194 1822 omnium
1223 1796 1321 1836 quae
1346 1782 1383 1821 in
1408 1789 1513 1822 terra
1544 1781 1699 1821 condita

157 1860 247 1894 sunt
265 1853 380 1907 longe
405 1852 806 1908 praestantissimum,
842 1853 940 1906 quod
969 1859 1008 1892 ut
1033 1851 1243 1906 imperaret
1265 1850 1407 1891 ceteris
1433 1849 1697 1905 inexplicabili

158 1923 319 1976 quadam
355 1929 415 1962 est
445 1936 465 1961 a
497 1922 569 1962 deo
599 1921 786 1976 sapientia
813 1921 1060 1975 productum,
1095 1918 1157 1960 cui
1180 1919 1344 1974 denique
1368 1933 1498 1960 rerum
1527 1919 1697 1959 omnium

157 2005 178 2031 a
208 2005 250 2032 se
284 1997 501 2031 creatarum
527 1990 761 2030 dominatum
788 2004 832 2030 ac
859 1989 1110 2045 principatum
1137 1989 1291 2029 deferre
1321 1995 1533 2039 statuerat,
1568 2003 1700 2043 quem-

159 2060 361 2101 admodum
385 2059 479 2099 llaec
505 2059 625 2099 verba
652 2059 874 2099 declarant:
916 2062 1111 2098 Faciamus
1139 2060 1317 2097 homiuem
1341 2060 1391 2097 ml
1411 2061 1608 2109 imaginem
1633 2073 1699 2097 no-
1719 2067 1795 2095 Gen.
1816 2069 1840 2101 1,
1862 2068 1903 2094 26.

158 2137 275 2169 stram
295 2137 332 2168 et
353 2131 655 2176 similitudinem,-
690 2136 725 2166 el
741 2131 913 2180 praesint
933 2128 1099 2179 piscibus
1120 2130 1235 2166 maris
1246 2158 1256 2175 ,
1291 2135 1327 2165 et
1348 2129 1562 2166 volale‘le’bns
1587 2130 1694 2175 coele',

159 2206 197 2237 et
218 2199 415 2250 reptilibus
441 2205 585 2244 terrae,
621 2204 656 2235 el
680 2200 871 2244 lumentis,
907 2204 945 2235 et
967 2198 1112 2244 bestias,
1148 2204 1187 2235 et
1205 2197 1372 2235 omnibus
1403 2211 1497 2248 quae
1528 2199 1564 2235 z'n
1597 2204 1699 2235 terra

159 2275 268 2306 sunt:
303 2280 437 2308 verum
466 2266 644 2321 quoniam
673 2266 719 2306 ad
753 2265 812 2306 dei
843 2265 1049 2320 imaginem
1081 2272 1235 2306 creatus
1264 2272 1344 2315 est,
1380 2271 1456 2305 tam
1488 2265 1699 2305 excellenti

162 2335 348 2390 dignitate
372 2342 580 2375 contentae
608 2348 743 2374 sacrae
771 2334 907 2375 literae
942 2336 1119 2386 fuerunt,
1153 2334 1257 2374 nulla
1286 2340 1326 2374 ut
1349 2333 1578 2374 accessione
1605 2347 1700 2389 opus

162 2418 250 2445 esse
271 2404 486 2445 videretur.
548 2402 650 2443 Nam
677 2404 708 2443 si
732 2403 915 2444 bonitatis
940 2403 1059 2458 ipsius
1087 2410 1171 2444 erat
1194 2402 1362 2457 imagine
1386 2402 1605 2457 praeditus,
1640 2402 1699 2442 dei

161 2473 339 2514 nimirum
371 2487 415 2514 ac
441 2472 607 2523 domiui,
643 2472 704 2526 qui
730 2472 781 2512 sit
805 2472 973 2512 omnium
1002 2486 1130 2512 rerum
1157 2471 1299 2511 artifex
1329 2486 1373 2511 ac
1397 2471 1545 2521 bonus,
1581 2485 1601 2511 a
1626 2485 1700 2525 quo

161 2541 345 2582 bonitatis
378 2542 463 2582 fons
488 2541 635 2592 omnis,
669 2541 842 2596 adeoque
874 2541 1015 2582 bonum
1048 2541 1171 2596 ipsum
1201 2540 1240 2580 in
1267 2540 1448 2580 universa
1483 2539 1697 2590 derivatur,

162 2610 250 2665 quid
274 2610 462 2651 attinebat
493 2610 565 2651 hoc
598 2610 731 2650 audire
762 2610 1048 2661 testimonium,
1091 2613 1142 2649 Et
1176 2624 1258 2648 ecce
1294 2610 1445 2655 boman,
1491 2623 1577 2649 cum
1609 2608 1700 2648 boni

163 2679 283 2734 ipsius
313 2680 519 2734 imaginem
554 2680 591 2719 in
625 2693 713 2720 sese
742 2679 986 2720 contineret?
1044 2677 1189 2719 Postea
1213 2685 1341 2718 tamen
1366 2676 1554 2717 absolutis
1580 2677 1702 2717 omni—

163 2747 250 2800 bus,
284 2748 547 2803 universoque
573 2762 690 2803 opere
715 2749 904 2802 perfeeto,
938 2748 1045 2789 velut
1066 2747 1294 2801 obsignans,
1328 2746 1427 2786 idem
1453 2746 1498 2787 de
1524 2746 1701 2786 omnibus

167 2897 291 2973 gittetur
313 2907 367 2937 per
391 2906 522 2929 errorem
546 2899 674 2937 repetita
702 2906 739 2929 ex
762 2899 911 2929 vocabulo
956 2900 982 2928 et
1010 2899 1040 2949 1⁴13
1067 2897 1115 2927 ecl.
1139 2898 1236 2935 princ.
1285 2897 1341 2926 Ed.
1366 2897 1471 2927 Pelav.
1505 2896 1593 2927 habet
1618 2891 1700 2937 ἀγα-

191 2952 265 3020 εοὸ.
290 2987 402 3030 κυρίου
426 2991 510 3021 abest
531 2999 552 3020 a
573 2991 649 3021 libro
672 2990 799 3031 Rhedig.
957 2944 1114 3025 Ξοῗῖῗηὲξ
1139 2988 1229 3019 codd.
1252 2997 1323 3019 mss.
1372 2985 1425 3030 ἐᾷ
1450 2989 1523 3019 editi
1545 2989 1625 3019 libri.

217 3032 264 3064 to.
290 3035 341 3065 Sic
369 3036 518 3075 scriptum
548 3037 580 3067 in
611 3039 736 3076 ueroque
759 3037 826 3068 cod.
852 3045 907 3067 ms.
