2066 3319
538 183 718 216 PANARH
742 184 825 216 [ΑΒ.
842 186 883 218 11.
907 186 1013 219 TOM.
1035 188 1059 220 1.
1081 187 1211 221 HAER.
1232 187 1333 221 Lvn.
1631 183 1700 222 151

171 264 324 305 insania
350 277 504 319 passum
531 276 618 304 esse
643 270 789 318 patrem
821 279 896 305 non
926 265 1114 307 dubitavit
1143 281 1338 309 asserere.
1403 267 1481 311 Sed
1506 277 1544 310 et
1573 271 1710 311 maiori

171 332 330 386 quadam
364 331 587 386 arrogantia
618 346 662 371 ac
687 332 868 372 vecordia
902 334 1025 374 elatus
1056 349 1145 376 sese
1178 335 1384 392 Moysen),
1426 339 1582 379 fratrem
1616 353 1711 380 vero

171 414 282 440 suum
310 400 510 440 Aaronem
536 413 624 440 esse
647 400 758 440 dixit.
825 399 931 441 lnter
955 401 1049 442 haec
1082 403 1218 444 beatae
1248 406 1458 446 memoriae
1492 408 1711 463 presbyteri

171 467 254 509 eius
280 467 338 509 rei
370 469 468 508 fama
490 467 651 522 permoti
680 468 872 509 hominem
895 470 1108 522 advocant,
1144 472 1266 526 deque
1293 473 1351 514 his
1382 476 1559 515 omnibns
1591 476 1709 516 inter-

168 543 330 591 rogant,
365 544 584 576 utrumnam
611 543 686 576 tam
714 538 1036 578 contumeliosum
1063 540 1099 579 in
1133 546 1280 594 patrem
1313 541 1451 596 dogma
1487 544 1710 598 proposuis-

167 611 242 645 set.
287 604 342 645 At
364 604 426 644 ille
448 618 577 644 coram
601 604 918 658 presbyterorum
942 621 1130 648 consessu
1155 608 1364 662 productus
1386 611 1546 651 inficiari
1571 613 1708 666 primo,

168 673 268 727 quod
297 679 386 713 ante
419 673 541 728 ipsum
575 686 688 713 nemo
715 680 829 713 atrox
864 674 954 713 illud
986 682 1101 728 atque
1127 675 1285 716 exitiale
1313 677 1421 717 virus
1454 681 1705 721 evomuisset.

165 739 310 782 Postea
339 755 449 792 vero,
485 755 568 781 cum
592 741 739 781 rabiem
763 756 871 781 suam
900 742 1110 793 nonnullis,
1147 751 1184 783 ut
1209 744 1258 784 ita
1283 743 1422 795 dicam,
1457 749 1707 801 aspersisset,

166 823 212 850 ac
245 810 378 850 decem
412 810 493 850 fere
519 809 693 849 homines
726 809 797 849 sibi
824 809 1092 861 adiunxisset,
1126 811 1312 852 maiorem
1341 813 1378 853 in
1404 815 1622 868 superbiam
1654 824 1709 857 at-

165 891 238 931 que
271 878 517 918 insolentiam
548 878 673 918 elatus
711 885 825 931 atque
861 877 1045 918 audacior
1078 880 1201 920 factus
1234 880 1355 935 palam
1389 881 1569 922 haeresin
1601 898 1708 924 suam

165 946 448 986 disseminavit.
514 944 681 986 Proinde
708 959 861 986 rursum
892 946 991 986 idem
1016 946 1068 987 illi
1094 948 1313 1003 presbyteri
1341 956 1415 990 tam
1441 950 1564 1005 ipsum
1598 967 1707 1006 quam

165 1014 228 1068 qui
257 1028 300 1054 se
324 1015 368 1055 ad
394 1027 480 1054 eum
506 1013 716 1054 infeliciter
743 1022 1005 1068 aggregarent
1029 1024 1251 1067 arcessunt,
1284 1025 1398 1072 atque
1423 1018 1558 1059 iisdem
1579 1020 1624 1060 de
1649 1035 1709 1061 re-

164 1082 234 1123 bus
263 1082 528 1123 sciscitantur.
591 1080 661 1123 llle
695 1096 780 1122 eum
817 1096 938 1137 grege
973 1098 1044 1124 suo
1075 1085 1241 1125 frontem
1278 1085 1494 1141 perfricans
1526 1088 1710 1129 audacter

165 1151 435 1192 contradicere
462 1151 603 1206 coepit.
669 1150 728 1191 Ac
751 1150 864 1205 quid,
898 1150 1045 1205 inquit,
1079 1153 1167 1192 mali
1195 1154 1295 1194 feci?
1354 1153 1481 1196 Unum
1504 1156 1614 1196 deum
1642 1171 1710 1197 ve-

165 1233 299 1270 neror,
334 1234 449 1260 unum
474 1219 581 1270 novi,
617 1232 689 1259 nec
712 1226 868 1274 praeter
890 1220 1013 1274 ipsum
1034 1220 1197 1261 alterum
1219 1229 1366 1273 natum,
1401 1238 1573 1278 passum,
1607 1240 1710 1266 mor-

165 1295 285 1329 tuum.
347 1288 409 1329 Ad
434 1302 544 1342 quam
569 1287 788 1343 opinionem
812 1303 896 1328 cum
920 1296 1148 1330 constanter
1171 1290 1494 1343 adhaeresceret,
1530 1307 1614 1333 eum
1644 1309 1709 1349 pa-

164 1357 260 1397 riter
283 1363 397 1411 atque
421 1356 504 1397 eius
528 1357 737 1412 discipulos
763 1356 809 1397 ab
835 1357 1003 1398 ecclesia
1027 1358 1186 1413 pellunt.
1235 1357 1408 1400 Moritur
1434 1360 1572 1402 deinde
1594 1363 1707 1417 paulo

163 1433 249 1480 post
275 1440 359 1466 cum
386 1426 503 1465 fratre
526 1439 621 1476 suo,
657 1439 781 1480 neque
808 1432 935 1466 tamen
963 1432 1027 1466 aut
1050 1426 1112 1467 ille
1136 1426 1218 1481 pari
1242 1441 1286 1468 ac
1313 1426 1478 1484 Moyses
1502 1429 1608 1482 olim,
1643 1439 1708 1472 aut

163 1494 247 1535 eius
283 1495 427 1543 frater,
461 1494 596 1534 eadem
629 1508 701 1548 qua
726 1494 862 1534 Aaron
891 1493 1185 1535 honorificentia
1211 1496 1349 1551 sepulti
1381 1504 1492 1550 sunt3
1529 1506 1708 1554 tanquam

163 1563 265 1602 enim
300 1562 525 1602 desertores
559 1562 699 1602 abiecti
729 1569 842 1613 sunt,
887 1576 957 1602 nec
989 1562 1035 1603 ab
1069 1563 1144 1603 ullo
1174 1565 1452 1606 catholicorum
1485 1568 1708 1622 sepulturae

162 1630 348 1671 mandati.
410 1629 506 1671 Post
529 1630 623 1670 haec
650 1630 713 1684 qui
740 1637 960 1686 corruptam
987 1630 1033 1671 ab
1059 1645 1105 1672 eo
1131 1632 1344 1673 doctrinam
1372 1634 1585 1676 hauserant
1606 1637 1706 1677 istud

161 1700 285 1754 ipsum
319 1699 459 1753 dogma
494 1698 822 1749 corroborarunt,
863 1699 998 1740 iisdem
1032 1700 1168 1754 quibus
1193 1701 1364 1756 ipsorum
1390 1703 1576 1758 magister
1598 1705 1707 1745 initio

162 1768 294 1809 verbis
322 1768 490 1808 adducti.
552 1766 655 1808 Nam
682 1782 767 1808 cnm
791 1767 1108 1824 presbyterorum
1134 1770 1298 1811 concilio
1322 1772 1565 1826 percontanti
1586 1774 1708 1814 dixis-

161 1844 223 1878 set
249 1851 363 1877 unum
396 1850 439 1877 se
467 1837 579 1877 deum
609 1836 760 1887 colere,
797 1850 890 1877 vere
924 1836 995 1877 hoc
1027 1837 1074 1877 ab
1103 1838 1178 1878 illis
1206 1852 1436 1893 responsum
1469 1841 1612 1882 audiit:
1655 1841 1709 1883 Et

162 1920 234 1947 nos
260 1920 375 1946 nuum
401 1919 554 1960 quoque
583 1906 695 1946 deum
725 1905 909 1955 colimus,
943 1905 1010 1946 sed
1043 1908 1361 1960 quemadmodum
1396 1909 1567 1964 legitime
1601 1910 1706 1951 illum

161 1975 292 2015 colere
318 1975 513 2015 novimus.
577 1972 791 2028 Itidemque
815 1971 1014 2015 Christum
1045 1975 1230 2016 habemus
1257 1990 1397 2028 unum,
1431 1979 1498 2019 sed
1524 1980 1707 2034 quemad-

164 2044 316 2084 modum
343 2043 538 2093 novimus,
575 2057 689 2082 unum
718 2040 916 2083 Christum
943 2042 1004 2082 dei
1028 2043 1160 2094 lilium,
1195 2058 1366 2098 passum,
1401 2048 1593 2101 quomodo
1620 2062 1707 2103 pas-

162 2126 228 2153 sus
249 2119 333 2162 est,
368 2119 584 2162 mortuum,
620 2112 812 2166 quomodo
836 2118 1009 2152 mortuus
1035 2119 1109 2152 est.
1173 2111 1250 2166 Qui
1275 2121 1313 2154 et
1333 2116 1570 2167 resurrexit,
1605 2124 1643 2157 et
1667 2117 1705 2157 in

162 2181 310 2221 eoelum
336 2181 532 2229 ascendit,
568 2187 603 2220 et
634 2180 678 2220 ad
709 2180 828 2235 patris
857 2181 1056 2221 dexteram
1088 2188 1242 2232 manet,
1278 2189 1316 2222 et
1342 2191 1529 2225 venturus
1559 2192 1617 2225 est
1647 2186 1704 2226 iu—

163 2250 293 2290 dicare
320 2249 430 2290 vivos
455 2256 492 2289 et
517 2255 707 2289 mortuos.
760 2247 868 2289 Haec
893 2263 964 2289 nos
987 2263 1031 2289 ac
1056 2249 1259 2305 scripturis
1284 2251 1406 2292 sacris
1430 2260 1588 2308 accepta
1617 2268 1704 2308 pro-

161 2318 336 2368 fitemur,
371 2331 469 2373 quae
502 2325 540 2358 et
571 2317 766 2358 novimus.

276 2386 378 2428 Hinc
407 2386 596 2427 Noetiani
630 2386 735 2426 velut
770 2385 816 2426 ab
851 2400 898 2426 eo
925 2386 1050 2427 avulsi
1077 2401 1122 2427 ac
1153 2389 1351 2443 propagati
1383 2396 1496 2443 atque
1528 2390 1701 2432 universi

163 2456 245 2496 eius
269 2456 446 2497 asseclae
468 2456 568 2496 idem
595 2457 731 2510 dogma
760 2456 1011 2510 profitentur,
1045 2470 1090 2497 ac
1121 2456 1325 2497 fanaticam
1356 2458 1456 2498 illam
1488 2459 1701 2500 doctrinam

162 2525 349 2565 eiusmodi
376 2525 508 2565 verbis
530 2525 719 2565 affirmare
745 2531 936 2565 conantur
959 2524 1097 2579 quibus
1120 2523 1301 2581 Moysem
1330 2526 1424 2566 deus
1447 2527 1584 2568 affatus
1617 2535 1699 2569 est:

159 2597 244 2646 Ego
268 2609 348 2633 sum
370 2597 460 2633 deus
475 2602 628 2646 patrum
652 2601 871 2633 vestrorum.
922 2596 1006 2645 Ego
1023 2597 1184 2646 primus,
1219 2603 1256 2633 et
1272 2609 1340 2646 ego
1360 2599 1563 2647 posterior.
1616 2600 1700 2637 Non

160 2670 272 2702 erunt
294 2664 364 2702 tibi
382 2665 573 2702 dc'z'allere‘
596 2670 666 2701 ele.
731 2660 797 2703 Ex
827 2662 964 2717 quibus
988 2663 1039 2702 ita
1064 2662 1319 2716 colligebant:
1361 2661 1449 2704 Nos
1475 2664 1598 2719 ipsum
1632 2680 1700 2706 no-

161 2731 287 2772 vimus
312 2731 452 2772 solum.
517 2729 650 2785 Quare
673 2731 705 2772 si
729 2731 893 2772 veniens
912 2728 1094 2772 Christus
1118 2737 1230 2771 natus
1254 2738 1330 2781 est,
1365 2732 1463 2773 idem
1484 2733 1566 2789 ipse
1593 2741 1702 2789 pater

161 2807 223 2840 est
248 2807 286 2840 et
318 2800 442 2851 filius,
476 2801 575 2841 idem
604 2801 769 2855 denique
798 2801 891 2841 deus
917 2807 977 2840 est
1007 2799 1069 2854 qni
1102 2805 1137 2839 et
1169 2813 1324 2854 semper
1353 2801 1424 2842 fuit
1454 2809 1493 2842 et
1523 2803 1561 2843 iu
1590 2816 1700 2858 prae-

160 2868 284 2910 sentia
309 2869 440 2920 venit,
475 2876 514 2910 ut
541 2869 735 2925 scriptura
760 2869 953 2910 declarat:
989 2871 1060 2907 Hic
1087 2876 1145 2906 est
1165 2871 1254 2908 deus
1278 2878 1376 2910 tems.
1439 2874 1524 2911 Non
1549 2880 1698 2924 reputa-

210 3016 284 3050 Cn.
308 3019 348 3049 ΙΙ.
373 3035 416 3041 -
456 3018 482 3050 1.
512 3020 638 3050 Cor-rexi
660 3013 718 3060 ἀφ’
743 3012 800 3060 ὧν,
825 3018 908 3057 quod
929 3018 1065 3057 postulat
1087 3019 1245 3051 sententia.
1295 3020 1381 3053 Libri
1401 3021 1511 3054 habent
1539 3016 1598 3064 ἐφ’
1622 3014 1674 3062 ἧς.

1728 2404 1805 2447 Cap.
1829 2405 1868 2436 Π.

1737 2883 1865 2910 Baruch.

1716 2919 1743 2953 3,
1761 2919 1794 2946 ³5
1804 2934 1833 2938 -
1843 2918 1883 2946 ³⁴1.
