2066 3319
244 822 330 867 Κεφ.
352 821 389 857 λ’.

251 2139 316 2170 pag.
336 2131 394 2160 64⁷.

235 2340 322 2384 Κεφ.
342 2337 402 2374 λα’.

413 274 455 317 ‘O
478 276 547 328 μέν
569 292 629 316 τοι
651 273 797 328 κόσμος
818 273 904 316 οὐδ’
929 273 1051 324 αὐτός
1074 276 1150 318 ἐστι
1172 281 1243 318 τοῦ
1267 281 1388 327 θεοῦ,
1424 281 1441 306 6
1456 274 1531 318 ἄλλ’
1554 275 1581 328 ἢ
1604 274 1682 317 οἷπό
1709 276 1852 329 μέρους
1877 281 1946 330 τῆς

402 343 526 397 ’”’Υλης
557 342 755 396 ἐπλάσθη,
785 344 853 384 καὶ
878 341 942 384 διά
965 347 1080 385 τοῦτο
1107 343 1234 386 πάντα
1257 343 1491 397 ἀφανίζεται.
1539 343 1592 385 uO
1617 344 1659 385 δὲ
1689 342 1878 397 ἐσύλησαν
1908 345 1950 386 οἱ

975 197 1135 230 SANCTI
1160 198 1383 231 EPIPHANII

402 409 608 466 ’Ἄρχοντες
629 409 706 453 ἀπό
729 415 799 453 τοῦ
821 410 979 466 πρώτου
1004 411 1245 467 ἀνθρώπου,
1277 412 1375 455 αὐτό
1399 415 1476 454 ἐστι
1500 411 1542 454 τό
1565 414 1716 467 γεμίζον
1739 410 1810 465 τὴν
1838 410 1945 465 σελή-

412 497 506 531 νην,
537 478 579 521 τὸ
604 478 915 535 καθαριζόμενον
936 479 1202 535 καθημερινὸν
1223 478 1299 523 ἆπὸ
1323 486 1393 523 τοῦ
1420 479 1588 534 κόσμου·
1619 482 1687 522 καὶ
1716 478 1784 522 ἐοὶν
1807 481 1944 538 ἐξέλθῃ

412 545 439 601 ἡ
464 546 573 601 ’ψυχὴ
605 546 658 601 μὴ
692 552 838 603 γνοῦσα
871 546 943 601 τὴν
974 546 1183 602 ἀλήθειαν,
1224 551 1482 604 παραδίδοται
1515 554 1597 598 τοῖς
1630 551 1807 602 δαίμοσιν
1837 547 1947 597 ὅπως

415 614 641 669 δαμᾶσωσιν
662 614 786 669 αὐτὴν
808 618 849 658 ἐν
870 622 955 665 ταῖς
979 618 1151 672 γεένναις
1173 622 1244 659 τοῦ
1267 617 1413 675 πυρὸς,
1443 618 1511 659 καὶ
1535 616 1628 670 μετὰ
1648 615 1720 670 τὴν
1742 618 1946 658 παίδευσιν

414 687 671 739 μεταγγίζεται
693 686 747 733 εἰς
765 683 939 738 σώματα,
970 687 1035 727 ἵνα
1057 687 1265 744 δαμασθῇ,
1295 687 1363 728 καὶ
1385 686 1489 728 οὕτω
1512 684 1688 739 βάλλεται
1709 686 1764 734 εἰς
1783 683 1827 727 τὸ
1849 685 1946 740 μέγα

413 757 515 808 πῦρ,
547 751 634 806 ἄχρι
664 757 733 806 τῆς
763 756 989 802 συντελείας.

530 823 630 877 Περὶ
655 822 696 863 δὲ
720 826 798 864 τῶν
827 820 916 877 παρ’
948 819 1072 875 1ὑμῖν
1096 825 1312 876 προφητῶν
1334 821 1459 870 οὕτως
1481 821 1598 877 λέγει,
1632 824 1820 874 2πνεῦμα
1849 817 1946 863 εἶναι

1867 890 1946 931 Καὶ

413 956 479 999 δια
507 963 621 1000 τοῦτο
652 960 916 1012 πλανηθέντες
947 958 1022 1001 οὐκ
1049 958 1234 1013 ἐλάλησαν
1266 960 1336 1001 3ἐν
1363 956 1539 1015 ἀληθεία.
1597 956 1842 1010 Έτύφλωσεν
1869 955 1944 1013 γὰρ

413 887 608 943 ἆσεβείας,
639 889 726 943 ἤτοι
750 889 912 944 ἀνομίας
932 895 1002 932 τοῦ
1023 889 1208 942 σκότους,
1239 895 1308 932 τοῦ
1332 888 1397 931 ἄπ’
1418 887 1536 944 ἀρχῆς
1558 887 1806 938 ἀνελθόντος.

415 1025 544 1068 αὐτῶν
574 1024 596 1068 ὅ
613 1025 768 1082 ’Ἄρχων
790 1025 860 1081 τήν
888 1026 1077 1069 διάνοιαν.
1140 1028 1221 1068 Καὶ
1245 1029 1356 1076 εἴτις
1383 1025 1599 1068 ἀκολουθεῖ
1613 1031 1696 1074 τοῖς
1723 1024 1854 1081 λόγοις
1878 1023 1946 1066 αύ-

412 1098 509 1146 τῶν,
540 1092 784 1148 ἀποθνήσκει
808 1097 862 1145 εἰς
882 1094 977 1144 τούς
996 1097 1163 1146 αἰῶνας,
1195 1096 1399 1148 δεδεμένος
1423 1097 1478 1144 εἰς
1499 1092 1600 1136 4τὸν
1620 1096 1760 1147 βῶλον,
1792 1092 1851 1135 ὅτι
1872 1090 1945 1135 οὐκ

413 1164 539 1216 ἔμαθε
573 1161 643 1216 τὴν
679 1168 821 1218 γνῶσιν
856 1168 926 1206 τοῦ
962 1163 1234 1218 Παρακλήτου.
1291 1161 1522 1205 Ἐνετείλατο
1559 1162 1600 1204 δὲ
1635 1168 1718 1210 τοῖς
1754 1163 1946 1210 ἐκλεκτοῖς

415 1225 570 1273 ὄαῦτοῦ
604 1231 755 1285 μόνοις,
798 1230 845 1274 ού
879 1232 996 1273 πλέον
1030 1230 1125 1273 ἑπτα
1161 1227 1246 1273 οὖσι
1280 1230 1348 1273 τόν
1379 1229 1574 1286 ἀριθμὸν,
1615 1228 1709 1272 Ἐὰν
1739 1229 1946 1283 παύσησθε

413 1300 630 1350 ἐσθίοντες,
663 1298 841 1353 εὔχεσθε,
872 1300 938 1341 καὶ
961 1298 1115 1352 βάλλετε
1139 1301 1202 1341 ἐπὶ
1229 1304 1299 1353 τῆς
1318 1304 1492 1351 κεφαλῆς
1517 1300 1648 1340 ἔλαιον
1668 1298 1946 1354 ἐξωρκισμένον

1701 1365 1757 1408 To}
1781 1367 1824 1409 δὲ
1854 1364 1943 1408 δνό·

1866 1436 1945 1476 Καὶ

412 1502 529 1546 πάλιν
559 1502 601 1546 τό
630 1502 721 1559 παρ’
747 1503 873 1558 7’ἡμῖν
894 1508 1018 1559 τίμιον
1047 1505 1113 1546 καὶ
1141 1505 1237 1560 μέγα
1261 1503 1386 1558 ὄνομα
1408 1501 1592 1560 Σαβαώθ
1622 1500 1717 1544 aaz&
1747 1500 1847 1544 εἶναι
1873 1501 1946 1557 τὴν

413 1364 574 1420 ὀνόμασι
602 1373 777 1419 πολλοῖς,
809 1366 909 1423 πρὸς
931 1366 1140 1423 στηριγμὸν
1167 1372 1236 1421 τῆς
1261 1370 1423 1415 πίστεως
1450 1365 1633 1420 6ταύτης.

413 1434 515 1488 ματά
538 1453 601 1489 μοι
626 1434 698 1478 οὐκ
722 1435 969 1490 ἐφανερώθη.
1030 1435 1165 1478 Μόνοι
1186 1434 1258 1492 γαρ
1279 1438 1319 1478 οἱ
1338 1433 1434 1477 ἕπτοὶ
1457 1433 1610 1483 τούτοις
1631 1439 1806 1489 χρῶνται.

413 1570 536 1625 φύσιν
565 1577 636 1615 τοῦ
670 1571 912 1627 ἀνθρώπου,
950 1574 1018 1615 καὶ
1052 1574 1200 1628 πατέρα
1237 1577 1306 1626 τῆς
1344 1574 1567 1625 ἐπιθυμίας.
1627 1572 1707 1613 Καὶ
1736 1570 1802 1613 διὰ
1831 1575 1945 1614 τοῦτο

417 1638 636 1696 θᾶπλοὶριοι
667 1646 935 1697 προςκυνοῦσι
963 1640 1035 1695 τήν
1067 1643 1303 1695 ἐπιθυμίαν,
1335 1639 1432 1682 θεὸν
1462 1638 1583 1693 αὐτὴν
1611 1637 1833 1695 ἡγούμενοι.

529 1711 628 1764 Περὶ
650 1710 691 1751 δὲ
709 1715 779 1752 τοῦ
798 1709 920 1763 Ἀδοὶμ
943 1715 1028 1759 πῶς
1047 1711 1207 1764 ἐκτίσθη
1227 1711 1324 1765 λέγει
1346 1708 1486 1759 οὕτως,
1518 1707 1578 1751 ὅτι
1600 1705 1623 1750 ό
1643 1707 1778 1760 εἰπών,
1810 1713 1945 1761 Δεῦτε,

411 1779 478 1819 καὶ
504 1777 726 1831 ποιήσωμεν
751 1777 969 1834 ἄνθρωπον
991 1777 1074 1821 κατ’
1096 1777 1228 1821 εἰκόνα
1251 1776 1440 1832 ἡμετέραν
1467 1778 1536 1819 καὶ
1566 1775 1658 1819 καθ’
1681 1774 1869 1831 ὁμοίωσιν
1878 1811 1889 1830 ,
1919 1775 1946 1831 ἢ

412 1844 505 1888 καθ’
528 1845 576 1900 ἣν
599 1849 752 1900 εἴδομεν
774 1846 947 1902 μορφὴν,
966 1846 1120 1902 ’Ἄρχων
1141 1848 1258 1898 ἐστὶν,
1289 1844 1311 1888 ό
1334 1844 1455 1888 εἰπών
1473 1851 1556 1894 τοῖς
1578 1846 1722 1901 ἑτέροις
1734 1844 1947 1902 ’Ἀρχουσιν

415 1914 493 1966 ὅτι,
526 1919 667 1966 Δεῦτε,
700 1915 786 1957 δότε
811 1934 874 1969 μοι
905 1917 948 1958 ἐκ
973 1920 1043 1958 τοῦ
1075 1914 1206 1968 φωτός
1231 1909 1281 1957 οὗ
1307 1914 1514 1968 ἐλάβομεν,
1546 1915 1614 1956 καὶ
1635 1913 1858 1968 ποιήσωμεν
1880 1913 1946 1957 ἅν-

412 1990 581 2038 θρωπον
614 1983 710 2025 κατοὶ
738 1983 808 2037 τὴν
838 1982 972 2038 ἡμῶν,
1003 1988 1082 2026 τῶν
1104 1982 1338 2038 Ἀρχόντων,
1370 1981 1549 2038 μορφὴν,
1581 1981 1673 2024 καθ’
1699 1983 1749 2037 ἣν
1777 1985 1944 2037 εἴδομεν,

1867 2051 1946 2105 Τὴν

414 2120 456 2162 δὲ
477 2119 590 2161 Εὕαν
611 2118 758 2173 ὁμοίως
781 2121 953 2172 ἔκτισαν,
985 2120 1117 2179 δόντες
1141 2120 1242 2178 αὐτῇ
1265 2122 1306 2162 ἐκ
1332 2125 1401 2174 τῆς
1425 2121 1640 2173 ἐπιθυμίας
1663 2119 1815 2171 αὐτῶν,
1846 2118 1947 2175 πρὸς

417 2056 434 2080 ⁹
449 2050 471 2094 ’ὅ
494 2054 574 2094 ἐστι
595 2057 750 2107 πρῶτος
772 2051 1001 2108 ἅνθρωπος,
1039 2054 1158 2094 10καὶ
1185 2051 1309 2101 οὕτως
1333 2053 1457 2093 ἔκτισε
1481 2050 1548 2093 τὸν
1574 2049 1801 2107 ἄνθρωπον.

413 2187 455 2231 τὸ
481 2191 714 2243 ἐξαπατῆσαι
738 2187 805 2230 τὸν
823 2187 942 2242 'Arma
957 2224 966 2240 ,
996 2191 1064 2231 καὶ
1095 2194 1111 2218 1
1126 2194 1138 2218 ¹
1154 2188 1218 2231 διὰ
1239 2188 1387 2231 τούτων
1408 2190 1563 2245 γέγονεν
1582 2186 1609 2242 ’ἡ
1630 2187 1767 2238 πλάσις
1786 2192 1859 2230 τοῦ
1879 2186 1945 2231 κό-

415 2272 538 2313 σμου,
570 2259 612 2300 ἐκ
642 2262 710 2310 τῆς
739 2261 810 2298 τοῦ
829 2256 1040 2312 ’Ἀρχοντος
1070 2261 1336 2313 δημιουργίας.

535 2325 610 2369 Τόν
631 2327 671 2369 δὲ
690 2325 788 2368 θεὸν
812 2324 863 2380 μὴ
886 2328 982 2380 ἔχειν
1005 2327 1121 2383 μέρος
1143 2324 1220 2381 μέτ’
1243 2325 1364 2368 αὐτοῦ
1386 2329 1457 2368 τοῦ
1479 2324 1652 2379 κόσμου,
1683 2325 1780 2379 μηδὲ
1802 2327 1947 2382 χαίρειν

1202 2478 1285 2509 Nihil
1307 2478 1404 2517 effecit
1418 2477 1575 2515 Petavius,
1598 2477 1651 2516 qui
1671 2477 1862 2516 ne9ationem
1885 2472 1946 2509 οὐκ

461 2477 492 2511 6.
517 2480 592 2510 Acta
621 2479 761 2509 Archelai
790 2487 821 2517 p.
845 2475 893 2508 18.
917 2476 975 2507 sed
1001 2487 1039 2507 ex
1064 2483 1158 2520 parte

1204 2527 1273 2554 ante
1297 2520 1460 2564 ἐλάλησαν
1492 2522 1701 2553 inducendam
1725 2530 1787 2552 esse
1814 2523 1947 2560 putavit.

417 2523 574 2555 Materiae
601 2522 683 2565 (cod.
705 2524 807 2554 Casin.
835 2533 873 2553 ex
894 2521 1061 2564 Materia).

464 2569 541 2601 CAP.
566 2568 681 2599 XXX.
706 2586 749 2592 —-
801 2568 827 2599 1.
851 2563 932 2608 ἡμῖν
959 2569 1078 2598 volebat
1101 2570 1158 2599 Pe-

417 2617 528 2646 tavius.
575 2617 609 2645 At
642 2615 791 2645 librorum
823 2615 1008 2652 scripturam
1034 2614 1160 2652 firmant

418 2664 494 2691 Acta
514 2661 652 2691 Archelai
671 2669 701 2699 p.
726 2661 793 2697 lca,
817 2660 868 2689 nbi
888 2659 1063 2698 Zacagnius
1081 2662 1158 2689 recte

418 2709 523 2736 contra
545 2707 707 2736 Pelavium
726 2706 843 2735 monuit
870 2705 943 2735 haec
961 2704 1059 2735 videri
1084 2704 1159 2734 Tur-

420 2751 526 2781 bonem
552 2759 695 2782 narrasse
715 2753 881 2789 antequam
904 2750 1043 2780 haeresz'n
1067 2749 1159 2787 depo-

420 2797 536 2826 suisset.

465 2843 495 2871 2.
521 2842 658 2873 Fortasse
680 2837 884 2882 Πνεύματα,
919 2843 952 2871 ut
973 2841 1065 2871 etiam
1085 2840 1159 2870 Acta

421 2886 572 2924 Archelai,
596 2888 647 2917 ubi
665 2885 796 2928 spiritus
815 2889 909 2925 extat,
928 2886 1091 2917 verisimile
1111 2884 1160 2923 fa-

423 2931 514 2961 ciunt.

1203 2569 1358 2607 In9eniose
1378 2569 1471 2607 plane
1493 2567 1568 2607 quid
1590 2576 1666 2606 opus
1687 2570 1761 2598 esset
1782 2567 1861 2597 vidit
1883 2567 1947 2597 Ga-

1204 2614 1327 2644 taherus
1350 2614 1490 2644 Adverss.
1514 2613 1598 2643 Misc.
1621 2621 1652 2651 p.
1669 2614 1744 2643 ὅυυ.
1769 2612 1822 2651 qui
1843 2607 1947 2653 τάλη-

1204 2655 1263 2695 ἓτὲς
1286 2662 1354 2689 ante
1384 2653 1445 2691 οὐκ
1467 2654 1632 2697 ἐλάλησαν
1661 2656 1810 2687 excidisse
1830 2658 1947 2688 statuit.

1207 2705 1264 2735 Cui
1293 2713 1348 2735 nos
1377 2711 1494 2743 quoque
1528 2703 1789 2741 adstipularemur
1821 2703 1882 2733 nisi
1913 2703 1946 2733 in

1204 2750 1287 2779 Actis
1308 2749 1448 2780 Archelai
1479 2750 1595 2778 extaret
1629 2757 1647 2777 a
1675 2745 1788 2788 quibus
1815 2745 1947 2789 decepti

1205 2803 1271 2824 non
1295 2801 1371 2824 sunt
1395 2792 1496 2824 locuti
1519 2791 1550 2822 in
1575 2790 1734 2827 veritate;
1760 2791 1947 2823 excaecavit

1205 2841 1270 2870 cett.
1317 2840 1496 2877 Recepimus
1523 2838 1638 2876 iyt'lur,
1671 2837 1754 2876 quod
1786 2838 1851 2868 iam
1885 2838 1946 2869 Za-

1205 2885 1334 2923 caynius
1353 2885 1511 2920 suaserat,
1533 2883 1635 2920 potins
1656 2880 1688 2914 ἐν
1710 2877 1875 2927 ἀληθείᾳ,
1898 2891 1946 2914 re·

1203 2931 1331 2967 petitum
1351 2929 1489 2960 videlicet
1511 2936 1549 2958 ex
1574 2935 1646 2959 voce
1667 2925 1853 2970 ἐλάλησαν,
1886 2937 1946 2968 quo

467 2974 498 3006 3.
525 2976 613 3006 Varie
641 2977 712 3008 huic
739 2978 804 3008 loco
834 2979 1049 3008 succurrerunt
1081 2976 1163 3006 docti
1206 2977 1271 3005 erat
1295 2975 1483 3013 absorptum.

422 3021 494 3059 viri,
519 3029 587 3052 cum
602 3023 695 3053 verba
718 3019 751 3055 ἐν
771 3018 915 3066 άληῇείᾳ
935 3031 995 3054 reon
1015 3022 1161 3054 extarent.

1251 3017 1282 3051 4.
1304 3016 1360 3052 τὸν
1391 3017 1480 3050 codd.
1504 3026 1576 3050 mss.
1605 3020 1632 3050 et
1662 3018 1709 3050 ed,
1738 3019 1838 3059 princ.
1884 3015 1945 3061 τὴν
