<?xml version="1.0" encoding="UTF-8"?>
<!DOCTYPE html PUBLIC "-//W3C//DTD XHTML 1.0 Transitional//EN"
    "http://www.w3.org/TR/xhtml1/DTD/xhtml1-transitional.dtd">
<html xmlns="http://www.w3.org/1999/xhtml" xml:lang="en" lang="en">
 <head>
  <title>
</title>
<meta http-equiv="Content-Type" content="text/html;charset=utf-8" />
  <meta name='ocr-system' content='tesseract 3.04.00' />
  <meta name='ocr-capabilities' content='ocr_page ocr_carea ocr_par ocr_line ocrx_word'/>
</head>
<body>
  <div class='ocr_page' id='page_1' title='image "./p2corporishaereseo02epipuoft/p2corporishaereseo02epipuoft_0035.png"; bbox 0 0 2056 3298; ppageno 0'>
   <div class='ocr_carea' id='block_1_1' title="bbox 501 166 1689 210">
    <p class='ocr_par' dir='ltr' id='par_1_1' title="bbox 501 166 1689 210">
     <span class='ocr_line' id='line_1_1' title="bbox 501 166 1689 210; baseline -0.004 0"><span class='ocrx_word' id='word_1_1' title='bbox 501 179 679 210; x_wconf 77' lang='lat' dir='ltr'>PANARII</span> <span class='ocrx_word' id='word_1_2' title='bbox 706 178 787 209; x_wconf 84' lang='lat' dir='ltr'>LIB.</span> <span class='ocrx_word' id='word_1_3' title='bbox 804 177 845 208; x_wconf 82' lang='lat'>11.</span> <span class='ocrx_word' id='word_1_4' title='bbox 871 178 976 209; x_wconf 63' lang='lat' dir='ltr'>Tou.</span> <span class='ocrx_word' id='word_1_5' title='bbox 999 179 1020 209; x_wconf 88' lang='lat' dir='ltr'>I.</span> <span class='ocrx_word' id='word_1_6' title='bbox 1049 179 1177 209; x_wconf 80' lang='lat' dir='ltr'>IIAER.</span> <span class='ocrx_word' id='word_1_7' title='bbox 1198 177 1347 209; x_wconf 86' lang='lat' dir='ltr'>XLVIII.</span> <span class='ocrx_word' id='word_1_8' title='bbox 1643 166 1689 205; x_wconf 85' lang='lat'>13</span> 
     </span>
    </p>
   </div>
   <div class='ocr_carea' id='block_1_2' title="bbox 145 254 1694 1200">
    <p class='ocr_par' dir='ltr' id='par_1_2' title="bbox 148 254 1691 447">
     <span class='ocr_line' id='line_1_2' title="bbox 150 254 1690 312; baseline -0.004 -13"><span class='ocrx_word' id='word_1_9' title='bbox 150 260 325 299; x_wconf 90' lang='lat' dir='ltr'>damnum</span> <span class='ocrx_word' id='word_1_10' title='bbox 360 264 474 312; x_wconf 84' lang='lat' dir='ltr'>atque</span> <span class='ocrx_word' id='word_1_11' title='bbox 505 257 682 297; x_wconf 89' lang='lat' dir='ltr'>iniuriam</span> <span class='ocrx_word' id='word_1_12' title='bbox 715 256 879 310; x_wconf 87' lang='lat' dir='ltr'>accepit.</span> <span class='ocrx_word' id='word_1_13' title='bbox 945 256 1002 296; x_wconf 88' lang='lat' dir='ltr'>Ita</span> <span class='ocrx_word' id='word_1_14' title='bbox 1030 258 1120 297; x_wconf 81' lang='lat' dir='ltr'>nihil</span> <span class='ocrx_word' id='word_1_15' title='bbox 1148 256 1305 296; x_wconf 87' lang='lat' dir='ltr'>omnino</span> <span class='ocrx_word' id='word_1_16' title='bbox 1333 255 1472 295; x_wconf 87' lang='lat' dir='ltr'>virium</span> <span class='ocrx_word' id='word_1_17' title='bbox 1500 254 1615 294; x_wconf 84' lang='lat' dir='ltr'>habet</span> <span class='ocrx_word' id='word_1_18' title='bbox 1645 255 1690 293; x_wconf 93' lang='lat' dir='ltr'>ad</span> 
     </span>
     <span class='ocr_line' id='line_1_3' title="bbox 150 323 1691 380; baseline -0.003 -14"><span class='ocrx_word' id='word_1_19' title='bbox 150 326 402 366; x_wconf 89' lang='lat' dir='ltr'>simulandam</span> <span class='ocrx_word' id='word_1_20' title='bbox 430 326 633 366; x_wconf 86' lang='lat' dir='ltr'>veritatem</span> <span class='ocrx_word' id='word_1_21' title='bbox 659 325 896 380; x_wconf 86' lang='lat' dir='ltr'>compositus</span> <span class='ocrx_word' id='word_1_22' title='bbox 925 339 1080 375; x_wconf 81' lang='lat' dir='ltr'>sermo,</span> <span class='ocrx_word' id='word_1_23' title='bbox 1129 326 1189 365; x_wconf 79' lang='lat' dir='ltr'>vel</span> <span class='ocrx_word' id='word_1_24' title='bbox 1217 325 1263 364; x_wconf 86' lang='lat' dir='ltr'>ab</span> <span class='ocrx_word' id='word_1_25' title='bbox 1290 325 1362 364; x_wconf 90' lang='lat' dir='ltr'>illis</span> <span class='ocrx_word' id='word_1_26' title='bbox 1391 323 1541 364; x_wconf 80' lang='lat' dir='ltr'>fabulae</span> <span class='ocrx_word' id='word_1_27' title='bbox 1570 323 1691 362; x_wconf 86' lang='lat' dir='ltr'>instar</span> 
     </span>
     <span class='ocr_line' id='line_1_4' title="bbox 148 394 590 447; baseline -0.002 -13"><span class='ocrx_word' id='word_1_28' title='bbox 148 395 371 447; x_wconf 80' lang='lat' dir='ltr'>excogitata</span> <span class='ocrx_word' id='word_1_29' title='bbox 403 394 590 435; x_wconf 85' lang='lat' dir='ltr'>narratio.</span> 
     </span>
    </p>

    <p class='ocr_par' dir='ltr' id='par_1_3' title="bbox 145 459 1694 1200">
     <span class='ocr_line' id='line_1_5' title="bbox 266 459 1689 516; baseline -0.004 -13"><span class='ocrx_word' id='word_1_30' title='bbox 266 462 379 516; x_wconf 81' lang='lat' dir='ltr'>Quod</span> <span class='ocrx_word' id='word_1_31' title='bbox 407 477 502 504; x_wconf 79' lang='lat' dir='ltr'>vero</span> <span class='ocrx_word' id='word_1_32' title='bbox 524 462 800 502; x_wconf 83' lang='lat' dir='ltr'>continentiam</span> <span class='ocrx_word' id='word_1_33' title='bbox 824 460 995 514; x_wconf 80' lang='lat' dir='ltr'>gloriose</span> <span class='ocrx_word' id='word_1_34' title='bbox 1017 461 1213 509; x_wconf 90' lang='lat' dir='ltr'>iactitant,</span> <span class='ocrx_word' id='word_1_35' title='bbox 1249 460 1435 499; x_wconf 79' lang='lat' dir='ltr'>lubricum</span> <span class='ocrx_word' id='word_1_36' title='bbox 1457 466 1516 499; x_wconf 91' lang='lat' dir='ltr'>est</span> <span class='ocrx_word' id='word_1_37' title='bbox 1538 459 1689 499; x_wconf 90' lang='lat' dir='ltr'>illorum</span> 
     </span>
     <span class='ocr_line' id='line_1_6' title="bbox 151 527 1694 586; baseline -0.003 -15"><span class='ocrx_word' id='word_1_38' title='bbox 151 530 303 585; x_wconf 89' lang='lat' dir='ltr'>quidem</span> <span class='ocrx_word' id='word_1_39' title='bbox 332 545 376 571; x_wconf 90' lang='lat' dir='ltr'>ac</span> <span class='ocrx_word' id='word_1_40' title='bbox 404 531 562 586; x_wconf 86' lang='lat' dir='ltr'>periculi</span> <span class='ocrx_word' id='word_1_41' title='bbox 591 531 742 585; x_wconf 89' lang='lat' dir='ltr'>plenum</span> <span class='ocrx_word' id='word_1_42' title='bbox 772 530 937 570; x_wconf 78' lang='lat' dir='ltr'>facinus.</span> <span class='ocrx_word' id='word_1_43' title='bbox 999 527 1102 568; x_wconf 85' lang='lat' dir='ltr'>Nam</span> <span class='ocrx_word' id='word_1_44' title='bbox 1131 527 1233 567; x_wconf 89' lang='lat' dir='ltr'>inter</span> <span class='ocrx_word' id='word_1_45' title='bbox 1260 527 1505 567; x_wconf 77' lang='lat' dir='ltr'>mulierculas</span> <span class='ocrx_word' id='word_1_46' title='bbox 1533 542 1694 568; x_wconf 77' lang='lat' dir='ltr'>versan-</span> 
     </span>
     <span class='ocr_line' id='line_1_7' title="bbox 148 595 1692 653; baseline -0.002 -15"><span class='ocrx_word' id='word_1_47' title='bbox 148 606 210 639; x_wconf 86' lang='lat' dir='ltr'>tur</span> <span class='ocrx_word' id='word_1_48' title='bbox 237 599 418 651; x_wconf 81' lang='lat' dir='ltr'>assidue,</span> <span class='ocrx_word' id='word_1_49' title='bbox 462 613 555 653; x_wconf 89' lang='lat' dir='ltr'>quas</span> <span class='ocrx_word' id='word_1_50' title='bbox 586 600 852 652; x_wconf 79' lang='lat' dir='ltr'>undecumque</span> <span class='ocrx_word' id='word_1_51' title='bbox 882 597 1101 652; x_wconf 75' lang='lat' dir='ltr'>pelliciunt:</span> <span class='ocrx_word' id='word_1_52' title='bbox 1147 610 1231 635; x_wconf 90' lang='lat' dir='ltr'>cum</span> <span class='ocrx_word' id='word_1_53' title='bbox 1260 595 1306 635; x_wconf 89' lang='lat' dir='ltr'>iis</span> <span class='ocrx_word' id='word_1_54' title='bbox 1335 596 1408 634; x_wconf 89' lang='lat' dir='ltr'>iter</span> <span class='ocrx_word' id='word_1_55' title='bbox 1438 596 1603 646; x_wconf 86' lang='lat' dir='ltr'>l&#39;aciunt,</span> <span class='ocrx_word' id='word_1_56' title='bbox 1648 610 1692 635; x_wconf 91' lang='lat' dir='ltr'>ac</span> 
     </span>
     <span class='ocr_line' id='line_1_8' title="bbox 149 662 1693 720; baseline -0.003 -13"><span class='ocrx_word' id='word_1_57' title='bbox 149 668 406 708; x_wconf 89' lang='lat' dir='ltr'>communiter</span> <span class='ocrx_word' id='word_1_58' title='bbox 441 668 600 717; x_wconf 79' lang='lat' dir='ltr'>vivunt,</span> <span class='ocrx_word' id='word_1_59' title='bbox 651 680 860 720; x_wconf 87' lang='lat' dir='ltr'>earumque</span> <span class='ocrx_word' id='word_1_60' title='bbox 894 665 1119 705; x_wconf 89' lang='lat' dir='ltr'>ministeriis</span> <span class='ocrx_word' id='word_1_61' title='bbox 1151 670 1326 704; x_wconf 85' lang='lat' dir='ltr'>utuntur.</span> <span class='ocrx_word' id='word_1_62' title='bbox 1390 662 1521 716; x_wconf 82' lang='lat' dir='ltr'>Quare</span> <span class='ocrx_word' id='word_1_63' title='bbox 1555 679 1639 703; x_wconf 91' lang='lat' dir='ltr'>cnm</span> <span class='ocrx_word' id='word_1_64' title='bbox 1673 679 1693 702; x_wconf 89' lang='lat' dir='ltr'>a</span> 
     </span>
     <span class='ocr_line' id='line_1_9' title="bbox 147 731 1694 789; baseline -0.004 -13"><span class='ocrx_word' id='word_1_65' title='bbox 147 736 314 776; x_wconf 86' lang='lat' dir='ltr'>veritate</span> <span class='ocrx_word' id='word_1_66' title='bbox 337 736 490 789; x_wconf 85' lang='lat' dir='ltr'>longius</span> <span class='ocrx_word' id='word_1_67' title='bbox 518 736 668 785; x_wconf 85' lang='lat' dir='ltr'>absint,</span> <span class='ocrx_word' id='word_1_68' title='bbox 703 736 795 775; x_wconf 90' lang='lat' dir='ltr'>nihil</span> <span class='ocrx_word' id='word_1_69' title='bbox 822 741 976 789; x_wconf 83' lang='lat' dir='ltr'>praeter</span> <span class='ocrx_word' id='word_1_70' title='bbox 996 732 1217 773; x_wconf 75' lang='lat' dir='ltr'>ementitam</span> <span class='ocrx_word' id='word_1_71' title='bbox 1243 731 1344 771; x_wconf 88' lang='lat' dir='ltr'>illius</span> <span class='ocrx_word' id='word_1_72' title='bbox 1371 732 1538 786; x_wconf 84' lang='lat' dir='ltr'>speciem</span> <span class='ocrx_word' id='word_1_73' title='bbox 1564 739 1694 771; x_wconf 79' lang='lat' dir='ltr'>osten-</span> 
     </span>
     <span class='ocr_line' id='line_1_10' title="bbox 149 799 1693 859; baseline -0.003 -16"><span class='ocrx_word' id='word_1_74' title='bbox 149 811 252 854; x_wconf 86' lang='lat' dir='ltr'>tant,</span> <span class='ocrx_word' id='word_1_75' title='bbox 298 805 374 844; x_wconf 78' lang='lat' dir='ltr'>vim</span> <span class='ocrx_word' id='word_1_76' title='bbox 408 805 529 859; x_wconf 83' lang='lat' dir='ltr'>ipsam</span> <span class='ocrx_word' id='word_1_77' title='bbox 562 804 740 844; x_wconf 79' lang='lat' dir='ltr'>sincerae</span> <span class='ocrx_word' id='word_1_78' title='bbox 772 803 926 857; x_wconf 89' lang='lat' dir='ltr'>pietatis</span> <span class='ocrx_word' id='word_1_79' title='bbox 959 802 1167 855; x_wconf 84' lang='lat' dir='ltr'>abnegant.</span> <span class='ocrx_word' id='word_1_80' title='bbox 1231 799 1385 840; x_wconf 79' lang='lat' dir='ltr'>Etenim</span> <span class='ocrx_word' id='word_1_81' title='bbox 1418 799 1693 854; x_wconf 80' lang='lat' dir='ltr'>cuiuscumque</span> 
     </span>
     <span class='ocr_line' id='line_1_11' title="bbox 150 867 1691 928; baseline -0.005 -15"><span class='ocrx_word' id='word_1_82' title='bbox 150 873 261 914; x_wconf 84' lang='lat' dir='ltr'>officii</span> <span class='ocrx_word' id='word_1_83' title='bbox 288 880 433 928; x_wconf 85' lang='lat' dir='ltr'>partem</span> <span class='ocrx_word' id='word_1_84' title='bbox 459 873 597 927; x_wconf 87' lang='lat' dir='ltr'>aliquis</span> <span class='ocrx_word' id='word_1_85' title='bbox 623 872 944 928; x_wconf 72' lang='lat' dir='ltr'>praetermiserit,</span> <span class='ocrx_word' id='word_1_86' title='bbox 978 885 1023 910; x_wconf 86' lang='lat' dir='ltr'>ea</span> <span class='ocrx_word' id='word_1_87' title='bbox 1047 870 1127 925; x_wconf 89' lang='lat' dir='ltr'>ipsa</span> <span class='ocrx_word' id='word_1_88' title='bbox 1152 883 1264 923; x_wconf 87' lang='lat' dir='ltr'>quam</span> <span class='ocrx_word' id='word_1_89' title='bbox 1288 867 1415 908; x_wconf 81' lang='lat' dir='ltr'>omiSit</span> <span class='ocrx_word' id='word_1_90' title='bbox 1442 876 1547 923; x_wconf 84' lang='lat' dir='ltr'>parte</span> <span class='ocrx_word' id='word_1_91' title='bbox 1574 875 1691 908; x_wconf 88' lang='lat' dir='ltr'>totum</span> 
     </span>
     <span class='ocr_line' id='line_1_12' title="bbox 149 937 1693 996; baseline -0.003 -16"><span class='ocrx_word' id='word_1_92' title='bbox 149 942 397 996; x_wconf 81' lang='lat' dir='ltr'>praeteriiSsc</span> <span class='ocrx_word' id='word_1_93' title='bbox 420 942 637 981; x_wconf 85' lang='lat' dir='ltr'>censendus</span> <span class='ocrx_word' id='word_1_94' title='bbox 664 948 738 981; x_wconf 89' lang='lat' dir='ltr'>est.</span> <span class='ocrx_word' id='word_1_95' title='bbox 803 939 871 981; x_wconf 87' lang='lat' dir='ltr'>Sic</span> <span class='ocrx_word' id='word_1_96' title='bbox 894 939 1044 980; x_wconf 89' lang='lat' dir='ltr'>illorum</span> <span class='ocrx_word' id='word_1_97' title='bbox 1069 937 1278 992; x_wconf 85' lang='lat' dir='ltr'>mysteria,</span> <span class='ocrx_word' id='word_1_98' title='bbox 1313 951 1410 991; x_wconf 88' lang='lat' dir='ltr'>quae</span> <span class='ocrx_word' id='word_1_99' title='bbox 1431 951 1529 990; x_wconf 87' lang='lat' dir='ltr'>aqua</span> <span class='ocrx_word' id='word_1_100' title='bbox 1550 937 1693 976; x_wconf 90' lang='lat' dir='ltr'>solum-</span> 
     </span>
     <span class='ocr_line' id='line_1_13' title="bbox 145 1005 1690 1065; baseline -0.004 -15"><span class='ocrx_word' id='word_1_101' title='bbox 145 1011 260 1050; x_wconf 90' lang='lat' dir='ltr'>modo</span> <span class='ocrx_word' id='word_1_102' title='bbox 284 1017 486 1061; x_wconf 78' lang='lat' dir='ltr'>constant,</span> <span class='ocrx_word' id='word_1_103' title='bbox 521 1009 707 1065; x_wconf 85' lang='lat' dir='ltr'>mysteria</span> <span class='ocrx_word' id='word_1_104' title='bbox 732 1023 808 1049; x_wconf 91' lang='lat' dir='ltr'>non</span> <span class='ocrx_word' id='word_1_105' title='bbox 832 1015 937 1058; x_wconf 89' lang='lat' dir='ltr'>sunt,</span> <span class='ocrx_word' id='word_1_106' title='bbox 970 1008 1036 1048; x_wconf 83' lang='lat' dir='ltr'>sed</span> <span class='ocrx_word' id='word_1_107' title='bbox 1061 1007 1146 1046; x_wconf 86' lang='lat' dir='ltr'>ficta</span> <span class='ocrx_word' id='word_1_108' title='bbox 1168 1013 1285 1059; x_wconf 85' lang='lat' dir='ltr'>atque</span> <span class='ocrx_word' id='word_1_109' title='bbox 1306 1005 1473 1056; x_wconf 80' lang='lat' dir='ltr'>fallacia,</span> <span class='ocrx_word' id='word_1_110' title='bbox 1508 1019 1690 1045; x_wconf 89' lang='lat' dir='ltr'>verorum</span> 
     </span>
     <span class='ocr_line' id='line_1_14' title="bbox 145 1073 1691 1133; baseline -0.004 -14"><span class='ocrx_word' id='word_1_111' title='bbox 145 1078 192 1118; x_wconf 83' lang='lat' dir='ltr'>ad</span> <span class='ocrx_word' id='word_1_112' title='bbox 226 1078 430 1132; x_wconf 83' lang='lat' dir='ltr'>imaginem</span> <span class='ocrx_word' id='word_1_113' title='bbox 465 1092 669 1133; x_wconf 79' lang='lat' dir='ltr'>expressa.</span> <span class='ocrx_word' id='word_1_114' title='bbox 733 1076 776 1118; x_wconf 96' lang='lat' dir='ltr'>In</span> <span class='ocrx_word' id='word_1_115' title='bbox 805 1091 878 1131; x_wconf 91' lang='lat' dir='ltr'>quo</span> <span class='ocrx_word' id='word_1_116' title='bbox 903 1075 1124 1131; x_wconf 82' lang='lat' dir='ltr'>planiSsima</span> <span class='ocrx_word' id='word_1_117' title='bbox 1153 1075 1237 1114; x_wconf 90' lang='lat' dir='ltr'>illos</span> <span class='ocrx_word' id='word_1_118' title='bbox 1265 1073 1472 1114; x_wconf 84' lang='lat' dir='ltr'>salvatoris</span> <span class='ocrx_word' id='word_1_119' title='bbox 1499 1074 1691 1114; x_wconf 86' lang='lat' dir='ltr'>sententia</span> 
     </span>
     <span class='ocr_line' id='line_1_15' title="bbox 145 1144 1691 1200; baseline -0.004 -14"><span class='ocrx_word' id='word_1_120' title='bbox 145 1146 365 1200; x_wconf 80' lang='lat' dir='ltr'>redarguit:</span> <span class='ocrx_word' id='word_1_121' title='bbox 400 1150 484 1186; x_wconf 71' lang='lat' dir='ltr'>Non</span> <span class='ocrx_word' id='word_1_122' title='bbox 512 1149 630 1186; x_wconf 72' lang='lat' dir='ltr'>bibam</span> <span class='ocrx_word' id='word_1_123' title='bbox 656 1149 700 1186; x_wconf 84' lang='lat' dir='ltr'>de</span> <span class='ocrx_word' id='word_1_124' title='bbox 719 1149 787 1185; x_wconf 79' lang='lat' dir='ltr'>hoc</span> <span class='ocrx_word' id='word_1_125' title='bbox 807 1148 996 1197; x_wconf 51' lang='lat' dir='ltr'>geminine</span> <span class='ocrx_word' id='word_1_126' title='bbox 1018 1147 1124 1191; x_wconf 72' lang='lat' dir='ltr'>vitis,</span> <span class='ocrx_word' id='word_1_127' title='bbox 1159 1146 1273 1182; x_wconf 81' lang='lat' dir='ltr'>donee</span> <span class='ocrx_word' id='word_1_128' title='bbox 1298 1144 1417 1181; x_wconf 71' lang='lat' dir='ltr'>bibam</span> <span class='ocrx_word' id='word_1_129' title='bbox 1442 1145 1538 1181; x_wconf 76' lang='lat' dir='ltr'>illud</span> <span class='ocrx_word' id='word_1_130' title='bbox 1560 1158 1691 1181; x_wconf 72' lang='lat' dir='ltr'>novam</span> 
     </span>
    </p>
   </div>
   <div class='ocr_carea' id='block_1_3' title="bbox 145 1217 776 1267">
    <p class='ocr_par' dir='ltr' id='par_1_4' title="bbox 145 1217 776 1267">
     <span class='ocr_line' id='line_1_16' title="bbox 145 1217 776 1267; baseline -0.002 -13"><span class='ocrx_word' id='word_1_131' title='bbox 145 1218 183 1254; x_wconf 78' lang='lat' dir='ltr'>in</span> <span class='ocrx_word' id='word_1_132' title='bbox 213 1230 331 1267; x_wconf 75' lang='lat' dir='ltr'>regno</span> <span class='ocrx_word' id='word_1_133' title='bbox 361 1218 545 1255; x_wconf 74' lang='lat' dir='ltr'>coelorum</span> <span class='ocrx_word' id='word_1_134' title='bbox 579 1217 776 1255; x_wconf 72' lang='lat' dir='ltr'>vobiscum.</span> 
     </span>
    </p>
   </div>
   <div class='ocr_carea' id='block_1_4' title="bbox 1717 462 1870 505">
    <p class='ocr_par' dir='ltr' id='par_1_5' title="bbox 1717 462 1870 505">
     <span class='ocr_line' id='line_1_17' title="bbox 1717 462 1870 505; baseline 0.007 -12"><span class='ocrx_word' id='word_1_135' title='bbox 1717 462 1795 505; x_wconf 87' lang='lat' dir='ltr'>Cap.</span> <span class='ocrx_word' id='word_1_136' title='bbox 1818 464 1870 494; x_wconf 87' lang='lat' dir='ltr'>Ill.</span> 
     </span>
    </p>
   </div>
   <div class='ocr_carea' id='block_1_5' title="bbox 275 1279 1820 1338">
    <p class='ocr_par' dir='ltr' id='par_1_6' title="bbox 275 1279 1820 1338">
     <span class='ocr_line' id='line_1_18' title="bbox 275 1279 1820 1338; baseline -0.002 -15"><span class='ocrx_word' id='word_1_137' title='bbox 275 1281 538 1336; x_wconf 84' lang='lat' dir='ltr'>Quamobrem</span> <span class='ocrx_word' id='word_1_138' title='bbox 583 1290 833 1338; x_wconf 84' lang='lat' dir='ltr'>posteaquam</span> <span class='ocrx_word' id='word_1_139' title='bbox 874 1282 971 1322; x_wconf 89' lang='lat' dir='ltr'>hanc</span> <span class='ocrx_word' id='word_1_140' title='bbox 1014 1280 1194 1321; x_wconf 85' lang='lat' dir='ltr'>haeresin</span> <span class='ocrx_word' id='word_1_141' title='bbox 1234 1279 1472 1321; x_wconf 86' lang='lat' dir='ltr'>validissima</span> <span class='ocrx_word' id='word_1_142' title='bbox 1514 1279 1690 1321; x_wconf 80' lang='lat' dir='ltr'>veritatis</span> <span class='ocrx_word' id='word_1_143' title='bbox 1710 1287 1820 1314; x_wconf 77' lang='lat' dir='ltr'>Matth-</span> 
     </span>
    </p>
   </div>
   <div class='ocr_carea' id='block_1_6' title="bbox 144 1348 1693 2092">
    <p class='ocr_par' dir='ltr' id='par_1_7' title="bbox 144 1348 1693 2092">
     <span class='ocr_line' id='line_1_19' title="bbox 145 1348 1692 1407; baseline -0.002 -15"><span class='ocrx_word' id='word_1_144' title='bbox 145 1366 262 1393; x_wconf 90' lang='lat' dir='ltr'>manu</span> <span class='ocrx_word' id='word_1_145' title='bbox 286 1353 619 1407; x_wconf 86' lang='lat' dir='ltr'>propulsavimus,</span> <span class='ocrx_word' id='word_1_146' title='bbox 653 1367 697 1393; x_wconf 87' lang='lat' dir='ltr'>ac</span> <span class='ocrx_word' id='word_1_147' title='bbox 723 1352 829 1392; x_wconf 88' lang='lat' dir='ltr'>velut</span> <span class='ocrx_word' id='word_1_148' title='bbox 853 1351 1096 1406; x_wconf 85' lang='lat' dir='ltr'>importunae</span> <span class='ocrx_word' id='word_1_149' title='bbox 1119 1349 1268 1389; x_wconf 88' lang='lat' dir='ltr'>cuidam</span> <span class='ocrx_word' id='word_1_150' title='bbox 1292 1348 1441 1389; x_wconf 85' lang='lat' dir='ltr'>bestiae</span> <span class='ocrx_word' id='word_1_151' title='bbox 1465 1349 1601 1390; x_wconf 86' lang='lat' dir='ltr'>dentes</span> <span class='ocrx_word' id='word_1_152' title='bbox 1622 1363 1692 1389; x_wconf 79' lang='lat' dir='ltr'>ex·</span> 
     </span>
     <span class='ocr_line' id='line_1_20' title="bbox 147 1416 1690 1476; baseline -0.003 -14"><span class='ocrx_word' id='word_1_153' title='bbox 147 1422 362 1472; x_wconf 82' lang='lat' dir='ltr'>eussimus,</span> <span class='ocrx_word' id='word_1_154' title='bbox 408 1422 453 1462; x_wconf 86' lang='lat' dir='ltr'>ad</span> <span class='ocrx_word' id='word_1_155' title='bbox 483 1422 650 1476; x_wconf 88' lang='lat' dir='ltr'>reliquas</span> <span class='ocrx_word' id='word_1_156' title='bbox 679 1428 937 1461; x_wconf 86' lang='lat' dir='ltr'>transeamus.</span> <span class='ocrx_word' id='word_1_157' title='bbox 1011 1416 1089 1459; x_wconf 87' lang='lat' dir='ltr'>Sed</span> <span class='ocrx_word' id='word_1_158' title='bbox 1119 1418 1177 1458; x_wconf 91' lang='lat' dir='ltr'>dei</span> <span class='ocrx_word' id='word_1_159' title='bbox 1204 1417 1392 1472; x_wconf 87' lang='lat' dir='ltr'>primum,</span> <span class='ocrx_word' id='word_1_160' title='bbox 1438 1424 1478 1458; x_wconf 87' lang='lat' dir='ltr'>ut</span> <span class='ocrx_word' id='word_1_161' title='bbox 1504 1418 1690 1468; x_wconf 87' lang='lat' dir='ltr'>solemus,</span> 
     </span>
     <span class='ocr_line' id='line_1_21' title="bbox 148 1486 1693 1545; baseline -0.003 -15"><span class='ocrx_word' id='word_1_162' title='bbox 148 1490 428 1545; x_wconf 88' lang='lat' dir='ltr'>implorandum</span> <span class='ocrx_word' id='word_1_163' title='bbox 451 1490 561 1530; x_wconf 90' lang='lat' dir='ltr'>nobis</span> <span class='ocrx_word' id='word_1_164' title='bbox 586 1490 659 1529; x_wconf 81' lang='lat' dir='ltr'>erit</span> <span class='ocrx_word' id='word_1_165' title='bbox 682 1489 885 1538; x_wconf 75' lang='lat' dir='ltr'>auxilium,</span> <span class='ocrx_word' id='word_1_166' title='bbox 921 1487 982 1542; x_wconf 90' lang='lat' dir='ltr'>qui</span> <span class='ocrx_word' id='word_1_167' title='bbox 1004 1494 1043 1527; x_wconf 88' lang='lat' dir='ltr'>et.</span> <span class='ocrx_word' id='word_1_168' title='bbox 1065 1486 1152 1527; x_wconf 75' lang='lat' dir='ltr'>viae</span> <span class='ocrx_word' id='word_1_169' title='bbox 1175 1486 1255 1526; x_wconf 83' lang='lat' dir='ltr'>dux</span> <span class='ocrx_word' id='word_1_170' title='bbox 1275 1486 1540 1540; x_wconf 85' lang='lat' dir='ltr'>malorumque</span> <span class='ocrx_word' id='word_1_171' title='bbox 1561 1486 1693 1540; x_wconf 88' lang='lat' dir='ltr'>depul-</span> 
     </span>
     <span class='ocr_line' id='line_1_22' title="bbox 147 1554 1691 1613; baseline -0.004 -14"><span class='ocrx_word' id='word_1_172' title='bbox 147 1572 214 1599; x_wconf 92' lang='lat' dir='ltr'>sor</span> <span class='ocrx_word' id='word_1_173' title='bbox 237 1565 275 1598; x_wconf 90' lang='lat' dir='ltr'>et</span> <span class='ocrx_word' id='word_1_174' title='bbox 294 1558 519 1613; x_wconf 84' lang='lat' dir='ltr'>prudentiae</span> <span class='ocrx_word' id='word_1_175' title='bbox 542 1558 695 1598; x_wconf 85' lang='lat' dir='ltr'>adiutor</span> <span class='ocrx_word' id='word_1_176' title='bbox 718 1565 756 1597; x_wconf 91' lang='lat' dir='ltr'>et</span> <span class='ocrx_word' id='word_1_177' title='bbox 777 1556 992 1612; x_wconf 86' lang='lat' dir='ltr'>sapientiae</span> <span class='ocrx_word' id='word_1_178' title='bbox 1014 1555 1176 1608; x_wconf 87' lang='lat' dir='ltr'>largitor</span> <span class='ocrx_word' id='word_1_179' title='bbox 1201 1561 1277 1604; x_wconf 87' lang='lat' dir='ltr'>est,</span> <span class='ocrx_word' id='word_1_180' title='bbox 1311 1561 1352 1594; x_wconf 92' lang='lat' dir='ltr'>ut</span> <span class='ocrx_word' id='word_1_181' title='bbox 1374 1554 1419 1594; x_wconf 86' lang='lat' dir='ltr'>ab</span> <span class='ocrx_word' id='word_1_182' title='bbox 1442 1554 1523 1609; x_wconf 90' lang='lat' dir='ltr'>ipso</span> <span class='ocrx_word' id='word_1_183' title='bbox 1546 1555 1691 1594; x_wconf 80' lang='lat' dir='ltr'>verita-</span> 
     </span>
     <span class='ocr_line' id='line_1_23' title="bbox 149 1622 1690 1681; baseline -0.002 -15"><span class='ocrx_word' id='word_1_184' title='bbox 149 1633 225 1666; x_wconf 88' lang='lat' dir='ltr'>tem</span> <span class='ocrx_word' id='word_1_185' title='bbox 257 1627 383 1666; x_wconf 79' lang='lat' dir='ltr'>edocti</span> <span class='ocrx_word' id='word_1_186' title='bbox 417 1627 652 1681; x_wconf 83' lang='lat' dir='ltr'>reliquarum</span> <span class='ocrx_word' id='word_1_187' title='bbox 687 1627 901 1666; x_wconf 88' lang='lat' dir='ltr'>haereseon</span> <span class='ocrx_word' id='word_1_188' title='bbox 932 1637 1088 1664; x_wconf 88' lang='lat' dir='ltr'>errores</span> <span class='ocrx_word' id='word_1_189' title='bbox 1118 1624 1336 1677; x_wconf 75' lang='lat' dir='ltr'>patefacere</span> <span class='ocrx_word' id='word_1_190' title='bbox 1368 1629 1482 1676; x_wconf 85' lang='lat' dir='ltr'>atque</span> <span class='ocrx_word' id='word_1_191' title='bbox 1515 1637 1565 1662; x_wconf 78' lang='lat' dir='ltr'>ex</span> <span class='ocrx_word' id='word_1_192' title='bbox 1596 1622 1690 1676; x_wconf 88' lang='lat' dir='ltr'>ipsis</span> 
     </span>
     <span class='ocr_line' id='line_1_24' title="bbox 145 1691 1691 1749; baseline -0.003 -15"><span class='ocrx_word' id='word_1_193' title='bbox 145 1694 323 1734; x_wconf 81' lang='lat' dir='ltr'>veritatiS</span> <span class='ocrx_word' id='word_1_194' title='bbox 347 1695 523 1745; x_wconf 85' lang='lat' dir='ltr'>vocibus,</span> <span class='ocrx_word' id='word_1_195' title='bbox 559 1695 666 1749; x_wconf 86' lang='lat' dir='ltr'>qnasi</span> <span class='ocrx_word' id='word_1_196' title='bbox 692 1709 743 1734; x_wconf 86' lang='lat' dir='ltr'>ex</span> <span class='ocrx_word' id='word_1_197' title='bbox 765 1693 892 1734; x_wconf 89' lang='lat' dir='ltr'>multis</span> <span class='ocrx_word' id='word_1_198' title='bbox 916 1691 1232 1747; x_wconf 84' lang='lat' dir='ltr'>seplasiariorum</span> <span class='ocrx_word' id='word_1_199' title='bbox 1257 1691 1492 1745; x_wconf 78' lang='lat' dir='ltr'>simpliCibus</span> <span class='ocrx_word' id='word_1_200' title='bbox 1519 1691 1691 1745; x_wconf 88' lang='lat' dir='ltr'>corpori-</span> 
     </span>
     <span class='ocr_line' id='line_1_25' title="bbox 144 1758 1691 1816; baseline -0.003 -13"><span class='ocrx_word' id='word_1_201' title='bbox 144 1762 239 1814; x_wconf 85' lang='lat' dir='ltr'>buS,</span> <span class='ocrx_word' id='word_1_202' title='bbox 273 1763 378 1803; x_wconf 83' lang='lat' dir='ltr'>velut</span> <span class='ocrx_word' id='word_1_203' title='bbox 405 1763 617 1803; x_wconf 87' lang='lat' dir='ltr'>antidotum</span> <span class='ocrx_word' id='word_1_204' title='bbox 646 1763 838 1803; x_wconf 83' lang='lat' dir='ltr'>conticere</span> <span class='ocrx_word' id='word_1_205' title='bbox 864 1760 1072 1816; x_wconf 86' lang='lat' dir='ltr'>possimus,</span> <span class='ocrx_word' id='word_1_206' title='bbox 1107 1759 1145 1799; x_wconf 88' lang='lat' dir='ltr'>in</span> <span class='ocrx_word' id='word_1_207' title='bbox 1173 1773 1306 1800; x_wconf 91' lang='lat' dir='ltr'>eorum</span> <span class='ocrx_word' id='word_1_208' title='bbox 1334 1758 1395 1813; x_wconf 88' lang='lat' dir='ltr'>qui</span> <span class='ocrx_word' id='word_1_209' title='bbox 1422 1759 1496 1798; x_wconf 86' lang='lat' dir='ltr'>iam</span> <span class='ocrx_word' id='word_1_210' title='bbox 1519 1759 1584 1799; x_wconf 85' lang='lat' dir='ltr'>icti</span> <span class='ocrx_word' id='word_1_211' title='bbox 1611 1760 1691 1799; x_wconf 86' lang='lat' dir='ltr'>t&#39;ue-</span> 
     </span>
     <span class='ocr_line' id='line_1_26' title="bbox 145 1827 1688 1885; baseline -0.002 -15"><span class='ocrx_word' id='word_1_212' title='bbox 145 1831 223 1871; x_wconf 87' lang='lat' dir='ltr'>rint</span> <span class='ocrx_word' id='word_1_213' title='bbox 248 1832 410 1885; x_wconf 82' lang='lat' dir='ltr'>gratiam</span> <span class='ocrx_word' id='word_1_214' title='bbox 427 1864 437 1883; x_wconf 86' lang='lat'>,</span> <span class='ocrx_word' id='word_1_215' title='bbox 473 1838 514 1871; x_wconf 85' lang='lat' dir='ltr'>ut.</span> <span class='ocrx_word' id='word_1_216' title='bbox 537 1832 600 1872; x_wconf 87' lang='lat' dir='ltr'>vel</span> <span class='ocrx_word' id='word_1_217' title='bbox 621 1831 716 1872; x_wconf 89' lang='lat' dir='ltr'>iisce</span> <span class='ocrx_word' id='word_1_218' title='bbox 740 1830 885 1872; x_wconf 89' lang='lat' dir='ltr'>nostris</span> <span class='ocrx_word' id='word_1_219' title='bbox 911 1829 1092 1885; x_wconf 85' lang='lat' dir='ltr'>perlectis</span> <span class='ocrx_word' id='word_1_220' title='bbox 1116 1827 1326 1868; x_wconf 88' lang='lat' dir='ltr'>remedium</span> <span class='ocrx_word' id='word_1_221' title='bbox 1348 1827 1423 1867; x_wconf 91' lang='lat' dir='ltr'>illis</span> <span class='ocrx_word' id='word_1_222' title='bbox 1446 1827 1688 1877; x_wconf 88' lang='lat' dir='ltr'>adhibeatur,</span> 
     </span>
     <span class='ocr_line' id='line_1_27' title="bbox 146 1896 1691 1951; baseline -0.003 -12"><span class='ocrx_word' id='word_1_223' title='bbox 146 1899 208 1940; x_wconf 90' lang='lat' dir='ltr'>vel</span> <span class='ocrx_word' id='word_1_224' title='bbox 234 1899 265 1940; x_wconf 89' lang='lat' dir='ltr'>si</span> <span class='ocrx_word' id='word_1_225' title='bbox 293 1900 434 1940; x_wconf 89' lang='lat' dir='ltr'>nullam</span> <span class='ocrx_word' id='word_1_226' title='bbox 460 1900 581 1940; x_wconf 86' lang='lat' dir='ltr'>adhuc</span> <span class='ocrx_word' id='word_1_227' title='bbox 605 1900 688 1941; x_wconf 90' lang='lat' dir='ltr'>eius</span> <span class='ocrx_word' id='word_1_228' title='bbox 715 1899 772 1940; x_wconf 87' lang='lat' dir='ltr'>rei</span> <span class='ocrx_word' id='word_1_229' title='bbox 799 1898 974 1939; x_wconf 88' lang='lat' dir='ltr'>notitiam</span> <span class='ocrx_word' id='word_1_230' title='bbox 999 1897 1226 1947; x_wconf 87' lang='lat' dir='ltr'>habuerint,</span> <span class='ocrx_word' id='word_1_231' title='bbox 1261 1910 1307 1936; x_wconf 86' lang='lat' dir='ltr'>ea</span> <span class='ocrx_word' id='word_1_232' title='bbox 1334 1896 1484 1936; x_wconf 90' lang='lat' dir='ltr'>demum</span> <span class='ocrx_word' id='word_1_233' title='bbox 1511 1902 1691 1951; x_wconf 85' lang='lat' dir='ltr'>percepta</span> 
     </span>
     <span class='ocr_line' id='line_1_28' title="bbox 145 1964 1690 2023; baseline -0.003 -16"><span class='ocrx_word' id='word_1_234' title='bbox 145 1981 288 2008; x_wconf 85' lang='lat' dir='ltr'>cavere</span> <span class='ocrx_word' id='word_1_235' title='bbox 320 1968 391 2008; x_wconf 89' lang='lat' dir='ltr'>sibi</span> <span class='ocrx_word' id='word_1_236' title='bbox 420 1968 593 2023; x_wconf 87' lang='lat' dir='ltr'>possint,</span> <span class='ocrx_word' id='word_1_237' title='bbox 639 1969 751 2023; x_wconf 89' lang='lat' dir='ltr'>idque</span> <span class='ocrx_word' id='word_1_238' title='bbox 779 1968 901 2023; x_wconf 89' lang='lat' dir='ltr'>ipsum</span> <span class='ocrx_word' id='word_1_239' title='bbox 934 1974 974 2007; x_wconf 85' lang='lat' dir='ltr'>et</span> <span class='ocrx_word' id='word_1_240' title='bbox 1000 1966 1163 2008; x_wconf 80' lang='lat' dir='ltr'>salutem</span> <span class='ocrx_word' id='word_1_241' title='bbox 1193 1964 1304 2005; x_wconf 85' lang='lat' dir='ltr'>nobis</span> <span class='ocrx_word' id='word_1_242' title='bbox 1337 1971 1375 2005; x_wconf 89' lang='lat' dir='ltr'>et</span> <span class='ocrx_word' id='word_1_243' title='bbox 1401 1964 1635 2005; x_wconf 87' lang='lat' dir='ltr'>uberrimum</span> <span class='ocrx_word' id='word_1_244' title='bbox 1668 1978 1690 2003; x_wconf 86' lang='lat' dir='ltr'>a</span> 
     </span>
     <span class='ocr_line' id='line_1_29' title="bbox 144 2036 1014 2092; baseline -0.001 -16"><span class='ocrx_word' id='word_1_245' title='bbox 144 2036 216 2076; x_wconf 92' lang='lat' dir='ltr'>deo</span> <span class='ocrx_word' id='word_1_246' title='bbox 248 2036 459 2092; x_wconf 83' lang='lat' dir='ltr'>praemium</span> <span class='ocrx_word' id='word_1_247' title='bbox 492 2052 535 2078; x_wconf 84' lang='lat' dir='ltr'>ac</span> <span class='ocrx_word' id='word_1_248' title='bbox 567 2038 786 2078; x_wconf 88' lang='lat' dir='ltr'>mercedem</span> <span class='ocrx_word' id='word_1_249' title='bbox 819 2036 1014 2077; x_wconf 87' lang='lat' dir='ltr'>conciliet.</span> 
     </span>
    </p>
   </div>
   <div class='ocr_carea' id='block_1_7' title="bbox 212 2184 1624 2396">
    <p class='ocr_par' dir='ltr' id='par_1_8' title="bbox 212 2184 1624 2396">
     <span class='ocr_line' id='line_1_30' title="bbox 446 2184 1385 2244; baseline -0.005 -8"><span class='ocrx_word' id='word_1_250' title='bbox 446 2187 765 2236; x_wconf 84' lang='lat' dir='ltr'><strong>CONTRA</strong></span> <span class='ocrx_word' id='word_1_251' title='bbox 820 2184 1385 2244; x_wconf 80' lang='lat' dir='ltr'><strong>PHRYGASTAS‚</strong></span> 
     </span>
     <span class='ocr_line' id='line_1_31' title="bbox 212 2263 1624 2329; baseline -0.004 -14"><span class='ocrx_word' id='word_1_252' title='bbox 212 2267 305 2316; x_wconf 88' lang='lat' dir='ltr'>sive</span> <span class='ocrx_word' id='word_1_253' title='bbox 341 2267 637 2317; x_wconf 85' lang='lat' dir='ltr'>Montanistas</span> <span class='ocrx_word' id='word_1_254' title='bbox 673 2272 748 2315; x_wconf 84' lang='lat' dir='ltr'>aut</span> <span class='ocrx_word' id='word_1_255' title='bbox 785 2266 1131 2329; x_wconf 84' lang='lat' dir='ltr'>Tascodrugitas</span> <span class='ocrx_word' id='word_1_256' title='bbox 1167 2265 1364 2313; x_wconf 84' lang='lat' dir='ltr'>haeresis</span> <span class='ocrx_word' id='word_1_257' title='bbox 1390 2263 1624 2323; x_wconf 89' lang='lat' dir='ltr'>XXVIII.,</span> 
     </span>
     <span class='ocr_line' id='line_1_32' title="bbox 755 2346 1078 2396; baseline -0.003 -1"><span class='ocrx_word' id='word_1_258' title='bbox 755 2347 826 2396; x_wconf 84' lang='lat' dir='ltr'>vel</span> <span class='ocrx_word' id='word_1_259' title='bbox 861 2346 1078 2395; x_wconf 89' lang='lat' dir='ltr'>XLVIII.</span> 
     </span>
    </p>
   </div>
   <div class='ocr_carea' id='block_1_8' title="bbox 145 2445 1687 2912">
    <p class='ocr_par' dir='ltr' id='par_1_9' title="bbox 145 2445 1685 2779">
     <span class='ocr_line' id='line_1_33' title="bbox 258 2445 1684 2502; baseline -0.004 -11"><span class='ocrx_word' id='word_1_260' title='bbox 258 2450 320 2491; x_wconf 81' lang='lat' dir='ltr'>Ab</span> <span class='ocrx_word' id='word_1_261' title='bbox 347 2450 404 2491; x_wconf 92' lang='lat' dir='ltr'>his</span> <span class='ocrx_word' id='word_1_262' title='bbox 429 2450 503 2491; x_wconf 84' lang='lat' dir='ltr'>alia</span> <span class='ocrx_word' id='word_1_263' title='bbox 526 2464 677 2490; x_wconf 91' lang='lat' dir='ltr'>rursum</span> <span class='ocrx_word' id='word_1_264' title='bbox 702 2448 909 2490; x_wconf 89' lang='lat' dir='ltr'>efflorescit</span> <span class='ocrx_word' id='word_1_265' title='bbox 935 2447 1133 2498; x_wconf 89' lang='lat' dir='ltr'>haeresis,</span> <span class='ocrx_word' id='word_1_266' title='bbox 1180 2462 1276 2502; x_wconf 90' lang='lat' dir='ltr'>quac</span> <span class='ocrx_word' id='word_1_267' title='bbox 1307 2445 1502 2501; x_wconf 81' lang='lat' dir='ltr'>Phrygum</span> <span class='ocrx_word' id='word_1_268' title='bbox 1529 2445 1684 2496; x_wconf 88' lang='lat' dir='ltr'>dicitur,</span> 
     </span>
     <span class='ocr_line' id='line_1_34' title="bbox 145 2513 1685 2574; baseline -0.004 -15"><span class='ocrx_word' id='word_1_269' title='bbox 145 2517 215 2559; x_wconf 89' lang='lat' dir='ltr'>sub</span> <span class='ocrx_word' id='word_1_270' title='bbox 241 2517 340 2559; x_wconf 89' lang='lat' dir='ltr'>idem</span> <span class='ocrx_word' id='word_1_271' title='bbox 369 2519 450 2559; x_wconf 81' lang='lat' dir='ltr'>fere</span> <span class='ocrx_word' id='word_1_272' title='bbox 478 2519 662 2574; x_wconf 83' lang='lat' dir='ltr'>producta</span> <span class='ocrx_word' id='word_1_273' title='bbox 692 2525 865 2573; x_wconf 88' lang='lat' dir='ltr'>tempus,</span> <span class='ocrx_word' id='word_1_274' title='bbox 911 2517 1023 2571; x_wconf 87' lang='lat' dir='ltr'>eique</span> <span class='ocrx_word' id='word_1_275' title='bbox 1051 2516 1301 2558; x_wconf 89' lang='lat' dir='ltr'>successione</span> <span class='ocrx_word' id='word_1_276' title='bbox 1329 2515 1520 2568; x_wconf 81' lang='lat' dir='ltr'>proxima.</span> <span class='ocrx_word' id='word_1_277' title='bbox 1582 2513 1685 2554; x_wconf 89' lang='lat' dir='ltr'>Nam</span> 
     </span>
     <span class='ocr_line' id='line_1_35' title="bbox 145 2580 1682 2642; baseline -0.003 -15"><span class='ocrx_word' id='word_1_278' title='bbox 145 2586 210 2627; x_wconf 83' lang='lat' dir='ltr'>isti</span> <span class='ocrx_word' id='word_1_279' title='bbox 242 2586 313 2626; x_wconf 92' lang='lat' dir='ltr'>sub</span> <span class='ocrx_word' id='word_1_280' title='bbox 341 2586 502 2627; x_wconf 86' lang='lat' dir='ltr'>Antonii</span> <span class='ocrx_word' id='word_1_281' title='bbox 530 2585 612 2638; x_wconf 89' lang='lat' dir='ltr'>Pii,</span> <span class='ocrx_word' id='word_1_282' title='bbox 659 2587 720 2641; x_wconf 88' lang='lat' dir='ltr'>qui</span> <span class='ocrx_word' id='word_1_283' title='bbox 752 2593 838 2642; x_wconf 88' lang='lat' dir='ltr'>post</span> <span class='ocrx_word' id='word_1_284' title='bbox 865 2585 1080 2626; x_wconf 81' lang='lat' dir='ltr'>Adrianum</span> <span class='ocrx_word' id='word_1_285' title='bbox 1115 2583 1344 2639; x_wconf 81' lang='lat' dir='ltr'>imperavit,</span> <span class='ocrx_word' id='word_1_286' title='bbox 1389 2597 1529 2623; x_wconf 85' lang='lat' dir='ltr'>annum</span> <span class='ocrx_word' id='word_1_287' title='bbox 1560 2580 1682 2622; x_wconf 80' lang='lat' dir='ltr'>XIX.</span> 
     </span>
     <span class='ocr_line' id='line_1_36' title="bbox 145 2649 1684 2711; baseline -0.004 -15"><span class='ocrx_word' id='word_1_288' title='bbox 145 2669 348 2709; x_wconf 84' lang='lat' dir='ltr'>emergere</span> <span class='ocrx_word' id='word_1_289' title='bbox 376 2663 604 2711; x_wconf 84' lang='lat' dir='ltr'>coeperunt.</span> <span class='ocrx_word' id='word_1_290' title='bbox 666 2653 820 2696; x_wconf 86' lang='lat' dir='ltr'>Marcio</span> <span class='ocrx_word' id='word_1_291' title='bbox 851 2668 967 2705; x_wconf 85' lang='lat' dir='ltr'>vero,</span> <span class='ocrx_word' id='word_1_292' title='bbox 1013 2653 1206 2694; x_wconf 77' lang='lat' dir='ltr'>Tatianus</span> <span class='ocrx_word' id='word_1_293' title='bbox 1235 2659 1273 2691; x_wconf 82' lang='lat' dir='ltr'>et</span> <span class='ocrx_word' id='word_1_294' title='bbox 1299 2649 1526 2692; x_wconf 83' lang='lat' dir='ltr'>Encratitae</span> <span class='ocrx_word' id='word_1_295' title='bbox 1550 2650 1684 2691; x_wconf 93' lang='lat' dir='ltr'>horum</span> 
     </span>
     <span class='ocr_line' id='line_1_37' title="bbox 146 2721 1346 2779; baseline -0.004 -15"><span class='ocrx_word' id='word_1_296' title='bbox 146 2723 320 2779; x_wconf 85' lang='lat' dir='ltr'>discipuli</span> <span class='ocrx_word' id='word_1_297' title='bbox 353 2724 423 2764; x_wconf 90' lang='lat' dir='ltr'>sub</span> <span class='ocrx_word' id='word_1_298' title='bbox 455 2724 631 2764; x_wconf 86' lang='lat' dir='ltr'>Adriano</span> <span class='ocrx_word' id='word_1_299' title='bbox 662 2738 708 2764; x_wconf 88' lang='lat' dir='ltr'>ac</span> <span class='ocrx_word' id='word_1_300' title='bbox 740 2731 825 2778; x_wconf 87' lang='lat' dir='ltr'>post</span> <span class='ocrx_word' id='word_1_301' title='bbox 855 2723 1070 2763; x_wconf 87' lang='lat' dir='ltr'>Adrianum</span> <span class='ocrx_word' id='word_1_302' title='bbox 1107 2721 1346 2776; x_wconf 88' lang='lat' dir='ltr'>prodierunt.</span> 
     </span>
    </p>

    <p class='ocr_par' dir='ltr' id='par_1_10' title="bbox 145 2785 1687 2912">
     <span class='ocr_line' id='line_1_38' title="bbox 260 2785 1687 2847; baseline -0.004 -15"><span class='ocrx_word' id='word_1_303' title='bbox 260 2790 440 2847; x_wconf 85' lang='lat' dir='ltr'>Phryges</span> <span class='ocrx_word' id='word_1_304' title='bbox 461 2792 590 2847; x_wconf 87' lang='lat' dir='ltr'>itaque</span> <span class='ocrx_word' id='word_1_305' title='bbox 609 2791 684 2846; x_wconf 89' lang='lat' dir='ltr'>(sic</span> <span class='ocrx_word' id='word_1_306' title='bbox 704 2792 804 2832; x_wconf 91' lang='lat' dir='ltr'>enim</span> <span class='ocrx_word' id='word_1_307' title='bbox 825 2791 1036 2847; x_wconf 86' lang='lat' dir='ltr'>appellant)</span> <span class='ocrx_word' id='word_1_308' title='bbox 1059 2797 1134 2829; x_wconf 85' lang='lat' dir='ltr'>tam</span> <span class='ocrx_word' id='word_1_309' title='bbox 1155 2787 1278 2829; x_wconf 85' lang='lat' dir='ltr'>Vetus</span> <span class='ocrx_word' id='word_1_310' title='bbox 1297 2802 1410 2842; x_wconf 88' lang='lat' dir='ltr'>quam</span> <span class='ocrx_word' id='word_1_311' title='bbox 1429 2786 1585 2828; x_wconf 85' lang='lat' dir='ltr'>Novum</span> <span class='ocrx_word' id='word_1_312' title='bbox 1606 2785 1687 2826; x_wconf 86' lang='lat' dir='ltr'>Te-</span> 
     </span>
     <span class='ocr_line' id='line_1_39' title="bbox 145 2853 1686 2912; baseline -0.003 -12"><span class='ocrx_word' id='word_1_313' title='bbox 145 2866 378 2901; x_wconf 87' lang='lat' dir='ltr'>stamentum</span> <span class='ocrx_word' id='word_1_314' title='bbox 409 2860 620 2902; x_wconf 81' lang='lat' dir='ltr'>asciscunt.</span> <span class='ocrx_word' id='word_1_315' title='bbox 683 2859 930 2902; x_wconf 80' lang='lat' dir='ltr'>Mortuerum</span> <span class='ocrx_word' id='word_1_316' title='bbox 957 2857 1285 2900; x_wconf 86' lang='lat' dir='ltr'>resurrectionem</span> <span class='ocrx_word' id='word_1_317' title='bbox 1317 2856 1545 2912; x_wconf 82' lang='lat' dir='ltr'>approbant.</span> <span class='ocrx_word' id='word_1_318' title='bbox 1607 2853 1686 2896; x_wconf 85' lang='lat' dir='ltr'>Sed</span> 
     </span>
    </p>
   </div>
   <div class='ocr_carea' id='block_1_9' title="bbox 193 3006 1080 3053">
    <p class='ocr_par' dir='ltr' id='par_1_11' title="bbox 193 3006 1080 3053">
     <span class='ocr_line' id='line_1_40' title="bbox 193 3006 1080 3053; baseline -0.002 -13"><span class='ocrx_word' id='word_1_319' title='bbox 193 3008 268 3042; x_wconf 73' lang='lat' dir='ltr'>Cn.</span> <span class='ocrx_word' id='word_1_320' title='bbox 288 3009 314 3041; x_wconf 86' lang='grc' dir='ltr'>Ι.</span> <span class='ocrx_word' id='word_1_321' title='bbox 339 3028 382 3034; x_wconf 90' lang='grc'><strong>-</strong></span> <span class='ocrx_word' id='word_1_322' title='bbox 408 3009 438 3043; x_wconf 91' lang='grc'>1.</span> <span class='ocrx_word' id='word_1_323' title='bbox 460 3009 517 3043; x_wconf 84' lang='grc' dir='ltr'>τοῦ</span> <span class='ocrx_word' id='word_1_324' title='bbox 544 3007 629 3053; x_wconf 73' lang='grc' dir='ltr'>μετὰ</span> <span class='ocrx_word' id='word_1_325' title='bbox 651 3006 824 3053; x_wconf 74' lang='grc' dir='ltr'>’Δδριανέν</span> <span class='ocrx_word' id='word_1_326' title='bbox 848 3010 905 3042; x_wconf 81' lang='lat' dir='ltr'>los.</span> <span class='ocrx_word' id='word_1_327' title='bbox 929 3008 1080 3048; x_wconf 76' lang='lat' dir='ltr'>Scaliyer.</span> 
     </span>
    </p>
   </div>
   <div class='ocr_carea' id='block_1_10' title="bbox 1718 1323 1820 1357">
    <p class='ocr_par' dir='ltr' id='par_1_12' title="bbox 1718 1323 1820 1357">
     <span class='ocr_line' id='line_1_41' title="bbox 1718 1323 1820 1357; baseline -0.01 -9"><span class='ocrx_word' id='word_1_328' title='bbox 1718 1323 1760 1357; x_wconf 71' lang='lat' dir='ltr'>ze,</span> <span class='ocrx_word' id='word_1_329' title='bbox 1780 1324 1820 1349; x_wconf 77' lang='lat'>29.</span> 
     </span>
    </p>
   </div>
   <div class='ocr_carea' id='block_1_11' title="bbox 1715 2454 1843 2498">
    <p class='ocr_par' dir='ltr' id='par_1_13' title="bbox 1715 2454 1843 2498">
     <span class='ocr_line' id='line_1_42' title="bbox 1715 2454 1843 2498; baseline 0 -12"><span class='ocrx_word' id='word_1_330' title='bbox 1715 2454 1791 2498; x_wconf 82' lang='lat' dir='ltr'>Cap.</span> <span class='ocrx_word' id='word_1_331' title='bbox 1819 2456 1843 2486; x_wconf 93' lang='lat' dir='ltr'>I.</span> 
     </span>
    </p>
   </div>
  </div>
 </body>
</html>
