2066 3319
179 1784 267 1828 Κεφ.
291 1782 320 1827 γ’
327 1807 334 1815 .

199 1859 266 1887 pag.
285 1850 343 1879 526.

334 192 415 232 230

336 279 400 320 καὶ
421 275 608 328 τιμωρίαν
632 270 815 325 τοιαύτην
838 269 975 324 ὁρίσαι.
1023 274 1099 320 Εἰς
1119 271 1359 327 παράχρησιν
1379 271 1426 326 δή
1449 276 1519 314 τοῦ
1543 270 1664 313 αὐτοῦ
1683 269 1861 324 σώματος

337 346 522 386 Αἰθίοπα
553 338 658 396 αύτῳ
690 337 1025 394 3παρεσκεύασαν.
1081 338 1124 380 Ὁ
1148 340 1190 381 δὲ
1214 339 1267 393 μὴ
1291 341 1424 395 φέρων
1448 339 1518 393 τὴν
1540 344 1611 393 τῆς
1639 341 1862 392 διαβολικῆς

340 412 530 465 ἐνεργείας
553 409 727 449 ἐπίνοιαν
752 408 884 461 ἔρρηξε
907 405 1063 460 φωνήν,
1093 412 1170 449 τῶν
1202 406 1434 463 ἀμφοτέρων
1458 407 1729 462 προτεθέντων
1758 405 1862 463 αὐτῷ

339 476 577 534 πραγμάτων
601 479 723 516 θῦσαι
751 479 893 527 μᾶλλον
918 473 1106 528 ἑλόμενος.

900 194 1060 227 SANGTI
1083 194 1308 227 EPIPHANII

1170 473 1228 516 Οὖ
1259 474 1333 529 μήν
1359 477 1400 517 δὲ
1428 477 1584 532 ἑκουσίᾳ
1617 473 1749 532 γνώμη
1775 478 1865 527 μᾶλ-

339 555 407 591 λον
430 552 544 589 τοῦτο
571 544 804 593 ἐπετέλεσεν,
837 539 891 590 οἷς
917 540 1039 590 πολῦς
1059 541 1192 599 ᾄδεται
1219 542 1350 598 λόγος·
1382 542 1458 584 ἀλλ’
1478 541 1611 596 ἐπειδὴ
1635 547 1654 571 4
1670 542 1769 590 ὅλως
1797 559 1865 583 κα-

341 613 599 669 θωμολόγησε
623 615 738 653 τοῦτο
774 612 938 665 πρᾶξαι,
969 608 1151 663 βαλόντες
1175 611 1239 652 ἐπὶ
1258 616 1363 666 χεῖρα
1387 610 1507 653 αὐτοῦ
1526 613 1684 664 λίβανον
1714 611 1768 658 εἷς
1796 608 1867 663 τὴν

342 689 413 726 τοῦ
436 685 573 736 βωμοῦ
597 677 727 735 πυροὶν
748 683 947 731 καθῆκαν.
1008 679 1088 718 Καὶ
1111 677 1235 726 οὕτως
1258 683 1328 719 τοῦ
1354 682 1569 733 μαρτυρίου
1591 676 1668 720 ἆπὸ
1689 683 1767 719 τῶν
1787 696 1869 732 κρι-

344 752 494 795 νάντων
516 748 767 802 ὁμολογητῶν
789 763 828 787 τε
851 747 916 787 καὶ
940 745 1146 801 μαρτύρων
1169 744 1373 800 ἀπεβλήθη
1399 746 1496 798 τότε,
1527 747 1592 788 καὶ
1616 744 1693 787 ἀπὸ
1719 751 1788 799 τῆς
1809 747 1868 788 ἐκ-

343 822 502 873 κλησίας
527 815 687 869 ἐξεώθη.
742 813 808 856 Ἐν
829 812 1093 870 Ἀλεξανδρείᾳ
1118 814 1160 855 δὲ
1181 819 1293 855 τοῦτο
1317 813 1509 865 ὑποστὰς,
1539 815 1605 856 καὶ
1629 813 1680 867 μή
1705 812 1869 868 δυνάμε-

344 906 412 937 νος
431 885 502 940 τήν
523 890 601 926 τῶν
623 882 887 933 ὀνειδιζόντων
910 881 1045 936 χλεύην
1065 883 1211 935 φέρειν,
1235 880 1462 937 ἀνεχώρησε,
1485 883 1551 924 καὶ
1572 880 1642 935 τήν
1662 884 1871 923 Παλαιστί-

345 976 438 1011 νην,
470 953 640 997 τούτεστι
663 957 730 1006 τῆς
751 950 950 999 Ἰουδαίας
978 956 1174 991 κατοικεῖν
1204 953 1276 1004 γῆν
1302 953 1430 992 εἵλετο.
1486 948 1680 991 Ἀνελθών
1700 955 1797 1005 γοῦν
1819 950 1873 998 εἰς

347 1025 393 1067 τοὶ
417 1021 688 1079 Ἱεροσόλυμα,
723 1025 740 1048 ⁵
756 1018 894 1067 καθώς
924 1023 1100 1066 τοιοῦτος
1123 1017 1308 1072 ἐξηγητής
1337 1020 1403 1059 καὶ
1427 1018 1575 1073 λόγιος,
1615 1018 1872 1072 προετρέπετο

351 1092 428 1135 οἷπὸ
454 1096 523 1133 τοῦ
547 1092 734 1144 ἷερατείου
765 1088 877 1140 (φασὶ
898 1085 971 1142 γάρ
995 1084 1113 1127 αὐτόν
1136 1086 1203 1127 καὶ
1232 1089 1511 1141 πρεσβυτερίου
1536 1088 1802 1139 κατηξιῶσθαι
1829 1084 1873 1127 τό

350 1165 462 1217 πρὶν,
494 1157 613 1215 πρινὴ
639 1161 708 1198 τοῦ
740 1162 894 1208 θῦσαι)·
931 1152 1296 1209 6προτρεπόμενος,
1329 1152 1380 1202 οἷς
1411 1156 1533 1207 ἔφην,
1566 1152 1684 1195 αύτόν
1715 1155 1779 1195 ἐπὶ
1807 1159 1877 1207 τῆς

352 1231 552 1282 ἐκκλησίας
577 1228 716 1276 εἰπεῖν,
747 1225 813 1265 καὶ
834 1221 954 1264 πολλοὶ
981 1220 1356 1275 καταναγκασοῖντων
1379 1226 1480 1263 7τῶν
1501 1227 1713 1275 τηνικαῦτα
1740 1223 1780 1263 ἐν
1805 1219 1874 1263 ‘Ie-

352 1296 582 1355 ροσολύμοις
603 1292 673 1346 τὴν
695 1290 908 1346 ἱερωσύνην
929 1295 996 1343 τῆς
1015 1288 1127 1344 ἆγίας
1148 1291 1350 1341 ἐκκλησίας
1369 1288 1597 1339 διεπόντων,
1623 1287 1790 1338 οἶναστᾶς
1815 1291 1877 1331 ἐπὶ

352 1366 481 1414 πόδας
505 1363 545 1405 τὸ
570 1360 689 1417 ῥητόν
714 1361 836 1412 μόνον
858 1363 928 1400 τοῦ
953 1362 1113 1410 ψαλμοῦ
1137 1362 1205 1398 τοῦ
1235 1361 1542 1410 τεσσαρακοστοῦ
1573 1356 1712 1398 ἐνάτου
1743 1357 1877 1409 εἰπών,

352 1433 423 1487 τὴν
446 1437 574 1474 πᾶσαν
597 1426 800 1480 διαστολὴν
823 1424 1045 1481 παρελθών,
1078 1423 1130 1473 ὦς
1151 1425 1246 1478 λέγει
1269 1422 1292 1465 ὅ
1312 1423 1483 1476 ψαλμός,
1521 1428 1582 1481 Τῷ
1603 1425 1644 1465 δὲ
1666 1423 1878 1481 ἁμαρτωλῷ

354 1501 458 1544 εἶπεν
480 1499 501 1542 ὁ
526 1497 642 1547 θεὸς,
670 1495 757 1537 Ἵνα
782 1498 818 1537 τί
848 1509 896 1536 συ
923 1496 1084 1550 ἐκδιηγιῇ
1107 1490 1154 1534 τοὶ
1177 1490 1420 1544 δικαιώματά
1445 1509 1542 1545 μου,
1572 1493 1638 1533 καὶ
1661 1490 1879 1546 ἀναλαμβά-

354 1587 433 1619 νεις
454 1567 524 1621 τήν
547 1565 747 1619 διαθήκην
770 1581 845 1617 μου
868 1562 932 1604 διὰ
956 1560 1146 1615 στόματός
1167 1575 1258 1610 σου,
1289 1561 1437 1609 πτύξας
1459 1558 1502 1601 τό
1526 1562 1674 1613 βιβλίον
1697 1561 1881 1613 ἐπέδωκε,

355 1639 420 1680 καὶ
451 1635 613 1679 ἐκάθισε
643 1631 736 1688 μετὰ
772 1635 981 1685 κλαυθμοῦ
1012 1630 1080 1671 καὶ
1115 1627 1317 1684 δακρύων,
1354 1627 1513 1670 πάντων
1545 1626 1646 1681 ὁμοῦ
1676 1627 1748 1670 σῦν
1778 1627 1882 1687 αὐτῷ

356 1704 579 1749 κλαιόντων.
636 1751 641 1754 μ

476 1773 555 1813 Καὶ
578 1768 671 1825 μετοὶ
694 1767 833 1824 χρόνον
860 1766 1100 1808 α’πεντεῦθεν
1125 1765 1451 1820 προτρεπομένων
1477 1762 1598 1806 αὐτόν
1619 1767 1789 1816 πολλῶν,
1819 1765 1886 1806 καὶ

364 1839 661 1897 ἀναγκαζόντων
679 1836 899 1893 Ἀμβροσίῳ
922 1836 995 1876 τινὶ
1016 1832 1213 1887 συντυχών
1233 1838 1310 1874 τῶν
1332 1835 1535 1885 διαφανῶν
1558 1834 1598 1874 ἐν
1619 1829 1754 1880 αὐλαῖς
1777 1835 1886 1885 βασι-

360 1916 483 1958 λικαῖς
513 1908 626 1960 (τινὲς
656 1906 697 1947 δὲ
720 1909 860 1946 τοῦτον
891 1902 958 1944 τὸν
977 1901 1208 1956 Ἀμβρόσιον
1229 1902 1381 1952 ἔφασαν
1407 1903 1448 1942 οἵ
1473 1901 1541 1954 μὲν
1566 1899 1886 1953 Μαρκιωνιστήν,

363 1981 402 2021 οἵ
430 1978 471 2019 δὲ
494 1972 795 2029 Σαβελλιανὸν),
826 1970 1014 2024 κατήχησε
1044 1975 1141 2026 γοῦν
1169 1968 1237 2011 τόν
1262 1967 1381 2011 αὐτόν
1410 1966 1487 2010 (ind
1518 1972 1588 2021 τῆς
1617 1969 1799 2022 αἱρέσεως
1828 1970 1889 2009 ἐκ-

363 2052 509 2096 κλῖναι,
539 2044 605 2085 καὶ
629 2040 925 2094 ἄναθεματίσαι,
956 2040 1022 2081 καὶ
1043 2037 1115 2091 τήν
1138 2040 1266 2079 πίστιν
1289 2035 1548 2086 ἀναλέξασθαι
1567 2039 1635 2088 τῆς
1657 2033 1770 2090 ἁγίας
1788 2041 1888 2077 θεοῦ

366 2116 577 2167 ἐκκλησίας.
635 2108 678 2150 Ὁ
704 2109 745 2150 δὲ
776 2108 1055 2163 προειρημένος
1076 2104 1307 2160 Ἀμβρόσιος
1328 2103 1461 2159 ἐπειδὴ
1491 2110 1506 2134 1
1522 2102 1599 2145 ἄπὸ
1624 2108 1768 2156 πολλῆς
1788 2105 1890 2159 αἶρέ-

367 2199 462 2230 σεως
486 2179 656 2234 ὑπῆρχε,
687 2177 753 2219 καὶ
777 2174 873 2230 ἀνὴρ
902 2175 1029 2230 λόγιος
1051 2175 1118 2216 καὶ
1141 2176 1357 2222 σπουδαῖος
1375 2174 1464 2227 περὶ
1485 2170 1554 2220 τοὶς
1580 2174 1695 2220 θείας
1718 2169 1890 2226 ἀναγνώ-

367 2266 446 2299 σεις
469 2253 546 2290 τῶν
563 2250 684 2288 θείων
708 2248 893 2300 γραφῶν,
924 2241 989 2284 διὰ
1011 2241 1081 2295 τὴν
1104 2244 1144 2284 ἐν
1167 2248 1250 2290 ταῖς
1267 2243 1397 2290 θείαις
1419 2243 1568 2293 βίβλοις
1589 2238 1794 2293 βαθύτητα
1814 2244 1893 2281 τῶν

370 2316 578 2372 νοημάτων
601 2315 739 2368 ἠξίωσε
761 2311 828 2353 τὸν
853 2309 972 2352 αὐτόν
993 2309 1195 2366 Ὠριγένην
1225 2311 1372 2364 φροίσαι
1401 2306 1517 2365 αὐτῷ.
1573 2306 1617 2348 Ὁ
1643 2308 1683 2349 δὲ
1708 2306 1891 2361 βουλόμε-

369 2404 438 2435 νος
460 2388 512 2434 εἰς
535 2385 683 2426 ἐκείνου
708 2384 888 2433 καθῆκον
909 2380 975 2420 καὶ
997 2377 1226 2434 προτροπὴν
1247 2376 1375 2430 πάσης
1395 2380 1564 2432 γραφῆς,
1596 2373 1649 2423 ὥς
1670 2377 1803 2427 εἰπεῖν,
1835 2376 1893 2430 ἕρ-

372 2452 515 2509 μηνεύς
526 2452 716 2515 γενέσθαι
733 2450 799 2490 καὶ
821 2446 1084 2502 ἐξηγήσασθαι
1103 2445 1342 2499 ἐπετήδευεν,
1366 2445 1433 2486 καὶ
1452 2446 1492 2486 ἐν
1510 2447 1556 2500 τῇ
1579 2442 1692 2500 Τύρῳ
1711 2448 1780 2496 τῆς
1801 2447 1894 2485 Φοι-

372 2526 495 2575 νίκης,
529 2519 581 2569 αἷς
602 2518 715 2574 λόγος
736 2518 822 2570 ἔχει,
855 2512 1073 2557 εἰκοσιοκτώ
1098 2515 1176 2566 ἔτη,
1208 2515 1376 2576 πολιτείᾳ
1398 2512 1466 2564 μὲν
1487 2509 1797 2569 ὑπερβαλλούσῃ,
1829 2512 1896 2553 καὶ

375 2594 509 2648 σχολῇ,
541 2589 607 2630 καὶ
627 2587 806 2643 καμάτῳ·
836 2588 905 2625 τοῦ
930 2583 999 2637 μὲν
1018 2577 1255 2638 Ἀμβροσίου
1274 2579 1321 2623 τὰ
1348 2578 1448 2636 πρὸς
1466 2577 1620 2635 τροφὴν
1641 2577 1747 2636 αὐτῷ
1768 2595 1808 2620 τε
1829 2580 1896 2620 καὶ

419 2693 450 2726 3.
477 2694 594 2733 Scripsi
614 2688 877 2731 παρεσκεύασαν.
919 2688 1016 2727 Vulgo
1037 2688 1116 2718 enim

376 2743 421 2772 ila
452 2742 534 2770 extat
559 2740 742 2769 exaratum:
778 2731 907 2776 ὁρίσαι,
942 2732 989 2770 εἰς
1011 2728 1116 2772 παρά-

376 2795 493 2829 χρησιν
519 2801 535 2807 -
557 2801 576 2806 -
597 2801 615 2805 -
639 2777 903 2823 παρασκευάσαι.
950 2779 1118 2810 Com-narius

377 2830 541 2862 convertit:
565 2828 625 2858 Per
648 2825 843 2858 diabolicam
862 2835 940 2861 vero
964 2821 1116 2864 maligni-

378 2881 481 2906 tatem
505 2872 771 2914 excogitaverunt
801 2869 936 2901 malitiei
961 2874 1114 2911 operato-

380 2930 450 2957 res,
485 2917 650 2961 quomodo
671 2915 904 2959 turpitudinem
926 2914 995 2946 viro
1017 2924 1117 2945 exco-

382 2964 541 3007 gitarent,
567 2969 600 2993 et
619 2962 749 3005 plagam
770 2960 871 2992 talem
891 2959 1115 2997 decernerent,

382 3010 429 3042 ita
452 3008 534 3041 utin
547 3007 681 3040 abusum
699 3005 844 3050 corporis
867 3004 966 3048 ipsius
978 3003 1118 3036 Aethio-

1162 2697 1236 2728 pem
1266 2684 1329 2728 ipsi
1357 2683 1591 2722 subornarent,
1627 2688 1683 2714 aut
1715 2681 1897 2714 sacrificare

1161 2730 1321 2762 iuberent.
1359 2731 1433 2762 Rem
1455 2731 1548 2760 etiam
1569 2731 1678 2760 narrat
1691 2730 1811 2760 Νισαίας
1823 2730 1898 2760 The-

1162 2785 1244 2807 saur.
1272 2777 1395 2808 orthod.
1419 2775 1489 2806 Fid.
1513 2775 1567 2813 IV,
1590 2773 1642 2805 31.

1206 2821 1236 2852 4.
1273 2821 1494 2860 Corriyendum
1525 2819 1646 2850 videtur
1677 2813 1748 2851 ἀλλ’
1783 2816 1897 2862 ἐπειδὴ

1162 2861 1223 2909 οὐχ
1244 2861 1350 2905 ὅλως,
1377 2867 1424 2897 vel
1445 2860 1514 2898 οὐδ’
1534 2859 1630 2900 ὅλως.
1667 2864 1755 2902 Quod
1773 2873 1900 2903 praece·

1162 2913 1266 2943 dentia
1287 2913 1378 2942 verba
1397 2911 1538 2948 suadent,
1561 2912 1588 2940 et
1605 2910 1736 2948 Nicetes,
1761 2911 1814 2948 qui
1838 2911 1858 2940 l.
1877 2911 1898 2940 l.

1163 2975 1229 2995 ‚‚—
1250 2955 1339 2999 quod
1363 2967 1435 2986 cum
1456 2954 1552 2997 paulo
1574 2958 1670 2996 post,
1694 2955 1810 2993 inquit,
1833 2953 1900 2984 im-

1162 3007 1288 3033 mutata
1309 3000 1472 3032 sententia
1484 3000 1593 3031 facere
1604 2997 1829 3038 detrectasset,
1853 2997 1901 3030 illi
