2066 3319
471 205 648 238 PANARn
676 205 759 236 ΜΒ.
781 204 821 236 n.
845 204 952 237 Toni.
973 205 1011 237 n.
1038 203 1167 235 men.
1190 202 1313 234 vai.
1584 188 1666 229 443

130 301 257 343 neque
283 287 435 342 penitus
462 285 638 339 extingui
663 284 800 340 possit,
836 283 976 338 poterit
1002 297 1136 323 rursus
1164 282 1275 323 novis
1299 296 1344 322 ac
1369 279 1579 321 maioribus
1604 293 1669 318 co-

129 355 201 413 piis
227 355 404 396 conflatis
427 354 610 403 vincere,
647 353 799 406 vimque
831 352 931 391 illam
964 366 983 391 a
1011 352 1170 392 meliore
1199 352 1270 391 deo
1294 357 1487 404 receptam
1516 348 1670 388 auferre

129 425 278 475 denuo,
315 437 367 463 ex
397 436 470 476 quo
505 421 683 475 sequitur
718 420 858 460 malum
894 420 996 461 illius
1032 420 1213 475 opinione
1245 418 1432 459 resistere
1465 423 1667 472 perpetuo,

129 506 254 546 neque
278 489 551 545 comprehendi
578 503 743 543 unquam
771 495 886 542 atque
913 489 949 528 in
978 495 1206 543 potestatem
1234 500 1348 541 posse
1371 486 1515 539 redigi,
1551 485 1606 525 sio
1630 491 1671 524 ut

129 560 284 600 assidue
308 558 486 612 diripiat,
522 572 565 597 ac
587 557 760 597 vicissim
787 556 1000 611 diripiatur.
1064 555 1177 610 Quod
1203 555 1233 595 si
1264 555 1364 594 istud
1389 553 1523 594 vesani
1550 553 1671 592 homi-

130 642 200 669 nes
223 627 461 680 summisque
482 625 682 666 erroribus
705 625 904 665 excaecati
929 624 1123 674 dixerint,
1159 630 1406 678 posteaquam
1431 622 1554 662 bonus
1577 622 1670 660 deus

130 696 341 751 particulae
372 694 497 744 illius,
532 707 628 748 quae
655 693 727 734 sihi
754 701 885 747 erepta
915 695 1064 742 l'uerat,
1099 699 1333 732 armaturam
1361 690 1432 730 sibi
1465 690 1670 743 aliquando

130 762 410 813 vindicaverit,
445 769 534 802 tunc
564 762 802 817 principatus
836 776 880 801 ac
910 767 1122 816 potestates
1153 759 1370 799 contrariae
1405 758 1582 798 factionis
1615 758 1672 797 in-

129 832 356 873 ternecione
385 831 601 871 deleturum
629 844 740 880 esse,
776 831 847 870 hoc
881 830 1033 883 inquam
1065 829 1096 869 si
1126 828 1318 878 dixerint,
1351 826 1382 867 si
1411 826 1568 866 omnino
1601 840 1671 866 ex-

130 900 309 955 tinguere
332 913 377 940 ac
402 899 565 954 perdere
589 898 730 939 bonum
757 899 869 939 deum
893 897 1155 944 asseruerint,
1191 896 1317 936 nullus
1349 895 1459 936 alteri
1488 894 1674 949 imposto-

130 969 185 1010 ris
210 969 313 1009 illius
340 981 427 1008 esse
455 968 614 1008 decreto
649 967 756 1007 locus
791 966 957 1021 poterit,
1000 980 1073 1020 quo
1107 966 1220 1005 docet
1247 964 1389 1004 bonum
1424 963 1528 1003 illum
1561 962 1673 1002 deum

130 1038 270 1078 iustum
301 1051 377 1078 non
407 1050 520 1086 esse,
555 1049 681 1089 neque
714 1035 1000 1089 delinquentem
1037 1034 1113 1075 ullo
1141 1033 1282 1074 iudicio
1308 1034 1515 1080 damnare,
1550 1044 1675 1085 neque

131 1105 335 1148 tormentis
360 1104 570 1154 subiicere,
606 1118 677 1144 uec
702 1095 897 1144 occidere,
959 1102 1060 1144 Nam
1086 1103 1116 1143 si
1140 1102 1349 1153 diabolum,
1383 1108 1448 1141 aut
1469 1114 1676 1155 quaecum-

132 1189 206 1230 que
229 1175 380 1215 demum
407 1181 465 1214 est
493 1172 671 1228 opposita
695 1173 756 1212 illa
783 1173 865 1222 vis,
897 1186 918 1212 e
943 1172 1069 1212 medio
1094 1171 1230 1212 tollere
1253 1185 1297 1211 ac
1323 1170 1529 1225 profligare
1557 1181 1675 1208 cona-

133 1252 210 1294 tur,
245 1250 309 1283 aut
343 1257 395 1283 ex
426 1242 509 1282 eius
535 1241 730 1282 sententia
757 1241 882 1281 bonus
909 1254 998 1281 esse
1023 1240 1197 1289 desinet,
1230 1246 1270 1280 ut
1300 1238 1337 1278 in
1364 1238 1466 1278 illius
1498 1237 1677 1277 oratione

133 1313 298 1368 positum
324 1319 398 1361 est,
434 1318 497 1351 aut
522 1310 553 1351 si
580 1309 828 1350 nihilomiuus
854 1310 976 1350 bonus
1002 1317 1077 1360 est,
1113 1308 1251 1349 malum
1275 1308 1436 1362 insuper
1454 1305 1674 1359 extinguet,

134 1380 371 1437 proindeque
396 1380 495 1420 idem
524 1379 605 1432 ipse
641 1379 715 1418 erit
745 1379 842 1419 coeli
870 1393 913 1418 ac
943 1385 1071 1418 terrae
1101 1377 1280 1417 conditor
1313 1376 1512 1425 dominus,
1547 1381 1589 1414 ut
1619 1381 1679 1414 est

131 1463 288 1500 revera,
317 1449 378 1503 qui
406 1448 611 1501 unicuique
637 1461 704 1502 pro
725 1461 885 1502 operum
905 1461 1064 1487 suorum
1092 1445 1243 1486 ratione
1267 1444 1434 1499 praemia
1459 1442 1675 1492 constituit,

134 1519 195 1573 qui
224 1532 291 1572 pro
324 1517 467 1557 eximia
497 1516 670 1556 bonitate
697 1516 730 1555 ei
761 1516 822 1570 qui
848 1515 973 1555 bonus
1003 1523 1086 1565 est,
1120 1515 1218 1554 etin
1252 1514 1475 1554 exercenda
1505 1511 1678 1551 bonitate

134 1586 343 1636 laborarit,
387 1585 546 1640 perinde
579 1585 720 1625 bonum
754 1585 951 1638 rependit,
996 1583 1031 1624 ei
1064 1597 1158 1624 vero
1193 1582 1255 1637 qui
1290 1582 1389 1622 mala
1422 1579 1676 1630 commiserit,

134 1655 235 1710 quod
257 1654 399 1694 iustum
424 1662 484 1695 est
507 1654 646 1694 reddit.
711 1651 774 1693 Ex
800 1653 937 1707 quibus
963 1652 1140 1693 omnibus
1162 1650 1385 1692 Manichaei
1411 1650 1535 1689 oratio
1562 1648 1677 1688 rel'el-

133 1723 247 1774 litur,
293 1737 390 1777 quae
429 1723 475 1763 ad
511 1721 746 1762 contrariam
784 1722 996 1762 doctrinam
1035 1722 1268 1776 depravatos
1301 1719 1494 1759 hominum
1527 1718 1677 1758 animos

132 1793 300 1834 abducit.

247 1860 326 1901 Sed
353 1874 455 1900 nunc
485 1859 588 1900 illius
614 1860 751 1913 dogma
785 1860 829 1899 ad
863 1859 1047 1909 verbnm,
1083 1859 1135 1899 uti
1162 1864 1468 1898 consentaneum
1495 1862 1577 1906 est,
1611 1854 1677 1894 ad-

133 1930 322 1980 scribam,
358 1943 409 1969 ex
435 1928 617 1968 Archelai
643 1942 759 1982 opere
787 1929 885 1982 quod
912 1929 1100 1968 adversus
1128 1928 1289 1967 eundem
1316 1925 1421 1966 illum
1451 1924 1592 1974 edidit,
1626 1938 1677 1964 ex

132 1999 180 2040 iis
204 2012 302 2053 quae-
326 2012 347 2038 a
366 1997 556 2052 Tyrbnne
581 1997 767 2052 discipulo
791 1997 890 2037 illius
916 2003 1136 2051 acceperat,
1167 1998 1211 2035 de
1235 2010 1309 2049 quo
1332 1995 1566 2034 mentionem
1589 1999 1678 2032 ante

135 2068 312 2108 fecimus,
376 2065 477 2106 Nam
505 2081 588 2107 cum
615 2066 834 2106 Archelaus
858 2066 1061 2120 episcopus
1086 2073 1121 2105 et
1147 2063 1361 2104 Marcellus
1387 2065 1432 2102 de
1455 2061 1586 2102 Manis
1612 2062 1679 2101 do-

133 2136 326 2192 gmatibus
362 2134 588 2190 Tyrbonem
627 2135 961 2188 interrogassent,
1007 2134 1102 2174 haec
1136 2134 1197 2173 ille
1231 2133 1314 2187 ipsa
1350 2133 1549 2187 respoudit
1580 2143 1677 2184 quae

135 2220 205 2247 uos
237 2219 288 2246 ex
321 2218 367 2245 eo
399 2205 496 2244 libro
530 2204 823 2259 descripsimus.
888 2202 1065 2258 Suntque
1098 2202 1303 2243 eiusmodi.

580 2411 828 2443 MsNtcHAt-Tt
857 2410 978 2442 lMPlA
1006 2410 1235 2443 DOGMATA.

250 2480 292 2524 Si
319 2480 543 2523 Manichaei
580 2481 688 2520 fidem
725 2494 964 2532 cognoscere
994 2479 1147 2530 velitis,
1182 2494 1201 2519 a
1231 2493 1291 2519 nie
1323 2478 1494 2518 breviter
1522 2475 1677 2531 exposi-

137 2559 210 2592 tam
238 2552 381 2592 audite.
449 2550 521 2590 Hic
544 2550 661 2603 igitur
684 2551 777 2588 deos
800 2549 975 2603 geminos
1000 2549 1115 2599 colit,
1151 2549 1367 2601 ingenitos,
1402 2561 1422 2586 a
1448 2553 1571 2585 semet
1595 2545 1679 2586 exi·

136 2628 311 2669 strntes,
346 2619 607 2674 sempiternos
639 2619 882 2672 invicemque
914 2618 1148 2658 taeoiitrarins.
1213 2615 1386 2670 Quorum
1419 2616 1578 2655 alterum
1614 2614 1680 2654 bn-

140 2704 252 2739 num,
286 2690 424 2728 malum
450 2689 612 2728 alterum
639 2688 795 2735 delinit,
830 2693 943 2740 atque
972 2687 1035 2726 nni
1067 2687 1161 2726 lucis
1192 2699 1330 2725 nomen
1355 2684 1537 2738 imponit,
1572 2690 1680 2722 teue-

139 2758 291 2798 brarum
329 2758 456 2798 alteri.
532 2758 591 2797 Ad
627 2756 722 2796 lucis
757 2763 886 2810 partes
922 2755 1087 2795 hominis
1128 2753 1293 2794 animam
1327 2755 1521 2808 pertinere
1555 2760 1677 2808 putat,

139 2904 169 2938 εἰ
200 2902 273 2939 κατ’
304 2901 404 2939 αὗτόν
440 2908 488 2938 ed.
520 2908 620 2945 princ.
668 2902 741 2938 κατ’
773 2901 885 2947 αὐτόν,
933 2908 1005 2936 esset
1039 2904 1265 2941 corriqendnm.
1314 2904 1504 2933 particulam
1539 2898 1591 2935 ὅτι
1624 2912 1681 2942 pro

138 2952 236 2982 deleta
254 2954 409 2991 particula
434 2946 481 2993 ἦ,
505 2953 550 2983 ed.
576 2954 682 2983 Pelov.
933 2945 992 2982 ἅτε
1020 2951 1186 2988 participio
1215 2950 1370 2979 adstruxit
1395 2949 1591 2987 Epiphanius
1615 2950 1680 2978 ium

190 2998 236 3028 Μ’.
259 2991 283 3037 ἦ
304 2993 355 3030 ὅτι
377 2999 447 3028 ΙῐΙιη·
470 2999 614 3037 praebent
635 3007 746 3029 omnes.
793 2999 884 3029 Pem-
931 3005 1026 3034 supra
1051 2996 1134 3025 haer.
1151 2998 1214 3032 ³4,
1245 2997 1292 3024 At.
1318 2989 1369 3026 ὅτι
1401 2997 1470 3031 τοῖς
1499 2989 1552 3026 ὑπ’
1574 2989 1678 3026 αὐτοῦ

138 3044 207 3074 vius
227 3044 303 3073 coni.
324 3037 349 3083 ἦ
374 3041 431 3075 ἔτι.
480 3045 604 3075 Mallem
623 3038 647 3086 η’
668 3038 738 3081 ἅτε,
764 3045 790 3075 si
810 3044 886 3083 quid
932 3039 1214 3082 ἐσπουδασμένοις
1238 3035 1469 3082 οἱρκεσῧέντες.

1728 1863 1805 1903 Cap.

1709 1908 1821 1941 XXV.
