2035 3309
161 1186 227 1214 pag.
246 1177 305 1206 431.

319 195 370 235 62
882 198 1043 232 SANGTI
1068 199 1289 232 EPIPHANH

1505 275 1564 291 ῚΓΙ

318 278 532 335 γησάμενος
555 276 678 330 μόνον
704 276 764 319 ὅτι
789 275 980 331 ἐγεννήθη
1011 278 1051 318 ἐν
1073 276 1264 331 πνεύματι
1292 275 1410 334 άγίῳ,
1451 294 1518 318 και
1541 295 1601 318 οτι
1627 275 1854 330 συνελήφθη

320 346 411 388 ἄνευ
442 346 662 400 σπέρματος
693 343 858 399 άνδρὸς,
902 343 1015 386 οὐδὲν
1042 347 1127 399 περὶ
1155 351 1225 398 τῆς
1250 349 1461 400 περιτομῆς
1491 341 1618 396 εἶπεν,
1660 343 1751 386 οὐδὲ
1777 343 1853 398 πρό

318 419 393 456 τῶν
415 412 486 454 δύο
513 415 608 454 ε’τῶν
630 431 666 454 τι
686 417 765 454 τῶν
789 414 843 461 εἰς
866 410 986 454 αύτόν
1008 414 1292 468 γεγενημένων,
1333 411 1425 454 ἄλλα
1452 415 1637 468 διηγεῖται
1661 411 1730 465 τήν
1754 413 1855 453 ἕλευ-

319 496 379 523 σιν
397 485 474 522 τῶν
492 479 662 535 Μάγων,
705 479 758 529 ὥς
779 482 1032 536 ἐπιμαρτυρεῖ
1050 479 1142 534 ύμῖν
1164 479 1186 522 ὁ
1206 480 1362 534 ἀληθὴς
1383 485 1453 522 τοῦ
1475 486 1577 522 θεοῦ
1597 480 1732 536 λόγος,
1764 481 1855 535 ε’ρω-

319 554 465 598 τῶντος
481 553 551 590 τοῦ
567 547 747 604 Ἡρώδου
768 547 874 604 παρά
894 554 971 590 τῶν
988 548 1144 604 Μάγων
1159 547 1228 590 τόν
1256 547 1414 603 ιχρόνον
1430 550 1496 590 καὶ
1515 547 1771 603 ἀκριβοῦντος
1787 551 1858 589 τοῦ

320 618 532 673 γενομένου
557 615 736 672 άστέρος,
775 619 842 659 καὶ
864 621 942 659 τῶν
969 616 1127 672 Μάγων
1155 615 1180 670 ἡ
1206 615 1432 672 άπόκρισις,
1474 616 1534 658 ὅτι
1560 615 1635 658 dud
1663 615 1734 658 δύο
1762 617 1858 658 ἐτῶν

321 687 387 727 καὶ
415 686 637 740 κατωτέρω·
684 684 738 734 ὥς
768 684 822 738 μή
853 683 950 727 εἶναι
978 683 1046 726 τόν
1074 684 1216 740 χρόνον
1245 689 1407 736 τοῦτον,
1448 683 1517 726 τόν
1545 689 1599 741 τῷ
1623 689 1765 741 Λουκᾷ
1791 700 1857 725 πε-

319 754 680 809 πραγματευμένον,
713 752 789 794 ἄλλ’
811 751 833 795 ὁ
855 753 922 806 μὲν
943 759 1107 802 Λουκᾶς
1126 753 1172 794 τά
1193 751 1269 808 πρὸ
1294 752 1366 794 δύο
1390 754 1486 794 ε’τῶν
1508 755 1710 808 διηγεῖται,
1742 756 1859 793 Ματ-

318 829 439 871 θαῖος
470 823 511 864 δὲ
540 820 659 863 εἰπών
687 820 758 875 τήν
788 822 965 877 γέννησιν
996 820 1244 875 ἀπεπήδησεν
1272 823 1327 869 εἰς
1356 819 1424 862 τόν
1455 823 1560 874 διετῆ
1589 820 1752 875 χρόνον,
1793 821 1860 861 καὶ

320 889 487 943 ἐδήλωσε
516 889 564 932 τά
597 889 783 945 γενόμενα
815 888 910 943 μετά
947 888 1019 931 δύο
1053 891 1129 943 ἔτη.
1191 888 1264 931 Διὸ
1290 890 1357 931 καὶ
1383 887 1406 930 ὁ
1429 887 1606 944 Ἡρώδης
1632 889 1861 943 διανοηθεὶς

321 964 436 1001 τοῦτο
454 958 546 1012 μετά
567 957 609 1000 zo*
631 957 847 1000 άπονεῦσαι
863 957 957 1007 τούς
974 956 1146 1013 Μάγους
1167 956 1214 999 δι’
1235 958 1367 1012 ἑτέρας
1386 955 1484 999 ὁδοῦ
1505 955 1620 1014 ᾠήθη
1639 959 1680 999 ἐν
1695 961 1749 1014 τῷ
1766 954 1862 1010 πλή-

323 1034 388 1070 θει
412 1032 490 1069 τῶν
513 1029 668 1068 παίδων
693 1028 760 1068 καὶ
784 1025 903 1068 αὐτόν
928 1027 1168 1081 γεννηθέντα
1192 1023 1504 1081 εὑρεθήσεσθαι,
1544 1026 1612 1067 καὶ
1635 1023 1706 1066 σύν
1727 1023 1862 1074 αὐτοῖς

328 1094 692 1138 2άποκτέννυσθαι.
750 1093 944 1136 Ἐκέλευσε
967 1093 1038 1149 γάρ
1069 1092 1161 1143 τούς
1192 1095 1232 1136 ἐν
1259 1100 1342 1143 τοῖς
1363 1092 1488 1149 ὁρίοις
1514 1093 1695 1147 Βηθλεὲμ
1719 1095 1863 1142 παῖδας

326 1163 644 1217 ἀποκτανθῆναι,
672 1161 764 1211 τούς
787 1161 865 1204 άπὸ
889 1161 959 1204 δύο
985 1164 1081 1204 ε’τῶν
1107 1163 1174 1204 καὶ
1194 1163 1413 1216 κατωτέρω,
1444 1163 1517 1211 ἕως
1541 1160 1662 1215 αὐτῆς
1682 1166 1751 1215 τῆς
1770 1159 1863 1215 ἡμέ-

325 1251 396 1288 ρας
418 1228 466 1286 ’ἧς
485 1234 524 1274 οἵ
545 1231 685 1286 Μάγοι
705 1229 795 1286 παρ’
814 1229 918 1287 αύτῷ
938 1232 1124 1286 ἐγένοντο.
1172 1229 1320 1272 ’Ένθεν
1341 1232 1416 1272 τίνι
1437 1228 1484 1272 ού
1506 1236 1685 1282 φανεῖται
1705 1229 1778 1281 ὅτι,
1801 1228 1865 1271 ὅτε

324 1297 452 1355 ἦλθον
476 1302 517 1342 οἱ
534 1299 686 1355 Μάγοι,
713 1299 784 1341 δύο
809 1294 858 1352 ἧν
879 1301 974 1340 ἐτῶν
996 1296 1018 1340 ὁ
1038 1304 1131 1347 παῖς
1151 1299 1423 1354 γεγενημένος,
1454 1300 1520 1340 καὶ
1540 1297 1612 1354 γάρ
1630 1299 1698 1340 καὶ
1719 1295 1745 1351 ἦ
1764 1295 1864 1351 afim}

325 1371 586 1425 πραγματεία,
618 1367 687 1420 τήν
715 1372 844 1408 πᾶσαν
869 1365 1068 1421 άκρίβειαν
1091 1370 1302 1420 σαφηνίζει.
1360 1364 1403 1407 Ὁ
1428 1366 1498 1420 μὲν
1522 1365 1594 1422 γάρ
1618 1371 1784 1415 Λουκᾶς
1806 1366 1863 1407 λέ-

324 1455 381 1493 γει
402 1439 733 1491 ἐσπαργανῶσθαι
751 1434 820 1476 τόν
841 1437 962 1476 παῖδα
982 1433 1105 1483 εὐθύς
1122 1437 1357 1490 τετεγμένον,
1389 1436 1455 1476 καὶ
1477 1441 1633 1476 κεῖσθαι
1656 1436 1697 1476 ἐν
1717 1433 1862 1492 φάτνῃ,

324 1507 391 1547 καὶ
411 1507 452 1547 ἐν
472 1507 667 1561 σπηλαίῳ,
701 1501 765 1544 διά
786 1502 829 1544 τό
853 1501 907 1555 μὴ
927 1500 1026 1543 εἶναι
1044 1501 1166 1544 τόπον
1187 1504 1228 1544 ἐν
1248 1507 1301 1559 τῷ
1324 1501 1572 1556 καταλύματι.
1629 1500 1863 1558 Ἀπογραφὴ

324 1573 396 1630 γαρ
428 1568 478 1626 ἧν
510 1571 616 1623 τότε,
659 1572 726 1614 καὶ
759 1573 800 1612 οἱ
822 1571 1196 1625 διασκορπισθέντες
1220 1569 1298 1612 άπὸ
1322 1575 1391 1612 τοῦ
1414 1569 1556 1625 χρόνου
1581 1575 1660 1612 τῶν
1681 1571 1864 1624 πολέμων

324 1647 403 1684 τῶν
428 1642 492 1684 ἐπὶ
516 1647 598 1690 τοῖς
620 1642 903 1696 Μακκαβαίοις
927 1637 1144 1694 γεγονότων
1171 1640 1236 1680 ἐπὶ
1259 1637 1306 1680 τά
1329 1643 1526 1693 πανταχοῦ
1549 1643 1621 1694 γῆς
1643 1641 1864 1694 διεσκορπί-

325 1717 502 1763 σθησαν,
542 1711 611 1751 καὶ
636 1706 756 1763 ὀλίγοι
783 1712 978 1756 παντελῶς
1000 1709 1156 1760 ἔμειναν
1179 1708 1219 1749 ἐν
1243 1707 1422 1760 Βηθλεὲμ
1445 1712 1728 1756 κατοικοῦντες.
1788 1704 1862 1748 And

326 1780 367 1820 ἔν
385 1796 460 1820 τινι
478 1775 705 1833 άντιγράφῳ
726 1779 802 1817 τῶν
824 1773 1101 1831 εύαγγελιστῶν
1119 1780 1291 1817 καλεῖται
1309 1774 1420 1824 πόλις
1439 1780 1510 1817 τοῦ
1528 1777 1674 1829 Δαβίδ·
1705 1776 1746 1817 ἐν
1764 1772 1864 1832 ἄλλῳ

327 1847 368 1888 δὲ
398 1845 536 1900 κώμην
561 1843 685 1898 αὐτὴν
711 1848 892 1895 καλοῦσι,
935 1842 998 1885 διά
1025 1843 1067 1885 vd
1094 1845 1146 1892 εἰς
1171 1841 1302 1899 ὀλίγην
1325 1849 1400 1899 γῆν
1423 1841 1546 1896 αὐτὴν
1572 1841 1722 1897 ήκέναι.
1767 1841 1865 1884 “Ovs

327 1915 369 1956 δὲ
390 1915 522 1970 γέγονε
545 1912 587 1955 τὸ
611 1915 798 1965 κέλευσμά
822 1916 892 1954 τοῦ
915 1912 1101 1965 βασιλέως
1123 1910 1358 1967 Αὐγούστου
1371 1945 1381 1964 ,
1412 1912 1477 1953 καὶ
1500 1910 1673 1967 άνάγκην
1694 1912 1805 1964 ἔσχον
1827 1911 1868 1952 οἱ

327 1982 686 2037 ὁιεσκορπισμένοι,
722 1985 739 2009 ³
753 1978 853 2022 κατά
872 1978 919 2021 τά
941 1978 1071 2022 αὐτῶν
1091 1981 1181 2035 γένη
1209 1975 1328 2033 ἦλθεν
1349 1981 1403 2028 εἰς
1421 1978 1490 2021 τόν
1508 1978 1653 2031 τόπον,
1683 1981 1750 2021 ἵνα
1771 1976 1867 2021 ἄπο-

326 2056 531 2107 γραφῶσιν
553 2050 780 2104 ἐπιρρέοντα
803 2047 850 2090 τά
873 2047 1032 2101 πλήθη,
1073 2049 1138 2089 καὶ
1163 2049 1343 2102 ἐνέπλησε
1367 2046 1435 2089 τὸν
1459 2046 1602 2099 τόπον,
1632 2048 1698 2089 καὶ
1722 2045 1796 2089 οὐκ
1817 2042 1867 2101 ἦν

327 2119 448 2168 τόπος
469 2121 509 2161 έν
530 2123 581 2175 τῷ
601 2116 853 2169 καταλύματι,
886 2116 950 2158 διά
971 2115 1040 2169 τὴν
1060 2117 1268 2170 συνέχειαν.
1320 2114 1477 2158 Λοιπὸν
1496 2116 1537 2158 δὲ
1559 2113 1654 2169 μετὰ
1675 2113 1747 2169 τήν
1767 2113 1864 2157 ἄπο-

329 2185 484 2243 γραφήν
514 2184 692 2239 άπῆλθεν
717 2186 900 2235 ἕκαστος,
942 2183 1035 2226 ὅποι
1064 2189 1135 2239 γῆς
1165 2184 1235 2238 τὴν
1258 2183 1485 2238 καταμονήν
1511 2188 1580 2237 τῆς
1604 2182 1866 2236 κατοικήσεως

329 2254 421 2309 εἶχε·
466 2253 527 2296 διὸ
553 2255 620 2296 καὶ
642 2251 784 2301 πλάτος
810 2251 1011 2308 ἐτύγχανεν
1042 2253 1082 2294 ἐν
1112 2257 1159 2310 τῇ
1184 2258 1244 2311 γῇ.
1301 2251 1521 2308 Ἐρχόμενοι
1546 2252 1607 2302 δὲ,
1653 2249 1707 2300 ὥς
1729 2252 1864 2303 εἰπεῖν,

331 2322 484 2377 μνήμης
513 2324 625 2364 ἕνεκα
655 2326 732 2363 τῶν
763 2322 845 2363 ε’κεῐ
870 2321 1176 2375 γεγεννημένων,
1218 2319 1376 2376 πρώτου
1407 2321 1590 2362 ε’νιαυτοῦ
1620 2320 1866 2368 τελεσθέντος

331 2393 398 2434 καὶ
421 2396 492 2433 τοῦ
517 2391 700 2445 δευτέρου
723 2390 1020 2444 πληρωθέντος,
1063 2383 1192 2442 ἦλθον
1216 2391 1257 2430 οἱ
1275 2394 1402 2443 γονεῖς
1425 2389 1545 2429 ε’κεΐσε
1569 2385 1648 2429 eiad
1675 2387 1864 2443 Ναζαρὲτ,

334 2457 386 2508 ὥς
411 2461 464 2508 εἰς
483 2457 554 2512 τήν
571 2457 793 2513 πανήγυριν
816 2455 970 2509 ταύτην.
1031 2455 1104 2498 Διὸ
1132 2458 1198 2498 καὶ
1221 2455 1247 2510 ή
1270 2459 1414 2505 ἕλευσις
1436 2460 1514 2497 τῶν
1534 2454 1692 2510 Μάγων
1713 2456 1864 2510 γεγένη·

334 2545 417 2578 ται,
461 2528 561 2568 4καὶ
589 2525 688 2568 κατά
718 2525 789 2579 τήν
819 2524 1002 2578 τοιαύτην
1029 2528 1264 2580 συγκυρίαν,
1306 2522 1435 2566 οὐκέτι
1463 2525 1557 2572 ἰ’σως
1585 2528 1632 2581 τῇ
1661 2521 1867 2566 καταλύσει

335 2594 420 2636 τότε
450 2600 517 2648 τῆς
543 2597 706 2650 Μαρίας
735 2595 802 2636 καὶ
822 2591 964 2646 Ἰωσήφ
996 2591 1060 2634 διά
1090 2591 1160 2645 τήν
1185 2590 1424 2648 ἀπογραφὴν
1452 2595 1499 2649 τῇ
1529 2588 1607 2632 ind
1633 2595 1704 2633 τοῦ
1724 2594 1866 2632 Λουκᾶ

336 2664 530 2720 εἰρημένῃ.
594 2662 652 2704 Ού
674 2661 747 2718 γάρ
769 2656 895 2717 ηὗραν
918 2659 987 2714 τήν
1009 2659 1179 2715 Μαριάμ
1207 2662 1246 2703 έν
1274 2665 1327 2718 τῷ
1349 2661 1543 2714 σπηλαίῳ,
1585 2658 1688 2701 ὅπου
1712 2659 1863 2714 ἐγέννη-

337 2746 410 2774 σεν.
467 2729 578 2772 Ἀλλά
613 2729 665 2780 ὥς
695 2732 770 2785 ἔχει
801 2728 845 2772 τὸ
877 2727 1098 2784 εὐαγγέλιον
1107 2761 1118 2779 ,
1161 2728 1240 2779 ὅτι,
1281 2727 1442 2784 ὥδήγει,
1485 2727 1627 2780 φησὶν,
1670 2724 1814 2775 αὐτούς
1843 2723 1866 2767 o‘

386 2880 464 2912 CAP.
482 2880 542 2911 IX.
566 2898 607 2903 —
638 2880 664 2912 1.
689 2878 802 2924 χρόνον
826 2878 885 2913 καὶ
908 2875 1080 2923 ἄκριβοῢν-
1125 2888 1188 2911 esse
1210 2888 1297 2910 nemo
1320 2880 1363 2909 est
1385 2878 1438 2917 qui
1457 2886 1517 2909 non
1536 2876 1651 2907 videat.
1700 2876 1868 2906 Cornarius

339 2937 394 2964 τος
411 2927 519 2965 scripsi
536 2935 601 2956 meo
620 2927 764 2964 periculo.
807 2926 916 2965 Confer
931 2926 1081 2965 evan9eliz'
1124 2926 1338 2964 interpretatus
1356 2926 1398 2954 est
1414 2924 1479 2953 ita:
1501 2921 1561 2952 sed
1583 2919 1719 2962 exponit
1737 2919 1865 2951 adven-

338 2973 443 3003 verba.
492 2971 565 3002 Cod.
587 2971 712 3010 Rhedz‘y.
736 2974 762 3002 et
786 2972 859 3002 editi
882 2971 953 3002 libri
972 2971 1081 3002 habent
1124 2975 1193 3001 tum
1217 2969 1409 3011 Magorum,
1447 2965 1537 2998 velut
1566 2971 1740 2997 attestatur
1769 2963 1864 2996 nobis

340 3014 466 3061 χρόνον.
506 3014 564 3049 καὶ
587 3011 775 3059 ἤκρίβωτο,
800 3017 882 3056 quod
902 3016 1081 3048 mendosum
1124 3025 1202 3049 vera
1224 3013 1277 3046 dei
1300 3012 1461 3053 doctrina,
1484 3010 1710 3053 interrogante
1729 3009 1865 3043 Herode
