2066 3319
190 692 253 719 pag.
272 684 329 712 622,

171 1016 256 1057 Κεφ.
283 1013 316 1048 ε’.

348 185 426 224 406
902 188 1062 221 SANGTI
1087 188 1311 221 ΕΡῙΡΗΑΝΠ

351 268 456 315 ι’ῐόν,
488 267 643 319 ἀπαίρει
672 267 714 306 ἐκ
737 269 806 306 τοῦ
832 266 933 306 ἰδίου
955 264 1082 307 τόπου
1103 267 1168 307 καὶ
1193 265 1315 322 ὁρμᾷ,
1347 267 1412 307 καὶ
1435 265 1626 319 τολμήσας
1654 265 1789 319 μηνύει
1818 264 1865 306 τά

348 336 435 388 περὶ
457 335 617 383 ἑαυτοῦ,
650 332 812 384 ὠφελεῖν
834 332 1163 387 ἐπαγγελλόμενος.
1221 332 1312 375 Ἀλλ’
1340 333 1386 376 οὕ
1408 333 1652 389 προεχώρησε
1676 338 1728 390 τῷ
1756 332 1866 388 γόητι

352 401 374 454 ἡ
398 406 467 454 τῆς
499 403 651 448 ἐλπίδος
683 403 885 451 φαντασία.
948 398 1170 456 5’Ήμβροτε
1201 400 1272 457 γάρ
1305 401 1383 444 ἀπὸ
1416 407 1484 455 τῆς
1513 403 1750 456 καραδοκίας
1779 398 1865 442 τινά

349 471 432 522 εἴδη
471 473 818 523 θφαρμακευτικῆς
845 468 1078 522 προενέγκας
1112 473 1165 524 τῷ
1197 471 1481 526 νοσηλευομένῳ
1514 470 1626 510 παιδὶ
1654 473 1724 510 τοῦ
1757 471 1865 521 βασι-

348 538 451 585 λέως.
517 537 631 584 Τέλος
661 539 755 590 γοῦν
788 537 842 583 εἰς
869 534 937 583 τοὶς
967 542 1092 590 χεῖρας
1123 536 1245 577 αὐτοῦ
1276 537 1438 590 θνήσκει
1469 535 1511 578 τό
1546 535 1765 589 μειράκιον,
1801 538 1866 577 ἵνα

349 604 475 646 πάντα
496 603 541 645 τά
566 604 658 657 μετά
681 609 751 646 τοῦ
772 602 948 655 ψεύδους
972 604 1199 658 διελέγχηται
1226 603 1369 656 μάταια
1397 605 1673 659 ἐπαγγέλματα.
1728 601 1796 652 Ὡς
1825 603 1866 644 δὲ

350 678 463 714 τοῦτο
495 671 619 721 οὕτως
646 672 794 725 ἀπέβη,
826 670 1088 726 προςτάγματι
1117 674 1299 729 βασιλικῷ
1325 672 1547 725 ἐμβάλλεται
1578 673 1632 720 εἰς
1654 669 1696 712 τό
1722 673 1864 724 δεσμω-

346 740 492 795 τήριον.
558 740 616 781 Οὐ
643 739 715 795 γάρ
745 737 869 787 εὐθύς
902 741 942 779 οἵ
969 743 1046 779 τῶν
1074 742 1237 792 Περσῶν
1269 742 1434 792 βασιλεῖς
1462 739 1532 788 τάς
1555 742 1743 794 τιμωρίας
1770 736 1867 780 κατά

348 813 425 850 τῶν
445 807 514 857 τάς
534 811 683 862 μείζους
707 809 842 857 αἰτίας,
871 804 988 860 ῗῆτοι
1009 804 1249 859 άτοπήματα,
1272 806 1454 861 δρώντων
1477 808 1742 861 ἐπιφέρουσιν,
1774 804 1868 847 ἄλλά

349 877 614 932 περιττοτέραν
643 874 728 917 τινά
758 877 955 917 ἐπινοοῦσι
984 873 1202 927 θανατικήν
1233 879 1374 928 ψῆφον
1405 874 1498 928 μετά
1528 874 1711 928 βασάνων
1746 871 1868 922 8τούς

350 945 702 997 ἐπαπειλουμένους
732 946 993 985 διατίθεσθαι.
1055 943 1132 982 Καὶ
1163 946 1282 983 ταῦτα
1314 943 1382 995 μὲν
1412 942 1545 991 οὕτως.

459 1011 641 1065 Ἐπέμενέ
665 1028 704 1052 τε
731 1016 776 1069 τῇ
800 1013 927 1067 εἱρκτῇ
953 1012 1132 1051 διατελῶν
1154 1008 1175 1051 ὁ
1198 1009 1364 1062 Μάνης,
1397 1008 1418 1052 ὁ
1441 1012 1507 1051 καὶ
1528 1009 1771 1064 Κούβρικος,
1802 1010 1868 1051 καὶ

349 1079 425 1122 find
450 1086 523 1122 τῶν
554 1082 663 1122 ἰδίων
685 1083 875 1132 μαθητῶν
897 1077 1230 1130 ἐπισκεπτόμενος.
1278 1076 1381 1130 ’Ήδη
1408 1077 1481 1133 γάρ
1507 1076 1529 1119 ό
1557 1077 1726 1133 ἀγύρτης
1752 1091 1867 1119 συνα-

349 1148 486 1204 γήοχεν
507 1150 631 1204 ἐαυτῷ
650 1146 824 1202 στρατόν,
857 1144 909 1195 ώς
928 1147 1060 1195 εἰπεῖν,
1086 1145 1155 1193 οὓς
1179 1144 1228 1197 δη
1247 1144 1429 1197 μαθητάς
1448 1143 1586 1196 ἐκάλει,
1612 1145 1678 1187 τόν
1696 1144 1869 1200 ἀριθμόν

347 1216 423 1270 ἤδη
446 1218 532 1272 περὶ
555 1215 626 1257 δύο
649 1217 715 1256 καὶ
735 1218 888 1256 εἴκοσιν.
931 1212 993 1263 Ἐξ
1012 1208 1066 1254 ῶν
1087 1230 1192 1260 τινας
1211 1219 1310 1264 τρεῖς
1334 1211 1593 1266 ἐκλεξάμενος,
1621 1216 1765 1266 Θωμᾶν
1782 1231 1868 1254 τινα

348 1284 447 1327 οὕτω
470 1283 728 1336 καλούμενον,
759 1283 826 1323 καὶ
844 1280 1040 1335 Ἑρμείαν,
1071 1281 1137 1320 καὶ
1158 1278 1327 1330 ’Ἀδδαν,
1360 1282 1550 1334 διενοήθη
1575 1279 1757 1334 ἀκηκοώς
1779 1282 1868 1335 περὶ

347 1358 421 1394 τῶν
443 1350 539 1394 κατά
563 1350 634 1405 τήν
657 1349 847 1392 Ἰουδαίαν
868 1349 933 1390 καὶ
953 1349 994 1390 ἐν
1014 1347 1089 1404 ὅλῳ
1117 1351 1169 1404 τῷ
1195 1346 1328 1404 κόσμῳ
1351 1349 1466 1402 ἱερῶν
1488 1351 1668 1401 βιβλίων,
1699 1351 1802 1402 φημὶ
1828 1350 1868 1391 δὲ

354 1425 656 1475 Χριστιανικῶν,
686 1417 811 1471 νόμου
834 1433 872 1458 τε
901 1416 967 1458 καὶ
989 1419 1224 1470 προφητῶν,
1255 1415 1505 1470 εὐαγγελίων,
1535 1417 1602 1457 καὶ
1631 1416 1866 1459 ἀποστόλων.

347 1487 455 1536 Δοῦς
477 1490 607 1529 τοίνυν
628 1488 788 1540 χρυσίον
808 1491 889 1533 τοῖς
911 1484 1207 1539 προειρημένοις
1229 1484 1293 1524 ἐπὶ
1315 1482 1362 1524 τά
1385 1484 1480 1538 μέρη
1502 1488 1579 1525 τῶν
1596 1482 1869 1539 Ἱεροσολύμων

350 1555 552 1597 α’πέστειλε.
619 1560 740 1596 Τοῦτο
763 1554 803 1595 δὲ
826 1555 980 1605 ἐποίησε
1011 1556 1024 1579 ¹
1038 1549 1156 1606 πρινή
1177 1556 1462 1606 καθειρχθῆναι
1481 1552 1522 1593 ἐν
1542 1556 1588 1609 τῇ
1608 1557 1778 1609 φυλακῇ,
1807 1551 1869 1593 ὅτε

349 1623 622 1679 διαλεγόμενος
646 1627 802 1670 πολλοῖς
825 1620 867 1663 τὸ
894 1622 994 1662 ἴδιον
1019 1618 1146 1674 δόγμα
1169 1618 1242 1660 οὐκ
1268 1621 1394 1672 ἴσχυσε
1420 1624 1616 1673 συστῆσαι.
1672 1618 1870 1673 Ἀκηκοώς

350 1692 391 1733 δὲ
412 1693 500 1746 περὶ
522 1690 716 1744 ὀνόματος
740 1694 912 1745 Χριστοῦ
933 1689 999 1729 καὶ
1023 1692 1102 1728 τῶν
1125 1686 1248 1728 αὐτοῦ
1271 1686 1431 1737 δούλων,
1468 1690 1711 1742 Χριστιανῶν
1733 1689 1774 1729 τέ
1794 1706 1868 1741 φη-

348 1778 402 1813 μι,
430 1759 626 1815 διεγνώκει
646 1757 709 1800 διά
734 1763 801 1799 τοῦ
822 1756 1014 1810 ὀνόματος
1033 1760 1102 1809 τῆς
1121 1753 1350 1803 ὑποθέσεως
1368 1759 1543 1811 Χριστοῦ
1564 1755 1759 1809 ἀπατῆσαι
1777 1755 1869 1805 τοῦς

348 1828 676 1880 πεπλανημένους.
741 1828 791 1867 Οἱ
820 1828 861 1866 δὲ
892 1822 1129 1872 ἀπελθόντες
1164 1820 1380 1876 ώνήσαντο·
1422 1822 1470 1864 οὗ
1500 1821 1574 1878 γάρ
1605 1821 1867 1877 ἀνεβάλλοντο.

353 1895 743 1950 Παλινδρομήσαντες
766 1894 827 1944 δὲ,
860 1891 913 1941 ώς
935 1891 981 1934 οῦ
1006 1890 1370 1945 καταλαμβάνουσιν
1397 1890 1516 1933 αὐτόν
1547 1889 1675 1933 οὐκέτι
1698 1893 1738 1933 ἐν
1768 1893 1866 1933 ἐλευ-

347 1965 455 2020 θέρῳ
477 1962 579 2018 άέρι,
611 1961 704 2003 άλλά
730 1964 769 2004 ἐν
791 1966 843 2018 τῷ
865 1962 1126 2017 δεσμωτηρίῳ,
1156 1956 1313 2001 κάκεῖσε
1339 1958 1590 2010 εἰςελθόντες,
1622 1961 1869 2002 ἐπεδείκνυον

349 2030 453 2088 αὐτῷ
475 2029 544 2079 τάς
564 2033 733 2084 βίβλους.
783 2028 826 2071 Ὁ
846 2030 887 2071 δὲ
906 2028 1035 2082 λαβών
1053 2029 1118 2069 καὶ
1137 2026 1394 2082 άνερευνήσας
1413 2026 1728 2085 ἐρρᾳδιούργησε,
1753 2045 1869 2083 προς-

351 2100 488 2149 πλέξας
515 2103 561 2156 τῇ
593 2098 757 2155 ἀληθείᾳ
789 2097 830 2139 τό
858 2100 959 2139 ἴδιον
992 2099 1142 2149 ψεῦδος
1168 2097 1266 2138 ἔνθα
1294 2113 1371 2137 που
1399 2091 1486 2151 εῦρε
1515 2095 1724 2151 πρόςωπον
1751 2094 1868 2151 λόγου

348 2167 373 2220 ἢ
393 2172 527 2220 κλῆσιν
549 2167 766 2219 δυναμένην
791 2165 989 2207 άποτελεῖν
1017 2162 1196 2218 ὁμοίωμα
1217 2168 1287 2206 τοῦ
1319 2162 1440 2206 αὐτοῦ
1473 2163 1734 2219 φρονήματος.
1787 2164 1868 2205 Καὶ

349 2238 532 2277 ἐντεῦθεν
549 2233 686 2276 λοιπόν
708 2233 892 2289 ἐκράτυνε
912 2231 952 2274 vd
973 2234 1206 2274 ἐπίπλαστον
1224 2237 1295 2274 τοῦ
1315 2232 1438 2274 αὐτοῦ
1460 2231 1750 2286 2κοσμήματος.
1787 2229 1867 2273 Ἀλ-

347 2303 392 2344 λοὶ
412 2305 478 2344 καὶ
502 2301 642 2356 μεταξύ
667 2301 857 2357 ἄργυρον,
888 2299 1200 2355 προςλιπαρήσας
1229 2299 1326 2342 3τόν
1349 2302 1412 2342 ἐπὶ
1436 2305 1505 2342 τοῦ
1527 2302 1790 2356 δεσμωτηρίου
1813 2303 1867 2341 δί-

349 2374 443 2413 δωσι
468 2370 612 2422 πολύν,
651 2372 717 2412 καὶ
749 2369 878 2425 φυγάς
907 2369 1199 2419 ἀπαλλάττεται,
1237 2372 1473 2421 καταλείψας
1502 2367 1573 2422 τὴν
1600 2373 1678 2410 τῶν
1703 2372 1868 2423 Περσῶν

346 2439 488 2495 χώραν,
518 2440 584 2481 καὶ
605 2443 650 2496 τῇ
670 2436 859 2495 Ῥωμανία
883 2438 1102 2492 προςέβαλε.
1155 2438 1294 2479 Μέσον
1315 2438 1356 2479 δὲ
1374 2436 1450 2490 ἤδη
1471 2435 1671 2492 τυγχάνων
1692 2441 1761 2490 τῆς
1781 2437 1866 2478 Μέ-

349 2522 418 2561 σης
441 2513 518 2549 τῶν
543 2512 727 2561 ποταμῶν
755 2507 819 2548 καὶ
850 2511 919 2559 τῆς
945 2507 1155 2559 Περσίδος,
1186 2507 1275 2560 περὶ
1296 2504 1365 2554 τάς
1392 2507 1553 2561 ἐρημίας
1582 2506 1637 2547 ἔτι
1665 2502 1864 2559 ὑπάρχων,

349 2575 489 2629 ἤκουσε
515 2577 604 2631 περὶ
630 2574 797 2630 μεγάλου
822 2572 925 2622 τινός
947 2571 1092 2627 άνδρός
1121 2574 1162 2614 έν
1183 2576 1386 2630 θεοσεβείᾳ
1411 2571 1604 2631 ἀκροτάτῃ
1635 2573 1865 2627 διαπρέπον-

351 2662 436 2695 τος,
468 2645 702 2699 Μαρκέλλου
728 2641 922 2696 τοῦνομα,
951 2645 1224 2690 κατοικοῦντος
1246 2643 1286 2683 ἐν
1309 2639 1497 2699 Κασχάρῃ
1520 2640 1628 2683 πόλει
1648 2645 1715 2694 τῆς
1733 2645 1862 2682 Μεσο-

393 2817 423 2847 5-
448 2811 573 2859 ἤμβρον
594 2828 630 2850 τε
652 2818 741 2849 codd.
765 2826 836 2848 mss.
865 2819 893 2847 et
915 2817 961 2847 ed.
982 2816 1082 2855 princ.
1173 2815 1202 2845 ὅ.
1229 2815 1377 2854 Suspicor
1396 2815 1465 2851 τοῖς
1485 2811 1787 2854 ἐπαπειλουμένοις,
1818 2815 1866 2844 vel

393 2860 423 2892 (5.
454 2864 678 2904 φαρκευτικῆς
709 2863 798 2894 codd.
821 2871 892 2893 mss.
940 2871 1082 2904 φαρκευ-
1129 2857 1182 2892 ἐπὶ
1205 2856 1281 2896 τούς
1303 2856 1568 2900 οἷπειλουμένους.

351 2907 495 2949 ματικῆς
518 2909 563 2938 ed.
585 2910 683 2947 princ.
1175 2903 1250 2934 CAP.
1276 2905 1315 2935 V.
1340 2923 1384 2930 -—
1439 2906 1466 2935 1.
1501 2904 1730 2943 „Corrigendus
1763 2907 1864 2935 autem

400 2964 423 2984 t.
451 2949 525 2989 ἤτοι
546 2955 688 2992 rescripsi
714 2963 772 2992 pro
792 2953 856 2985 τῶν
876 2953 957 2992 quod
974 2953 1083 2983 vitium
1127 2950 1319 2989 Epiphanius
1345 2951 1397 2989 qui
1417 2951 1448 2979 in
1470 2949 1719 2980 Manichaeorum
1747 2950 1865 2980 haeresi

349 2999 417 3030 libri
434 2999 568 3030 retinent.
615 3000 759 3030 Petamus
771 2999 943 3037 suspicatus
956 3001 998 3028 est
1016 2995 1081 3030 καὶ.
1128 3005 1196 3035 cap.
1216 2995 1245 3025 ξ).
1278 2997 1320 3026 ait
1344 2996 1494 3026 Manetem
1524 2995 1690 3034 discipulos
1721 3003 1792 3026 suos
1821 2994 1863 3025 ad
