2066 3319
467 180 647 212 PANARu
672 179 814 210 LIB.11.
838 179 946 210 ToM.
966 180 990 210 t.
1017 177 1288 210 HAER.LX1V.
1571 164 1653 204 319

113 277 180 302 nos
203 263 356 301 liberati
375 274 515 299 sumus.
579 257 780 312 Martyres
805 257 1002 298 Psalmum
1031 259 1134 298 illum
1167 255 1432 312 pronuntiant.
1498 252 1653 308 Duplex

114 343 230 385 porro
258 327 570 382 triumphantium
600 334 813 381 martyrum
845 327 986 366 chorus
1019 334 1093 366 est.
1156 325 1270 365 Alter
1304 323 1404 364 enim
1433 323 1478 362 ad
1512 336 1653 362 novum

114 404 410 446 testanieutum3
445 395 544 436 alter
566 395 612 435 ad
635 403 746 434 vetus
772 395 953 449 pertinet,
989 394 1050 448 qui
1074 394 1224 447 quidem
1248 393 1282 432 iu
1308 391 1456 446 patroni
1483 405 1528 430 ae
1551 389 1656 443 regis

113 465 282 506 omnium
316 464 376 504 dei
411 464 596 504 honorem
625 463 773 503 alterna
807 463 972 502 invicem
1004 463 1115 502 liuius
1143 461 1271 515 liymui
1303 459 1561 500 modulatione
1593 471 1653 498 re-

113 533 320 588 spondent.
382 533 558 571 Probasli
577 546 644 570 nos
674 534 785 579 deux,
821 535 907 582 igue
931 546 997 570 nos
1020 531 1266 575 e.r‹11m'm!.s·le‘,
1301 532 1398 566 sicut
1419 530 1657 566 erame'nalur

112 609 335 653 argentum:
378 603 567 640 indua-isti
594 615 660 639 nos
695 603 733 639 iu
766 602 934 652 laqueum
949 629 958 645 ,
997 600 1162 650 posuc'slt‘
1187 598 1447 635 tribulationes
1478 599 1514 634 ίη
1545 598 1656 634 dorso

114 677 256 709 nostro.
324 667 396 710 Ubi
428 667 634 708 tribunalia
662 667 861 721 gentilium
896 681 941 706 ac
978 666 1215 706 tentationes
1243 663 1484 717 significant,
1519 663 1656 717 quibus

114 738 250 779 vexati
282 752 327 779 ac
362 737 469 777 velut
500 737 589 790 igne
623 737 792 791 percocti
830 735 1066 774 validissime
1102 732 1249 787 probati
1286 738 1390 772 sunt.
1452 733 1572 770 Proba
1603 746 1658 770 me

114 809 229 854 enim,
264 805 409 860 inquit,
443 808 554 852 deus,
589 813 625 843 el
653 813 753 844 teleta
780 819 857 851 me,·
891 818 959 841 ure
987 817 1096 841 renes
1119 816 1216 841 meos
1239 809 1275 840 ee
1301 815 1368 840 eor
1390 815 1521 839 meum.
1586 798 1654 839 Li-

115 881 202 915 ceat
230 881 269 914 et
303 874 396 914 haec
422 873 648 913 Abraliamo
679 873 833 923 dicere,
867 886 953 912 cum
984 870 1173 924 unigenae
1211 869 1273 909 lilii
1308 868 1435 922 gratia
1466 868 1566 908 illius
1600 868 1656 907 vi-

115 957 249 993 scera,
283 941 403 983 veluti
435 941 597 995 quodam
625 940 714 993 igne
747 946 1017 988 torrerentur,
1052 952 1095 978 ae
1123 937 1307 978 maiorem
1342 936 1460 977 divini
1489 936 1656 976 mandati

114 1010 304 1052 rationem
331 1010 513 1060 liaberet,
548 1009 671 1059 hune,
705 1009 884 1062 inquam,
917 1006 1063 1048 Psalmi
1091 1007 1214 1047 locum
1242 1013 1422 1060 usurpet,
1458 1011 1656 1059 postquam

116 1093 254 1120 vocem
284 1078 386 1120 illam
423 1078 596 1132 aceepit,
638 1079 829 1124 Abraam,
870 1091 986 1129 ραι-οε
1009 1078 1101 1127 fillo
1131 1083 1212 1122 tuo,
1248 1082 1287 1113 et
1313 1076 1481 1125 gladium
1513 1075 1653 1112 abe'c‘ee:

111 1149 287 1201 probasti
309 1163 376 1187 uos
401 1150 513 1194 deus,
548 1150 636 1198 ejg‘ne
665 1161 733 1185 nos
764 1148 1009 1192 examinasle',
1049 1147 1148 1183 sient
1173 1146 1412 1182 assumuntur·
1442 1150 1653 1193 argeulum.

116 1215 264 1257 Eadem
288 1223 328 1257 et
352 1213 421 1256 tob
446 1215 566 1256 verba
594 1216 790 1269 proferat,
825 1221 1074 1269 posteaquam
1100 1219 1139 1252 et
1163 1212 1264 1253 illius
1291 1225 1431 1266 eorpus
1456 1211 1659 1265 purulenta

117 1285 226 1325 sanie
249 1284 463 1335 distillavit,
497 1291 536 1324 et
558 1283 768 1324 amicorum
796 1283 933 1337 probra
960 1281 1131 1337 pertulit,
1167 1288 1204 1320 et
1225 1280 1400 1334 corporis
1425 1279 1661 1320 cruciatibus

118 1354 281 1394 affectus
317 1360 399 1402 est,
442 1367 525 1393 cum
561 1366 630 1407 per
664 1352 871 1406 procellam
904 1351 1124 1405 loquentem
1160 1349 1231 1390 sibi
1268 1349 1379 1389 deum
1416 1348 1659 1399 exaudisset,

119 1424 217 1461 Num
244 1430 283 1461 tu
307 1436 361 1460 me
383 1423 494 1460 aliam
519 1422 564 1460 ob
592 1435 760 1459 caussam
795 1422 865 1458 tibi
886 1422 1048 1458 loculum
1071 1419 1296 1465 arbitraris,
1330 1432 1439 1469 quam
1471 1425 1511 1456 ul
1541 1420 1662 1456 iustus

119 1495 332 1543 appareas?
384 1487 503 1529 Dicat
523 1490 695 1543 inquam,
730 1491 896 1527 Posala-te·
914 1489 1175 1526 {ribulute'ones
1198 1501 1322 1525 eoram
1345 1487 1465 1533 nobis,
1500 1488 1658 1533 donuae,

120 1567 163 1598 nt
183 1574 250 1598 nos
276 1567 449 1611 tanquam
472 1561 509 1597 iu
529 1559 687 1610 fornace
709 1571 841 1596 aarum
861 1557 1057 1608 probares·
1121 1553 1218 1595 Item
1251 1562 1289 1595 ct
1320 1561 1400 1595 tres
1432 1554 1468 1593 in
1504 1555 1662 1594 fornace

120 1627 231 1683 pueri
260 1626 468 1667 concinant
502 1639 591 1666 rore
622 1625 792 1680 perfusi,
828 1639 874 1665 ue
905 1624 1082 1665 incendio
1118 1630 1431 1664 concrementur.
1494 1624 1670 1662 Probaste‘

121 1711 188 1735 nos
213 1698 302 1735 deus
315 1713 326 1734 .-
361 1699 448 1747 {gne
471 1710 537 1734 uos
565 1697 810 1741 eaeanu'lmste',
842 1697 940 1733 sieut
968 1696 1206 1732 eoeame‘nalur
1232 1699 1443 1744 argentum.
1513 1694 1664 1730 Transe-

121 1768 238 1804 vz'mus
252 1778 324 1816 per
344 1767 480 1815 ignem,
510 1771 546 1802 ec
566 1778 724 1815 uquam,·
757 1770 794 1801 et
812 1765 980 1802 eduxisti
995 1776 1062 1801 uos
1084 1765 1121 1800 ιἸι
1143 1763 1399 1814 refrigerium.
1452 1758 1564 1813 Quod
1591 1759 1663 1799 uti-

123 1846 211 1873 nam
232 1839 270 1872 et
291 1831 380 1872 mihi
397 1830 600 1872 Metliodio
620 1845 808 1886 usurpare
825 1830 1032 1885 aliquando
1051 1830 1165 1870 liceat
1182 1828 1427 1883 omnipotens
1449 1837 1487 1868 et
1505 1834 1664 1868 aeterne

123 1901 217 1942 deus
241 1908 350 1955 pater
372 1897 536 1950 Christi,
573 1915 659 1940 cum
685 1900 722 1939 in
747 1899 807 1939 die
833 1906 896 1940 tua
923 1913 991 1954 per
1014 1899 1140 1953 ignem
1167 1898 1252 1937 siue
1276 1897 1354 1937 ullo
1380 1897 1513 1937 dolore
1538 1903 1665 1936 trans—

123 1970 232 2020 iero,
267 1976 306 2009 et
337 1983 546 2023 aquarum,
589 1983 688 2023 quae
720 1967 898 2008 inurendi
932 1974 1107 2008 naturam
1142 1972 1312 2006 mutatae
1339 1966 1439 2016 sint„
1483 1965 1664 2020 impetum

124 2038 321 2092 effugero:
359 2041 535 2077 Transim'
548 2052 619 2089 per
640 2041 762 2089 Ignem
786 2045 824 2076 et
845 2051 992 2089 aquam,
1027 2043 1063 2075 et
1081 2038 1250 2075 edua-iste·
1269 2050 1325 2074 me
1347 2038 1384 2074 in
1404 2036 1660 2088 refrigerium.

1676 1081 1750 1108 Gen.
1760 1083 1804 1115 22,
1822 1082 1863 1108 12.

1685 1424 1745 1451 tob.
1763 1425 1805 1459 40,
1824 1425 1850 1450 s.

1687 1631 1758 1657 Dan.
1778 1632 1803 1658 3.

123 2104 235 2146 Haec
259 2113 318 2147 est
342 2107 444 2146 enim
472 2105 524 2146 tui
552 2106 771 2146 amantibus
795 2120 815 2145 a
840 2112 878 2145 te
901 2105 1003 2145 edita
1028 2102 1256 2159 promissio:
1301 2106 1348 2143 Se·
1373 2106 1570 2143 transieras
1595 2117 1666 2155 per
1679 2114 1748 2142 lsai.
1765 2116 1807 2152 ⁴3,
1827 2115 1852 2142 ².

124 2189 280 2228 aquam,
315 2183 433 2215 tecum
456 2190 535 2215 sum
549 2206 559 2222 ‚
594 2183 631 2213 et
647 2219 652 2227 ι
656 2177 812 2227 flumina
835 2189 908 2213 mm
931 2175 1153 2213 concludent
1171 2180 1226 2211 te:
1259 2180 1297 2212 et
1316 2175 1354 2211 sl
1374 2175 1571 2211 transieris
1594 2186 1667 2223 per

125 2246 271 2296 ignem,
305 2259 377 2283 nou
403 2245 654 2291 comburere's,·
676 2246 835 2297 stamma
859 2257 932 2282 non
952 2243 1144 2282 comburet
1166 2249 1213 2280 te.
1280 2238 1360 2282 Sed
1386 2241 1430 2281 de
1454 2239 1597 2281 Psalmi
1622 2239 1666 2279 il-

124 2311 198 2353 lius
228 2312 550 2367 interpretatione
582 2311 733 2352 abunde
767 2312 951 2352 hactenus
983 2318 1044 2352 est
1073 2310 1231 2350 dictum.

237 2379 356 2421 Nunc
382 2381 471 2421 illud
499 2380 822 2421 considerandum
851 2387 934 2431 est,
970 2379 1006 2419 iu
1032 2393 1108 2433 quo
1133 2378 1251 2419 variis
1278 2378 1438 2419 somniis
1469 2377 1664 2417 dormien—

126 2448 218 2490 tium
246 2462 354 2489 more
383 2448 506 2489 delusi
535 2449 750 2504 apostolum
777 2448 870 2490 llaec
897 2448 1044 2489 dixisse
1069 2448 1267 2488 iactitant:
1311 2450 1393 2497 Ego
1424 2454 1544 2485 autem
1570 2449 1666 2485 vive—

128 2519 207 2557 bam
232 2520 433 2571 aliquando
455 2521 536 2556 sim:
554 2520 648 2569 lege,
684 2517 889 2571 statimque
909 2517 1108 2557 clamitant
1128 2516 1226 2556 illam
1252 2514 1360 2569 primi
1385 2513 1506 2554 nostri
1529 2527 1661 2568 paren—

127 2586 177 2626 tis
201 2593 290 2626 ante
323 2600 464 2640 eorpus
492 2585 664 2640 legisque
695 2586 1038 2641 praescriptionem
1065 2585 1183 2625 vitam
1211 2597 1298 2623 esse
1332 2583 1591 2633 declaratam,
1625 2589 1667 2622 ut

129 2668 227 2709 quae
248 2661 465 2709 sequuntur
484 2654 594 2694 tidem
619 2654 786 2694 faciunt:
819 2657 903 2706 Ego
928 2669 1012 2694 vero
1033 2655 1199 2693 earnalis
1215 2667 1308 2699 sum,
1337 2653 1574 2690 venumdatus
1596 2652 1666 2690 sub

125 2731 331 2775 peecatum.
392 2720 588 2776 Quoniam
610 2722 681 2764 sub
706 2722 853 2778 peceati
877 2729 1106 2778 potestatem
1131 2735 1176 2761 ae
1197 2720 1432 2760 dominatum
1456 2719 1577 2773 redigi
1598 2719 1665 2760 ali-

131 2797 191 2832 ter
219 2791 333 2832 homo
361 2805 436 2830 non
464 2798 636 2845 poterat,
670 2790 782 2846 cique
808 2791 953 2832 violato
978 2791 1156 2831 mandato
1185 2787 1410 2829 venumdari
1443 2787 1517 2828 uisi
1548 2801 1665 2828 carne

133 2860 330 2913 praeditus
354 2859 566 2901 extitisset.
627 2858 731 2900 Nam
756 2860 884 2901 anima
907 2873 976 2914 per
998 2872 1087 2900 sese
1115 2856 1218 2898 nullo
1245 2862 1403 2911 peccato
1434 2855 1576 2910 corripi
1601 2870 1667 2911 po-

178 3006 209 3041 3.
234 3005 290 3051 Σή
314 3009 381 3041 cod.
405 3009 533 3050 Rhediy.
583 3010 679 3050 Vulyo
704 3006 756 3043 σὺ.

1715 2369 1793 2410 Cap.

1689 2414 1816 2446 XLtX.

1686 2458 1772 2486 Rom.
1791 2459 1817 2493 ἴ,
1837 2459 1861 2485 9.
