2066 3319
554 218 734 251 PANARH
759 219 841 252 [ΑΒ.
858 220 898 252 11.
924 221 1030 253 ToM.
1050 223 1092 254 11.
1113 222 1243 254 HAER.
1264 222 1385 254 wa.
1660 215 1741 254 409

201 300 287 340 dum
312 307 393 350 est,
427 299 636 349 habitaret,
671 299 795 340 virum
823 301 1078 355 undequaque
1104 300 1386 354 Christianum,
1421 310 1534 357 atque
1558 303 1595 343 in
1620 303 1742 343 omni-

200 368 271 408 bus
307 367 477 408 iustitiae
512 367 645 408 officiis
673 368 784 422 plane
813 368 1052 419 mirabilem,
1098 372 1158 425 qui
1194 379 1231 411 et
1264 371 1389 412 viduis
1422 379 1461 412 et
1493 372 1740 427 pauperibus,

199 449 271 477 nec
297 451 373 476 non
400 443 439 476 et
471 435 677 491 orphanis,
715 450 759 476 ac
784 437 948 491 denique
975 438 1237 492 indigentibus
1263 438 1485 494 largiretur.
1547 442 1610 480 Ad
1642 441 1741 481 hunc

198 504 316 559 igitur
336 505 531 560 applicare
556 519 598 545 se
623 505 840 557 coustituit,
869 514 911 546 ut
934 521 1017 547 cum
1041 507 1252 547 obnoxium
1275 506 1347 547 sibi
1370 507 1562 548 hominem
1588 509 1741 549 habuis—

199 580 282 624 set,
318 588 394 614 non
418 574 456 613 in
481 572 769 628 Mesopotamia
795 575 933 626 modo,
969 576 1035 615 sed
1071 583 1109 615 et
1135 582 1214 615 toto
1239 575 1303 615 illo
1330 575 1471 631 Syriae
1496 577 1741 632 Romanique

198 641 348 696 imperii
374 649 498 682 tractu
522 642 709 682 dominari
748 651 894 697 posset.
957 642 1154 696 Quocirca
1179 644 1366 683 eiusmodi
1393 646 1437 684 ad
1463 646 1566 685 illum
1598 647 1741 701 episto-

198 709 271 750 lam
301 710 460 761 scribit,
496 724 564 764 per
589 710 816 751 Turbonem
852 713 1042 766 quendam
1078 726 1194 752 unum
1229 726 1281 752 ex
1314 713 1510 767 discipulis
1542 715 1645 764 suis,
1690 729 1740 755 ex

198 775 374 819 Castello
400 778 639 831 Arabionis,
674 780 773 833 quod
800 780 844 820 ad
871 778 1077 833 Strangam
1101 780 1256 820 fluvium
1281 780 1395 821 situm
1427 789 1501 822 est.
1566 782 1741 837 Epistola

197 861 314 900 porro
338 847 390 887 ita
421 861 510 889 sese
534 847 714 888 habebat.
778 846 904 901 Quam
931 856 969 888 tu
996 849 1033 888 in
1056 862 1193 889 manus
1217 849 1413 903 accipiens
1444 849 1665 904 impostoris
1698 850 1741 890 il-

196 914 270 955 lius
302 915 476 956 callidam
509 930 554 956 ac
587 916 862 956 veteratoriam
896 924 1016 957 artem
1050 917 1214 970 legendo
1247 918 1490 971 cognoscito.

520 1052 770 1085 MANICIIAEI
803 1054 861 1085 AD
887 1053 1171 1085 MARCELLUM
1198 1054 1422 1087 EPISTOLA.

303 1119 561 1162 Manichacus
593 1121 793 1177 apostolus
818 1119 907 1162 lesu
934 1119 1108 1173 Christi,
1144 1130 1183 1163 et
1215 1123 1277 1177 qui
1312 1137 1462 1164 meeum
1493 1131 1584 1164 sunt
1615 1125 1740 1165 sancti
1770 1127 1846 1171 Cap.
1866 1129 1921 1158 vt.

198 1204 349 1241 omnes,
385 1190 634 1244 etvirgineS,
669 1189 877 1242 Marcello,
912 1191 989 1231 filio
1011 1191 1238 1243 carissimo,
1273 1192 1420 1246 gratia,
1455 1193 1739 1243 misericordia,

197 1273 274 1314 pax
299 1274 320 1300 a
350 1260 422 1300 deo
454 1267 562 1314 patre
586 1266 624 1300 et
648 1259 802 1299 domino
826 1266 960 1299 nostro
987 1258 1076 1300 lesu
1100 1258 1283 1311 Christo,
1319 1275 1363 1301 ac
1388 1268 1423 1301 te
1456 1261 1551 1302 lucis
1577 1263 1741 1303 dextera

197 1328 390 1369 custodiat
415 1342 436 1368 a
463 1327 660 1382 praesenti
685 1328 819 1368 seculo
847 1342 1011 1382 nequam
1040 1330 1200 1384 eiusque
1231 1330 1385 1370 casibus
1414 1336 1452 1370 et
1482 1330 1630 1385 laqueis
1662 1346 1742 1371 ma-

196 1396 306 1451 ligni.
369 1398 514 1437 Amen.

311 1463 424 1519 Quod
454 1473 489 1506 te
520 1480 670 1506 summa
703 1466 865 1506 caritate
898 1465 1111 1520 praeditum
1147 1479 1235 1506 esse
1263 1467 1453 1521 cognovi,
1487 1468 1743 1510 vehementer

195 1549 278 1575 sum
304 1535 488 1589 gavisus:
524 1535 624 1588 quod
647 1548 741 1575 vero
767 1548 844 1574 non
870 1541 1002 1574 rectae
1022 1534 1167 1575 rationi
1192 1543 1494 1577 consentaneam
1518 1537 1627 1577 fidem
1653 1552 1742 1592 pro-

196 1603 334 1654 fiteris,
369 1603 545 1657 equidem
571 1603 689 1643 dolui.
754 1601 1016 1656 Quamobrem
1046 1617 1131 1643 cum
1162 1604 1208 1643 ad
1233 1604 1504 1659 corrigendum
1527 1619 1650 1660 genus
1673 1607 1741 1646 liu-

196 1686 351 1712 manum
389 1672 529 1712 missus
566 1672 727 1722 fuerim,
773 1685 985 1725 eorumque
1025 1671 1087 1725 qui
1126 1686 1167 1712 se
1206 1672 1244 1712 in
1278 1673 1452 1714 fraudem
1489 1688 1741 1729 erroremque

197 1740 464 1781 commiserint
491 1740 683 1780 rationem
711 1740 896 1791 habeam,
933 1740 1197 1781 necessarium
1224 1742 1355 1796 putavi
1385 1742 1452 1782 llas
1476 1743 1522 1783 ad
1547 1749 1583 1783 te
1607 1743 1741 1785 literas

196 1809 396 1860 seribere,
431 1809 569 1863 quibus
602 1808 778 1864 inprimis
804 1810 956 1849 animae
990 1817 1103 1861 tuae,
1139 1818 1215 1850 tum
1241 1817 1392 1851 tuorum
1420 1811 1534 1851 saluti
1563 1812 1742 1852 consule·

195 1893 301 1929 rem,
334 1885 377 1918 ut
403 1892 451 1917 ne
483 1878 683 1919 confusum
715 1877 891 1931 quiddam
916 1878 1260 1933 perturbatumque
1292 1879 1483 1931 sentires,
1517 1894 1586 1934 pro
1618 1895 1664 1921 eo
1698 1895 1742 1921 ac

197 1947 396 1988 rudiorum
423 1946 599 2000 magistri
621 1947 776 1996 docent,
813 1946 875 2001 qui
898 1946 1048 2000 quidem
1075 1947 1125 1987 ita
1150 1948 1390 2002 praedicant,
1425 1948 1566 1989 bouum
1591 1964 1636 1989 ac
1659 1964 1740 1990 ma-

194 2016 270 2057 lum
303 2016 350 2056 ab
388 2016 523 2056 eodem
562 2015 778 2069 proficisci,
823 2030 1017 2070 unumque
1052 2017 1242 2056 duntaxat
1278 2017 1508 2072 principium
1546 2025 1736 2069 statuunt,

194 2099 319 2139 neque
339 2084 464 2124 lucem
489 2098 510 2124 a
535 2084 723 2133 tenebris,
760 2084 899 2124 bonum
924 2099 944 2125 a
967 2084 1090 2136 malo,
1126 2085 1364 2126 exteriorem
1389 2086 1583 2126 hominem
1612 2087 1658 2128 ab
1681 2087 1739 2127 in-

194 2154 346 2205 teriori,
381 2160 422 2192 ut
444 2159 532 2193 ante
559 2152 657 2204 dixi,
693 2152 919 2193 discernunt
941 2167 986 2193 ac
1007 2161 1214 2209 separant,
1250 2154 1326 2194 imo
1351 2169 1445 2195 vero
1469 2156 1628 2196 alterius
1653 2170 1737 2196 cum

193 2221 315 2262 altero
338 2222 599 2262 confundendi
623 2221 889 2276 miscendique
913 2222 1056 2262 nullum
1082 2223 1195 2263 finem
1219 2223 1378 2264 faciunt.
1440 2223 1503 2264 Tu
1524 2238 1635 2274 νει-ο,
1671 2224 1736 2274 fili,

191 2305 240 2332 ne
264 2298 306 2331 ut
332 2291 505 2346 plerique
541 2290 735 2330 homiuum
772 2298 917 2332 temere
948 2306 993 2331 ac
1021 2291 1105 2332 sine
1143 2292 1294 2333 ratione
1322 2293 1435 2333 ambo
1472 2293 1547 2333 ista
1579 2293 1739 2333 coniun-

191 2360 294 2414 gito,
331 2373 456 2414 neque
484 2359 668 2399 honitatis
695 2360 843 2399 auctori
873 2360 945 2400 deo
975 2360 1148 2401 tribuito.
1213 2359 1315 2401 Nam
1349 2362 1402 2402 illi
1434 2361 1661 2416 principium
1694 2376 1738 2402 ac

191 2429 304 2469 finem
320 2461 330 2479 ,
366 2436 405 2469 et
431 2429 567 2469 borum
592 2434 792 2468 auctorem
817 2429 1004 2469 malorum
1026 2430 1071 2470 ad
1098 2430 1210 2470 deum
1235 2432 1432 2481 referunt,
1466 2446 1620 2482 quoram
1638 2432 1736 2483 finis
1756 2435 1924 2471 aelmon.

190 2500 385 2537 maledicto
406 2501 607 2550 protimus
630 2505 697 2535 est.
762 2495 853 2537 Non
879 2498 979 2538 enim
1002 2499 1048 2538 iis
1070 2513 1167 2553 quae
1191 2499 1229 2539 in
1254 2499 1470 2554 evangeliis
1494 2513 1513 2539 a
1538 2500 1735 2540 salvatore

189 2582 233 2608 ac
257 2566 412 2607 domino
437 2573 572 2607 nostro
598 2564 687 2606 Iesu
714 2564 873 2606 Christo
896 2567 1089 2619 dicuutur,
1125 2568 1236 2608 fidem
1263 2568 1467 2608 adhibent:
1502 2571 1587 2607 Non
1608 2577 1733 2620 polest
1746 2575 1886 2609 MatthJ,
1901 2576 1939 2603 1⁷-

189 2637 304 2675 arbor
332 2637 426 2675 bona
453 2637 605 2687 fructus
631 2637 748 2673 malos
768 2637 918 2688 facere,
953 2652 1069 2689 neque
1091 2639 1206 2676 arbor
1229 2640 1325 2676 suala
1349 2639 1461 2676 bonos
1482 2639 1642 2689 flaccius
1669 2640 1731 2691 fa-

189 2737 225 2773 τό
259 2735 447 2782 ἀδιάκριτον
481 2740 548 2770 cod.
575 2740 634 2770 len.
667 2742 693 2769 et
723 2739 805 2770 edili.
859 2741 935 2771 Acca
983 2740 1121 2783 γελίοις;
1146 2751 1220 2772 nam
1240 2742 1428 2780 praepositio
1449 2738 1481 2773 ἐν
1504 2741 1594 2780 facile
1615 2745 1734 2781 potera!

189 2786 350 2817 Archelai:
377 2785 423 2816 uti
443 2796 484 2817 ne
507 2783 703 2815 indiscretos
726 2783 850 2817 animos
875 2797 934 2827 ge-
983 2789 1139 2818 absorberi
1162 2789 1250 2818 initio
1273 2788 1415 2818 vocabuli
1440 2788 1631 2826 insequentis.
1674 2791 1733 2820 Za-

189 2841 251 2862 ras.
984 2834 1114 2873 caanius
1138 2834 1156 2863 l.
1178 2835 1197 2863 l,
1223 2842 1253 2872 p.
1278 2832 1307 2864 7.
1335 2832 1452 2863 volebat
1477 2829 1553 2865 οὔτε
1576 2831 1640 2874 γὰρ
1665 2837 1734 2872 τοῖς

234 2874 265 2908 4.
290 2879 322 2909 ln
352 2879 422 2908 aliis
453 2886 560 2917 nempe
593 2878 733 2917 scriptis,
767 2879 937 2917 cipridem
985 2877 1169 2919 εἰρημένοις
1195 2875 1227 2910 ἐν
1260 2873 1475 2919 εὐαγγελίοις.
1523 2881 1598 2910 Acta
1622 2882 1733 2912 Arche-

190 2922 365 2961 dispuiatis.
983 2925 1044 2954 lai:
1080 2923 1156 2953 Nou
1182 2922 1268 2953 enim
1290 2923 1339 2954 his
1366 2924 1448 2965 (cod.
1473 2925 1577 2956 Casin.
1607 2924 1639 2956 iu
1665 2925 1730 2967 his)

234 2968 266 3000 ὁ.
290 2970 365 2999 Acta
389 2970 531 3000 Archelai
550 2980 581 3008 p.
605 2969 645 3002 7,·
675 2979 778 3011 neque
802 2968 935 3001 bonita-
983 2979 1065 3011 quae
1086 2967 1173 2999 dicta
1195 2975 1271 2999 sunt
1296 2968 1327 3000 in
1358 2969 1534 3011 evangeliis
1557 2970 1730 3002 salvatoris

190 3011 231 3042 tis
255 3011 318 3044 deo
343 3013 465 3045 inseras
490 3014 732 3045 contumeliam.
983 3013 1085 3045 nostri
1117 3021 1150 3044 et
1178 3013 1303 3045 domiui
1330 3016 1397 3047 {esu
1425 3014 1543 3047 Christi
1578 3016 1729 3049 credunt.

234 3056 265 3091 6.
291 3059 437 3099 Suspicor
459 3062 653 3092 scribendum
682 3070 744 3092 esse
775 3058 807 3093 ἐν
836 3057 935 3103 εὖαγ-
983 3059 1056 3104 quia
1082 3063 1145 3091 cell.
