2066 3319
496 201 679 235 PANAan
703 202 787 234 Lm.
803 203 844 235 11.
868 203 976 236 Tou.
994 205 1018 236 1.
1043 204 1174 237 mea.
1191 204 1315 237 inv.
1601 195 1681 236 283

139 282 194 323 At
214 295 311 322 vero
333 280 455 322 ceteri
478 281 628 336 quidem
654 282 693 322 in
718 295 763 323 ea
788 283 955 323 statione
979 284 1231 338 perstiterunt
1254 284 1364 325 euius
1387 284 1513 339 gratia
1539 283 1682 324 conditi

138 365 159 391 a
189 350 260 390 deo
291 350 568 404 constitutique
603 351 770 391 fuerant.
834 350 1022 392 Diabolus
1053 367 1149 393 vero
1181 353 1400 408 petulanter
1430 353 1531 407 egit,
1576 361 1614 392 et
1644 352 1682 392 in

139 432 272 459 eorum
304 432 400 474 quae
426 418 499 458 sibi
522 419 729 460 commissa
757 421 932 470 fuerant,
966 421 1300 462 administratione
1332 429 1518 476 concepta
1545 421 1684 462 adver-

137 501 205 528 sus
240 501 311 527 nos
344 487 490 527 invidia
526 487 734 542 pessimum
764 502 806 528 se
840 489 1032 543 praebuit.
1096 488 1430 544 Quemadmodum
1461 497 1500 529 et
1535 490 1588 529 illi
1620 489 1682 544 qui
1704 497 1824 531 Gen-6,
1845 498 1869 524 ²-

137 563 271 611 postea
296 556 611 611 concupiscentia
639 571 844 610 corporum
871 558 1107 611 flagrarunt,
1142 565 1180 597 et
1204 572 1288 597 cum
1313 558 1461 598 filiabus
1486 559 1682 599 bominum

135 624 260 680 stupri
294 625 613 665 consuetudinem
648 624 881 666 habuerunt.
944 625 1099 666 Etenim
1134 626 1233 680 quod
1270 625 1488 666 hominibus
1522 641 1682 667 eonces-

135 706 242 744 sum,
276 693 376 734 idem
401 700 439 733 et
464 693 539 733 iltis
563 708 584 733 a
608 693 679 734 deo
704 694 886 734 tributum
911 701 993 744 est,
1028 701 1068 734 ut
1091 695 1283 748 utrimque
1309 694 1469 734 liberum
1494 695 1682 735 haberent

135 761 348 803 voluntatis
372 761 592 812 consilium,
619 769 675 812 ut,
700 763 784 803 sive
807 763 908 803 illius
931 763 1178 803 sermonibus
1203 762 1533 817 obtemperarent,
1558 763 1679 818 ipsius

135 829 417 871 consuetudine
439 831 663 871 fruerentur
686 844 729 871 ac
755 831 950 871 felicitatis
975 838 1109 871 essent
1130 838 1346 886 compotes,
1382 831 1465 871 sive
1487 831 1681 871 detrecta-

134 905 222 939 rent
256 899 482 954 imperium‚
527 899 667 939 merito
702 899 739 939 in
768 899 856 940 illos
887 899 1068 940 iudicium
1103 907 1373 940 exerceretur.
1438 898 1535 940 Erat
1566 914 1682 954 porro

134 966 310 1008 diabolus
337 968 441 1009 velut
465 968 572 1008 sidus
598 968 787 1022 quoddam
814 966 1005 1009 Luciferi.
1071 971 1256 1020 Quomodo
1281 972 1415 1008 cecidit
1436 984 1455 1008 e
1483 971 1584 1008 coelo
1604 972 1763 1008 Lea-lsai.
1783 978 1824 1014 ιι,
1846 978 1884 1005 12.

133 1038 242 1090 esser,
276 1040 344 1089 qui
362 1051 469 1076 mane
498 1037 718 1076 oriebatur?
760 1035 839 1078 Sed
869 1044 952 1077 erat
974 1037 1153 1078 nimirum
1177 1037 1402 1078 matutinum
1432 1037 1538 1079 sidus
1564 1045 1602 1078 et
1625 1038 1680 1078 Ιιι-

133 1106 284 1157 cidum,
319 1107 418 1161 quod
452 1105 603 1160 quidem
632 1105 775 1146 decidit
799 1113 837 1146 et
859 1106 905 1146 ad
938 1113 1083 1146 terram
1117 1106 1269 1147 allisum
1301 1114 1384 1158 est,
1419 1122 1503 1147 eum
1537 1107 1680 1147 homini

133 1173 253 1215 noxia
276 1174 462 1229 quaedam
486 1182 524 1215 et
545 1175 711 1215 adversa
732 1174 770 1214 in
795 1189 841 1215 eo
862 1175 1115 1229 gubernando
1140 1183 1405 1231 procurasset.
1449 1174 1558 1217 Deus
1579 1176 1678 1216 enim

133 1250 268 1284 contra
290 1243 480 1299 superbos
504 1243 698 1298 indignari
726 1244 841 1294 solet,
878 1244 1233 1300 insolentioresque
1257 1245 1416 1300 spiritus
1444 1245 1677 1301 comprimit.

132 1311 192 1352 Ae
223 1311 317 1353 libet
348 1319 383 1353 et
416 1312 506 1353 illud
537 1312 660 1367 ipsum
694 1312 895 1353 declarare
927 1313 1129 1353 versibus:

366 1384 488 1434 Caput
516 1384 719 1429 malorum,
755 1389 793 1420 et
809 1384 928 1433 filzc‘s,
962 1384 1055 1430 heu,
1091 1386 1236 1422 ecmelis
1265 1386 1394 1431 draeo,

368 1453 522 1489 Gravem
554 1452 736 1489 malorum
767 1465 874 1489 saeve
905 1453 1117 1490 thesaurum
1144 1456 1274 1504 paris:

366 1522 480 1558 Caeci
506 1533 629 1566 error,
665 1520 766 1558 orbis
795 1522 930 1558 ductor
959 1522 1209 1570 ignorantiae.

366 1589 480 1638 Quem
513 1591 633 1626 [mistis
664 1590 849 1627 hominum
881 1590 1005 1627 lucius
1033 1603 1078 1627 ac
1103 1592 1281 1641 plalzclus
1311 1594 1414 1630 ιἰιυαί
1429 1609 1441 1630 .·

367 1659 438 1695 Vos
467 1658 518 1695 ad
545 1658 706 1709 nefanda
736 1658 879 1695 seelera
910 1665 1108 1708 cognatum
1140 1661 1178 1697 in
1209 1667 1324 1710 caput

363 1727 534 1763 Fratrem
561 1739 718 1777 perosas
750 1728 859 1777 impie
887 1734 1076 1765 (lrmanleS
1106 1741 1237 1766 malms

365 1795 525 1845 Iqficere
549 1797 711 1846 primum
744 1797 854 1833 caede
882 1798 1090 1846 sanguinea
1123 1798 1215 1835 Cain

369 1865 521 1901 Terram
553 1865 767 1915 impulistis.
833 1866 924 1902 Inde
949 1865 1060 1916 felici
1078 1878 1221 1916 parens

366 1933 472 1980 Quod
495 1935 642 1983 primus
672 1946 759 1971 aevo
792 1934 918 1984 lapsus
947 1935 985 1972 z'lz
1017 1940 1156 1972 terram
1187 1936 1340 1981 eoecc'de'l,

363 2002 495 2038 Vestra
527 2002 594 2039 illa
620 2002 733 2053 si‘aecs
762 2009 830 2040 est.
1726 2037 1804 2078 Cap

240 2066 372 2121 Atque
397 2068 497 2107 hune
520 2069 671 2122 quidem
698 2069 735 2109 in
763 2070 915 2109 modum
941 2069 1129 2111 diabolus.
1192 2068 1338 2111 Mors
1329 2085 1411 2126 ipsa
1437 2086 1532 2112 veto
1558 2073 1674 2113 casti·
1698 2083 1831 2114 XXtX.

127 2135 264 2189 gandis
287 2136 505 2177 bominibus
528 2145 587 2178 est
609 2145 781 2193 reperta,
816 2138 974 2193 perinde
998 2152 1042 2179 ac
1067 2138 1261 2193 puerulis,
1296 2140 1358 2194 qui
1383 2140 1582 2181 literarum
1610 2156 1673 2181 ru-
1689 2128 1835 2173 (XXtt.)

128 2204 298 2245 dimenta
322 2207 569 2257 condiscunt,
602 2207 845 2262 corrigendis
867 2207 1039 2247 adbiberi
1064 2207 1228 2248 verbera
1253 2217 1558 2250 consueverunt.
1602 2209 1675 2250 Ni-

128 2273 179 2313 hit
204 2274 306 2314 enim
329 2275 431 2315 aliud
458 2290 563 2315 mors
589 2283 649 2316 est
672 2290 783 2330 quam
812 2275 987 2329 eorporis
1013 2275 1059 2316 ab
1084 2277 1210 2316 anima
1239 2278 1432 2332 separatio
1459 2285 1573 2332 atque
1598 2279 1675 2318 dis-

128 2342 290 2383 iunctio,
340 2342 443 2397 Quid
470 2344 614 2398 initur?
657 2345 861 2385 Auctorne
884 2345 1019 2385 mortis
1044 2352 1103 2385 est
1126 2345 1202 2385 ullo
1229 2346 1341 2386 modo
1368 2347 1489 2386 deus?
1527 2345 1672 2387 Dicere

127 2411 227 2451 enim
264 2412 336 2452 hoe
372 2414 558 2468 potestis,
594 2414 806 2468 eademque
839 2413 951 2454 nobis
979 2414 1150 2454 iecurrit
1186 2415 1327 2454 οιιὶἰο.
1391 2413 1470 2455 Sed
1502 2415 1601 2455 absit
1633 2423 1673 2456 ut

126 2479 178 2520 ita
223 2481 412 2522 dieamus.
485 2481 590 2522 Nam
631 2496 756 2537 neque
793 2489 1069 2537 praeceptores
1108 2483 1316 2538 primariae
1355 2497 1399 2523 ae
1442 2484 1673 2537 praecipuae

128 2563 293 2590 caussae
323 2557 414 2591 sunt
449 2564 519 2591 cur
553 2552 661 2606 pueri
700 2551 834 2592 dolore
868 2551 1066 2607 plagarum
1102 2552 1332 2592 afficiantur.
1404 2550 1516 2592 Bona
1555 2553 1673 2606 igitur

125 2686 183 2707 nus
208 2675 353 2709 Fratres.
402 2676 481 2708 Cain
507 2676 662 2720 perduxit
685 2683 720 2708 ut
740 2689 873 2722 resper-
919 2689 990 2710 rum
1013 2679 1101 2710 Sacr.
1136 2681 1154 2710 l.
1176 2680 1236 2717 11.‚
1260 2687 1334 2717 paq.
1365 2677 1456 2717 102,
1492 2680 1562 2710 item
1593 2689 1672 2720 quae

126 2721 204 2753 serit
228 2722 352 2753 Crume
375 2722 496 2765 primus
520 2730 641 2754 terrim
669 2735 784 2755 saevus
816 2736 873 2755 ru—
919 2726 991 2756 inde
1017 2727 1185 2764 sequuntur
1208 2733 1303 2762 usque
1336 2724 1378 2754 ad
1411 2720 1600 2768 ὑπερβάντα
1624 2728 1672 2759 δ’.-

125 2766 214 2799 bido.
250 2768 292 2799 Et
313 2767 434 2810 primus
460 2775 494 2800 ut
516 2775 630 2800 noster
653 2781 769 2812 pireus
794 2781 872 2801 coe·
921 2767 1103 2811 καιοσύιιης
1127 2771 1231 2800 eodem
1256 2771 1332 2800 libro
1353 2779 1430 2809 pay.
1452 2770 1504 2802 92.

125 2811 261 2844 lestibus
288 2815 336 2845 De
357 2813 489 2846 sedibus
513 2814 610 2846 miser
629 2815 755 2847 ruinam
779 2815 873 2848 fece—
966 2818 997 2847 “’.
1025 2811 1042 2847 ὁ
1068 2825 1126 2845 om.
1150 2816 1306 2845 Leontius.

126 2857 190 2889 rit.
966 2861 997 2893 ὅ.
1024 2858 1198 2893 {avaron
1192 2873 1225 2891 A:
1213 2858 1336 2898 τέξτιις
1362 2861 1516 2893 Leontius.
1561 2864 1670 2917 Probo.

173 2903 250 2934 Ωιι).
273 2904 404 2936 XXIX.
428 2924 473 2929 —-
522 2906 549 2938 1.
579 2908 676 2938 Verba
708 2904 726 2941 0‘
751 2906 789 2941 δ;
814 2906 875 2942 ‘zoi-
920 2909 1005 2940 Idem
1028 2908 1172 2937 leontius
1199 2907 1292 2936 rerba
1320 2903 1416 2939 m'nu
1440 2905 1503 2950 (ἀρ
1527 2919 1543 2941 0
1569 2905 1632 2942 αιῗτ
1635 2906 1671 2946 ὸς

125 2959 221 2986 *arog
244 2967 260 2972 -
283 2968 301 2972 —
322 2969 338 2973 -
366 2963 424 2984 και
444 2951 502 2985 τοῦ
524 2963 607 2995 ymo.
612 2953 697 2996 σιιοῦ
730 2958 876 2994 excerpta
919 2949 988 2999 ηιιῖ
987 2964 1001 2983 a
1026 2947 1091 2992 ἡ’κ;
1095 2962 1104 2982 ι
1130 2947 1182 2992 >0
1182 2961 1227 2987 ος
1250 2961 1310 2983 non
1335 2953 1433 2984 habet.

126 2996 254 3033 le91'mus
291 2998 378 3034 apud
401 2999 480 3037 Any
505 2999 625 3030 Maium
650 3000 774 3039 Scriplt
799 3001 874 3031 Velt.
967 2994 998 3029 4.
1025 2996 1112 3038 φησὶ
1115 3009 1128 3029 ι
1153 2997 1305 3028 Leonlius

127 3041 163 3071 Ν.
187 3040 464 3074 Coll.vol.111.in
484 3044 603 3077 Leontii
624 3048 649 3077 et
670 3046 795 3078 Ioannis
816 3046 874 3078 Re-
