2066 3319
1648 203 1666 213 n

546 209 722 240 PANARH
750 210 830 241 LIB.
852 210 893 241 tt.
920 210 1028 242 ToM.
1050 211 1072 241 1.
1099 210 1227 242 HAER.
1248 211 1315 241 LV.
1622 204 1698 241 165

164 288 278 342 Quod
307 288 353 326 ad
378 286 503 327 Etiam
531 287 691 339 attinet,
726 288 915 328 eiusmodi
940 289 1042 329 illius
1068 297 1229 330 stemma
1253 305 1298 330 ac
1320 291 1535 346 prosapiam
1559 290 1706 346 reperi-

159 371 258 405 mus,
295 369 406 409 quam
432 355 567 395 ordine
593 355 692 395 huuc
713 355 750 395 in
776 357 928 396 modum
956 371 1184 412 pei-censen.
1250 357 1337 398 Fuit
1365 358 1471 399 Elias
1491 358 1702 399 Tltesbitcs

157 423 298 463 lodaac
333 424 548 463 sacerdotis
589 426 734 475 frater,
777 425 1012 480 proindeque
1055 440 1105 466 cx
1146 427 1379 467 sacerdotali
1420 428 1560 482 stirpe,
1601 428 1700 468 lilius

156 492 421 542 Achimaami,
457 492 734 533 Acltimaamus
761 493 928 543 Sadoci,
964 492 1140 535 Sadocus
1169 495 1375 544 Acltitobi,
1411 495 1470 535 liic
1493 497 1698 547 Amoriae,

155 560 337 601 Arnorias
359 559 539 610 Morino,
575 559 724 601 Morias
750 560 906 612 Zazac,
940 563 1014 603 iste
1040 563 1188 612 Aziae,
1222 562 1346 602 Azias
1377 562 1576 615 Phinccsi,
1609 563 1700 605 Phi-

156 642 298 669 neesus
321 627 528 677 Eleazari‚
563 629 624 668 11ἰο
650 631 820 670 Aaronis
844 632 1084 677 sacerdotis,
1120 631 1254 670 Aaron
1281 631 1479 681 Arurami,
1514 633 1573 672 hic
1599 630 1700 673 Caa-

156 697 231 747 1111,
267 694 441 737 Canthus
465 696 591 748 Levi,
627 698 689 752 qui
716 699 854 739 tertius
882 697 1009 738 iacobi
1046 699 1146 739 lilius
1174 699 1259 739 fuit.
1323 699 1376 739 At
1406 697 1567 741 lacobus
1591 700 1700 743 Esau

156 767 298 815 l'rater,
335 763 459 806 lsaaci
490 767 612 816 fitius,
655 764 814 807 1533005
838 767 1066 807 Abrahami.
1130 768 1185 807 At
1217 781 1312 807 vero
1349 767 1387 806 in
1423 769 1545 808 sacris
1576 768 1699 809 literis

154 848 230 874 non
258 834 415 874 omnino
442 836 644 889 perspicue
676 835 836 875 istorum
871 835 1042 888 origines
1075 834 1319 885 indicantur,
1362 835 1437 876 nisi
1470 837 1568 876 sorte
1600 839 1698 891 quod

151 903 189 942 iu
225 902 332 943 libris
356 901 682 957 Paralipomenon
715 903 900 943 nonnulla
927 917 1025 957 qnae
1057 904 1101 943 ad
1136 902 1261 944 Eliam
1294 903 1491 959 pertinent
1523 920 1698 959 compre-

153 971 273 1011 hensa
298 979 403 1012 suut.
468 969 581 1024 Quod
613 979 739 1012 autem
769 973 814 1012 ad
846 979 925 1012 tres
960 986 1100 1027 pucros
1127 980 1276 1027 spectat
1303 970 1493 1022 Sidrach,
1526 971 1696 1024 Misacli,

153 1047 191 1079 et
215 1040 452 1094 Abdenago,
487 1040 579 1080 nihil
605 1041 651 1079 de
676 1040 722 1080 iis
748 1054 874 1094 neque
905 1041 942 1080 in
974 1040 1231 1096 apocryphis,
1267 1055 1391 1095 neque
1417 1040 1454 1081 in
1483 1041 1700 1082 traditioni-

151 1109 223 1149 bus
249 1108 485 1149 invenimus,
551 1107 744 1161 Quidnam
773 1123 867 1162 ergo
896 1110 1096 1149 dicemus?
1155 1109 1217 1149 Au
1245 1116 1283 1150 et
1310 1109 1362 1149 illi
1388 1116 1467 1150 tres
1496 1110 1601 1165 pueri
1628 1125 1699 1151 nos

152 1178 189 1217 in
214 1191 299 1217 eum
326 1191 502 1217 errorem
530 1177 762 1226 coniicient,
798 1185 839 1218 ut
864 1179 962 1232 quod
990 1179 1101 1218 nefas
1129 1185 1189 1218 est
1213 1179 1258 1218 de
1288 1178 1361 1218 illis
1388 1178 1626 1232 cogitemus,
1662 1186 1700 1219 et

153 1260 460 1300 unamquamque
481 1260 564 1286 rem
585 1259 701 1299 supra
724 1260 835 1300 quam
859 1261 926 1301 par
948 1254 1009 1286 est
1030 1254 1068 1286 ct
1089 1247 1302 1302 impensius
1327 1246 1587 1287 admiremur?
1617 1248 1699 1288 Ab-

152 1316 202 1355 sit
229 1322 270 1354 ut
294 1314 328 1354 id
355 1329 522 1369 uuquam
551 1314 588 1354 in
615 1313 783 1354 animum
809 1316 1053 1356 inducamus.
1107 1314 1209 1356 ‘Nam
1232 1323 1270 1356 et
1295 1316 1448 1356 termini
1471 1316 1699 1371 praescripti

151 1383 262 1423 uobis
291 1391 395 1433 sunt,
430 1390 468 1423 et
495 1384 742 1423 fundamenta
772 1385 912 1439 posita,
948 1391 987 1424 et
1011 1384 1096 1425 fidei
1124 1392 1335 1435 structura,
1370 1392 1407 1425 et
1433 1385 1696 1440 apostolorum

153 1451 408 1501 traditiones,
444 1460 481 1492 et
506 1466 642 1492 sacrae
670 1452 831 1502 literae,
868 1460 905 1492 et
927 1453 1110 1493 coelestis
1143 1453 1342 1494 doctrinae
1370 1462 1579 1508 propagata
1611 1469 1699 1494 suc—

151 1520 304 1570 cessio,
352 1535 396 1560 ac
432 1521 597 1574 denique
633 1520 763 1561 divina
799 1522 946 1562 veritas
981 1536 1032 1562 ex
1067 1522 1169 1561 omni
1205 1529 1314 1576 parte
1351 1522 1496 1562 munita
1533 1530 1616 1572 est,
1661 1530 1697 1563 et

151 1588 378 1629 constituta.
441 1587 614 1629 Proinde
652 1603 766 1629 nemo
802 1604 844 1630 se
881 1590 1062 1630 inanibus
1099 1590 1237 1631 fabulis
1275 1591 1311 1630 in
1349 1604 1523 1631 errorem
1561 1591 1696 1632 abduci

150 1658 333 1713 patiatur.

266 1726 404 1767 Redeo
441 1727 515 1766 iam
544 1727 588 1766 ad
624 1726 659 1766 id
695 1727 794 1781 quod
824 1726 913 1767 mihi
948 1741 1249 1782 proposueram,
1285 1743 1330 1769 ea
1358 1728 1563 1778 videlicet,
1598 1742 1696 1783 quac
1720 1736 1797 1779 Cap.
1822 1738 1873 1769 tv.

152 1796 198 1835 de
223 1793 516 1836 Melchisedec-0
539 1795 781 1850 ineptissime
809 1796 1047 1850 contingunt.
1111 1795 1201 1837 Fuit
1227 1797 1328 1837 enim
1362 1797 1486 1838 iustus
1520 1797 1584 1837 ille
1616 1797 1698 1851 qui-

153 1866 236 1905 dem
262 1879 305 1904 ac
334 1865 394 1905 dei
421 1865 607 1905 sacerdos
638 1871 676 1904 et
705 1878 776 1904 rex
800 1863 957 1915 Salem,
991 1865 1059 1905 sed
1084 1879 1208 1920 neque
1243 1867 1281 1906 in
1307 1866 1418 1906 coelo
1447 1867 1541 1916 fuit,
1576 1879 1647 1906 nec
1678 1880 1699 1906 e

153 1934 261 1974 coelo
287 1934 502 1974 descendit.
566 1936 683 1972 Nemo
706 1937 800 1972 cm'm
826 1937 995 1972 ascendit
1017 1937 1054 1973 2‘12
1078 1937 1232 1982 coelum,
1268 1938 1345 1974 m'sz'
1363 1938 1430 1987 qai
1448 1937 1492 1974 (le
1514 1937 1615 1974 coelo
1638 1938 1902 1976 de-10a11n.3.1:3.

151 2006 315 2050 scendit,
344 2005 455 2055 filius
480 2005 659 2049 hominis,
696 2003 747 2042 ait
772 2003 1040 2043 sanctissimus
1070 2002 1379 2057 verissimusque
1408 2004 1501 2043 deus
1532 2003 1632 2043 idem
1662 2011 1700 2044 01

153 2071 330 2112 verbum.
400 2070 508 2111 lllum
547 2085 642 2110 vero
677 2069 977 2111 Melchisedecis
1016 2071 1190 2112 ordinem
1230 2087 1314 2113 cum
1356 2072 1549 2127 scriptura
1586 2086 1698 2112 sacra

154 2141 358 2181 confirmat
397 2154 442 2180 30
479 2146 639 2180 sanctus
678 2139 836 2194 spiritus
876 2139 1078 2194 expressis
1114 2140 1243 2180 verbis
1281 2141 1445 2190 asserit,
1491 2140 1698 2181 sacerdotii

153 2209 450 2249 translationem
479 2207 669 2258 ostendit,
704 2210 803 2262 quod
841 2208 887 2248 ab
915 2216 1051 2249 vetere
1081 2223 1282 2264 synagoga
1312 2210 1464 2264 rituque
1497 2209 1696 2264 egregium

152 2292 196 2318 ac
216 2277 591 2332 praestantissimum
616 2278 653 2317 iu
678 2278 816 2327 ritum,
852 2290 978 2331 neque
1006 2277 1150 2318 carnali
1177 2278 1429 2318 successione
1458 2277 1695 2329 devinctum,

152 2354 288 2401 postea
308 2346 480 2386 transiit.
544 2345 699 2386 Etenim
727 2352 886 2386 sanctus
909 2347 973 2386 ille
997 2345 1263 2387 Melchisedec
1287 2347 1429 2387 nullum
1462 2360 1586 2400 neque
1613 2353 1700 2401 post

153 2430 194 2456 se
220 2429 490 2456 successorem
518 2415 672 2465 habuit,
707 2429 778 2455 nec
811 2414 846 2455 ei
879 2416 1140 2456 sacerdotium
1168 2424 1227 2456 est
1253 2416 1504 2469 abrogatum,
1537 2415 1606 2455 sed
1637 2429 1698 2455 sa-

153 2485 291 2525 cerdos
315 2491 396 2524 toto
419 2485 522 2524 vitae
548 2498 642 2525 suae
666 2491 839 2538 tempore
866 2484 1024 2524 mansit.
1088 2482 1221 2537 Quare
1251 2485 1374 2524 adhuc
1399 2484 1436 2524 iu
1463 2483 1586 2524 sacris
1612 2483 1696 2524 lite-

153 2553 207 2594 ris
239 2553 373 2594 eadem
405 2553 615 2593 sacerdotii
640 2552 828 2607 dignitate
857 2553 1098 2602 celebratur,
1134 2567 1219 2593 cum
1246 2567 1358 2604 1101110
1383 2552 1417 2592 ei
1442 2552 1693 2603 successerit,

153 2629 219 2662 aut
241 2622 344 2662 illam
368 2621 577 2663 sacerdotii
602 2622 856 2671 functionem,
889 2636 1002 2676 quam
1023 2636 1093 2662 suo
1115 2629 1289 2676 tempore
1316 2627 1452 2661 nactus
1476 2627 1550 2672 est,
1585 2635 1698 2662 ever-

154 2691 259 2731 terit.
323 2689 472 2730 Eodem
497 2691 610 2745 plane
637 2691 750 2731 modo
779 2691 955 2731 dominus
977 2696 1113 2731 noster
1135 2704 1211 2730 uon
1241 2690 1365 2730 nudus
1391 2689 1521 2742 homo,
1555 2690 1622 2730 sed
1645 2704 1697 2730 ex

155 2761 226 2800 deo
253 2759 348 2800 deus
375 2759 535 2799 verbum
566 2759 704 2814 deique
733 2759 855 2810 filius,
898 2760 944 2800 ab
978 2759 1114 2800 eodem
1147 2758 1252 2799 nullo
1284 2758 1394 2798 initio
1426 2766 1492 2799 aut
1522 2765 1695 2814 tempore

155 2829 332 2882 genitus,
367 2828 429 2883 qui
453 2835 512 2868 est
538 2842 623 2868 cum
645 2835 752 2883 patre
778 2835 989 2884 perpetuo,
1023 2829 1090 2868 sed
1113 2828 1225 2867 homo
1252 2834 1379 2868 tamen
1405 2828 1451 2868 de
1474 2826 1604 2868 Maria
1628 2842 1696 2867 no-

156 2904 235 2937 stra
256 2911 395 2938 caussa
420 2898 544 2937 factus
568 2905 643 2948 est,
679 2911 749 2937 nec
774 2911 826 2938 ex
849 2897 951 2938 virili
976 2897 1124 2938 semine
1149 2903 1390 2950 procreatus.
1441 2895 1519 2952 Qui
1543 2895 1694 2952 quidem

199 3010 231 3042 2.
256 3006 281 3052 ἦ
305 3015 338 3043 ut
358 3013 531 3043 adiceretur
552 3014 700 3044 sententia
723 3014 900 3052 postulavit.
996 3012 1027 3043 ὅ.
1053 3012 1176 3050 Repono
1201 3007 1312 3043 αὗτέν.

159 3057 359 3088 Desideratur
382 3061 486 3089 autem
508 3059 540 3089 in
565 3059 651 3089 libris
674 3060 824 3090 omnibus.
