2066 3319
512 207 692 239 PANARH
717 207 801 238 Lm.
818 207 860 238 11.
885 207 992 239 ToM.
1014 207 1037 238 t.
1063 206 1194 239 HAER.
1215 206 1337 238 LX1v.
1616 197 1697 237 265

158 288 304 338 mavis,
339 285 542 336 Auxenti,
577 300 623 326 an
652 300 712 326 me
740 285 867 342 potius
899 287 1031 327 ducem
1060 286 1272 327 adbibere?
1331 285 1512 341 Aequum
1542 292 1601 326 est
1632 285 1700 326 du-

156 370 238 397 cem
270 363 308 396 te
340 369 452 405 esse,
486 355 708 410 respondit:
745 362 782 394 tu
815 354 916 394 enim
951 355 985 395 ei
1017 355 1187 395 sermoni
1220 354 1394 409 praeisti.

269 423 355 464 Hoc
390 423 508 477 igitur
543 422 683 463 dictum
719 430 778 463 cst
810 424 898 477 (age
933 423 1035 464 enim
1067 423 1354 477 Aglaopltontis
1386 422 1619 463 sententiam
1652 422 1699 462 ab
1718 422 1904 462 cap.XXt.

154 492 264 533 initio
289 492 493 547 repetitam
518 491 739 545 singillatim
767 491 1071 546 expendamus),
1107 491 1272 531 animam
1296 505 1460 545 corpus,
1494 492 1593 545 quod
1625 491 1699 531 cir·
1741 468 1881 509 (XLH')

155 561 370 602 cumfusum
396 560 506 600 nobis
529 566 611 610 est,
646 560 682 599 in
709 560 836 600 delicti
869 574 1030 615 poenam
1059 560 1342 614 assumpsisse,
1376 574 1460 599 cum
1488 559 1700 614 superiori-

152 629 225 670 bus
250 628 489 684 temporibus
511 628 557 668 ab
584 642 630 668 eo
656 636 835 683 separata
857 643 1004 669 summa
1029 628 1066 667 in
1094 627 1276 667 felicitate
1303 627 1478 681 degeret.
1542 626 1697 668 Etenim

154 705 332 739 scorteas
356 697 442 737 illas
467 697 617 737 tunicas
642 712 807 753 corpora
832 711 919 738 esse
945 696 1111 746 dicebat,
1147 695 1284 749 quibus
1309 695 1481 735 inclusae
1506 703 1596 736 sunt
1618 696 1699 736 ani-

152 780 262 818 mae3
297 772 337 806 ut
359 773 550 806 mortuum
573 765 663 805 illud
690 780 829 820 corpus
853 765 1178 805 circumferentes
1206 777 1338 804 eorum
1366 778 1464 817 quae
1495 764 1699 804 commise-

151 841 239 875 rant
262 848 407 890 poenas
432 833 722 888 dependerent?
780 832 926 874 Nonne
953 833 1048 873 llaec
1069 847 1090 872 a
1115 839 1152 872 te
1178 832 1288 872 initio
1316 832 1511 887 proposita
1537 840 1642 882 sunt,
1677 848 1698 872 0

152 903 326 944 medice?
386 902 452 943 Tu
474 916 587 953 vero,
620 902 650 942 si
677 902 803 942 minus
830 901 1030 942 recordari
1055 901 1206 951 videor,
1241 901 1453 940 memoriae
1478 914 1586 941 meae
1609 901 1699 940 sub-

152 971 273 1012 iicito.
335 969 445 1011 Nihil
468 985 512 1012 ea
538 985 580 1011 re
603 985 703 1011 nunc
729 971 879 1025 quidem
907 984 1002 1025 opus
1030 977 1112 1021 est,
1145 970 1198 1010 ait
1222 969 1300 1009 ille.
1364 968 1468 1009 Nam
1496 969 1591 1009 baec
1616 969 1699 1024 ipsa

151 1047 243 1081 sunt
275 1053 372 1094 quae
404 1039 526 1094 primo
554 1039 639 1080 loco
671 1038 856 1080 diximus.
920 1038 1022 1093 Quid
1058 1038 1224 1078 deinde?
1283 1036 1429 1078 Nonne
1462 1037 1534 1078 lioc
1566 1045 1699 1092 postea

151 1108 309 1164 saepius
336 1122 358 1148 a
384 1116 421 1148 te
446 1115 789 1148 commemoratum
814 1115 874 1149 est
901 1121 1041 1162 magno
1068 1106 1178 1147 nobis
1202 1106 1476 1162 impedimento
1502 1120 1589 1147 esse
1614 1121 1700 1147 cor-

151 1192 221 1233 pus
247 1177 293 1218 ad
322 1191 454 1218 eorum
490 1191 589 1232 quae
623 1191 666 1217 re
692 1191 786 1217 vera
818 1184 908 1218 sunt
940 1176 1228 1231 perceptionem
1259 1190 1304 1216 ac
1337 1175 1564 1226 scientiam,
1599 1176 1699 1230 quod

152 1246 289 1302 partim
314 1247 352 1287 in
377 1260 423 1287 eo
447 1246 618 1286 curando
645 1260 688 1286 ac
714 1245 882 1286 fovendo
908 1245 1028 1286 simus
1054 1244 1252 1299 occupati,
1288 1245 1424 1300 partim
1454 1245 1604 1285 ventris
1629 1258 1700 1285 nos

150 1315 359 1356 illecebrae
380 1329 424 1356 ac
450 1314 680 1370 cupiditates
705 1315 906 1355 infestent.
969 1313 1032 1354 Ad
1058 1313 1153 1353 haec
1180 1313 1475 1354 maledicentiae
1504 1313 1629 1354 omnis
1660 1313 1700 1353 in

151 1383 263 1424 deum
293 1398 339 1424 ac
363 1391 611 1439 peccatorum
641 1383 808 1424 omnium
844 1397 1022 1423 caussam
1049 1383 1094 1423 ad
1121 1397 1262 1437 corpus
1295 1383 1459 1433 referri,
1494 1390 1700 1438 propterea

152 1453 250 1507 quod
275 1466 343 1507 per
364 1466 454 1492 sese
477 1452 562 1492 sine
588 1466 752 1507 corpore
779 1465 940 1507 peccare
963 1465 1124 1506 prorsus
1146 1452 1274 1491 anima
1298 1466 1373 1491 non
1398 1458 1539 1506 potest.
1587 1449 1699 1492 L'nde

152 1529 192 1562 et
225 1528 311 1576 post
345 1521 514 1572 obitum,
558 1535 632 1574 quo
664 1528 823 1574 peccato
854 1527 967 1575 atque
997 1520 1035 1559 in
1068 1520 1179 1560 deum
1215 1519 1457 1560 contumacia
1488 1533 1629 1559 vacare
1660 1518 1699 1558 in

153 1589 263 1630 coelo
286 1597 434 1644 posset,
470 1589 533 1629 ubi
555 1603 639 1629 cum
662 1589 813 1643 angelis
837 1589 871 1629 ei
896 1588 1128 1629 domicilium
1152 1588 1402 1629 constitutum
1429 1595 1503 1639 est,
1538 1588 1698 1628 liberam

152 1659 254 1699 illam
278 1672 322 1698 ac
348 1672 511 1713 corpore
539 1658 720 1698 nudatam
744 1671 830 1698 esse
852 1657 1018 1709 debere3
1052 1657 1362 1711 quandoquidem
1391 1657 1616 1711 inquinandi
1639 1656 1699 1697 sui

150 1727 413 1782 peccandique
437 1741 576 1767 caussa
606 1726 659 1767 illi
683 1741 823 1782 corpus
849 1733 933 1776 est,
968 1733 1003 1766 et
1029 1726 1295 1766 administram
1322 1740 1478 1781 operam
1512 1725 1699 1781 praebet?

150 1794 254 1836 Nam
286 1795 431 1850 absque
465 1809 628 1850 corpore
664 1809 826 1850 peccare
860 1796 987 1835 anima
1023 1809 1098 1835 non
1139 1802 1281 1850 potest.
1344 1793 1438 1835 Ideo
1470 1801 1512 1835 ut
1548 1793 1698 1834 infinito

152 1871 326 1919 tempore
349 1865 495 1918 peccati
517 1878 658 1919 corpus
683 1879 826 1918 expers
851 1878 939 1905 esse
965 1863 1108 1919 possit,
1144 1878 1221 1904 non
1246 1863 1337 1904 illud
1364 1864 1527 1918 amplius
1556 1877 1697 1918 corpus

150 1933 334 1988 accipiet,
371 1933 469 1988 quod
497 1947 651 1988 pessum
683 1933 785 1974 illam
817 1934 861 1974 ad
888 1932 1147 1988 corruptelam
1176 1938 1215 1972 et
1246 1933 1290 1972 ad
1315 1932 1540 1973 iniustitiam
1569 1931 1696 1987 depri-

149 2002 232 2043 mit.
297 2001 383 2043 Hoc
405 2002 550 2057 ipsum,
583 2002 634 2042 ait
658 2002 742 2053 ille,
778 2002 962 2042 diximus.
1024 2000 1129 2042 Num
1158 2007 1198 2041 tu
1222 2014 1340 2052 vero,
1374 2002 1553 2056 inquam,
1588 2008 1695 2042 recte

149 2085 194 2111 ac
215 2071 414 2126 praeclare
438 2071 579 2111 dictum
603 2071 695 2111 illud
718 2070 949 2111 existimas?
992 2068 1093 2124 Quid
1117 2070 1217 2111 enim
1242 2077 1306 2110 tua
1331 2071 1477 2110 refert?
1508 2070 1576 2110 ait.
1623 2070 1697 2110 At-

150 2139 213 2194 qui
237 2140 419 2180 refellere
444 2140 518 2180 ista
548 2155 623 2180 non
646 2140 807 2194 poteris.
870 2138 1012 2194 Neque
1040 2153 1136 2180 vero
1162 2139 1354 2190 animam,
1388 2139 1551 2179 subieci.
1617 2137 1696 2179 Ve-

149 2223 232 2249 rum
264 2222 316 2249 ex
345 2209 426 2259 his,
462 2223 558 2264 quae
586 2210 744 2259 dixisti,
787 2209 964 2264 placetne
998 2216 1038 2249 ut
1068 2209 1105 2249 in
1138 2222 1359 2248 sermonem
1392 2215 1495 2248 tuum
1525 2207 1696 2261 inquira-

149 2278 261 2319 mus?
328 2276 462 2328 Belle,
503 2277 651 2332 inquit,
693 2293 736 2318 ac
780 2278 996 2318 commode.
1071 2277 1248 2318 Rectene
1286 2291 1381 2317 vero
1415 2291 1459 2316 ac
1495 2276 1695 2331 praeclare

149 2361 288 2388 censes
324 2347 370 2388 ab
399 2361 446 2387 eo
481 2347 646 2402 positum
678 2347 818 2401 aliquid
852 2347 914 2401 qui
944 2347 1016 2387 sibi
1053 2347 1124 2402 ipsi
1160 2346 1355 2386 contraria
1387 2347 1433 2386 ac
1465 2359 1597 2400 parum
1630 2360 1696 2385 co-

149 2416 350 2457 haerentia
373 2416 580 2470 loquatur?
638 2415 803 2457 Minime
827 2430 946 2467 sane,
980 2415 1093 2457 dixit.
1158 2414 1260 2469 Quid
1292 2415 1436 2470 igitur?
1495 2412 1600 2454 Num
1628 2413 1695 2453 tibi

148 2485 313 2526 absurde
339 2485 404 2526 ille
431 2485 636 2525 veritatem
661 2485 867 2526 simulasse
888 2486 1069 2526 videtur?
1131 2482 1318 2534 Omnino,
1353 2484 1567 2538 respondit.
1629 2482 1694 2524 Ne

148 2568 234 2595 eum
257 2554 408 2609 quidem
434 2554 554 2609 igitur
577 2554 743 2609 probare
770 2562 880 2609 potes
904 2555 966 2609 qui
995 2554 1134 2594 delicta
1159 2555 1203 2594 ad
1230 2554 1364 2594 falsum
1391 2552 1578 2593 orationis
1602 2566 1694 2593 con-

148 2631 302 2664 centum
337 2630 453 2678 atque
485 2623 723 2663 harmoniam
761 2624 963 2664 intendat?
1021 2621 1166 2674 Nullo,
1198 2622 1346 2677 inquit,
1380 2621 1509 2661 modo.
1572 2619 1696 2676 Igitur

149 2706 197 2732 ne
221 2699 257 2732 te
279 2692 403 2748 ipsum
425 2693 577 2747 quidem
603 2692 848 2747 probaveris,
884 2693 947 2748 qui
972 2700 1047 2733 tam
1070 2692 1236 2733 absurde
1259 2691 1434 2745 loquare.
1479 2688 1582 2730 Nam
1607 2704 1692 2731 cum

192 2816 223 2850 7.
249 2814 371 2860 Ου’δὲν,
395 2811 437 2858 ἦν
458 2816 496 2853 δὲ
517 2816 585 2862 ἐγώ
610 2821 790 2851 οοά.ῑ”εηει.
827 2821 897 2850 t'ul-
990 2818 1021 2850 9.
1059 2820 1154 2858 Vulgo
1188 2812 1290 2853 ὅπως.
1337 2814 1369 2849 τί
1397 2807 1473 2851 oti-az
1510 2818 1592 2858 quod
1625 2827 1694 2849 mu-

148 2873 186 2903 9⁰
215 2865 321 2895 vitiose
353 2859 432 2898 ου’δὲ
464 2863 576 2908 ψυχήν
609 2864 647 2899 δὲ
682 2863 760 2907 ἐγώ.
813 2867 898 2897 Unde
944 2867 1018 2896 tari.

150 2909 322 2941 Gatakerus
342 2911 462 2949 effinxit
474 2911 560 2942 haud
573 2913 654 2943 male
679 2907 774 2951 Οὐδ’,
801 2909 897 2954 ἔφην,
994 2910 1041 2941 10.
1069 2904 1129 2951 οὐχ
1153 2909 1221 2939 cod.
1244 2909 1344 2939 Venel-

150 2952 257 2994 ψέγω.
992 2955 1040 2985 tl.
1070 2956 1165 2993 l'ulyo
1190 2949 1291 2991 ὅπως.
1340 2953 1372 2986 τί
1397 2946 1469 2994 otiu
1494 2957 1539 2986 uti
1561 2965 1668 2995 supra.

193 3003 224 3030 ὓ.
250 2995 310 3042 οὐχ
334 3002 401 3032 cod.
425 3003 525 3034 Venec.
994 3001 1040 3030 ΓΙ.
1066 2995 1214 3041 εἷποδέξη
1246 3001 1313 3031 cod.
1337 3001 1436 3032 Venet.
1486 3002 1581 3041 Vulyo
1611 2997 1691 3034 ἀπο-

942 3042 1048 3088 δείξῃ.
