2066 3319
171 1050 259 1094 Κεφ.
284 1047 345 1089 ξδ’.

201 1341 266 1369 pag.
287 1333 344 1361 593.

361 212 440 251 352
924 216 1086 249 SANCTI
1109 216 1334 249 EPIPHANH

362 293 524 351 φθαρτοὶ
551 296 664 349 ἔργα,
696 293 856 348 σώματά
888 296 966 337 ἐστι
994 293 1162 348 ψυχικά·
1195 292 1429 347 δουλεύομεν
1456 291 1528 348 γάρ
1561 295 1607 351 τῇ
1632 297 1742 351 ψυχῇ
1772 294 1813 335 ἐν
1841 297 1896 351 τῷ

363 363 496 421 κόσμῳ
519 364 558 405 ἐν
582 361 782 414 άτοπίαις,
816 361 868 411 ῶς
887 364 954 405 καὶ
976 362 1023 404 σύ
1046 364 1145 415 ἔφης
1166 360 1246 404 α’πὸ
1270 362 1421 417 μέρους.
1470 360 1563 403 ΓὈτε
1584 362 1625 402 δὲ
1648 361 1892 416 ἐγειρόμεθα,

362 430 493 475 ου’κέτι
517 436 587 484 τῆς
608 437 740 485 ψυχῆς
769 429 795 484 ἦ
821 434 992 483 δουλεία,
1025 429 1116 472 ἄλλα
1142 429 1361 483 πνεύματος
1390 428 1416 482 ἡ
1448 428 1683 480 ἀκολουθία,
1714 428 1898 471 ‹immv-

361 507 435 542 θεν
453 499 528 553 ἤδη
550 501 690 553 ἔχουσα
711 497 779 541 τὸν
804 499 1019 554 ἀρραβῶνα
1039 497 1104 540 δια
1121 503 1192 540 τοῦ
1214 499 1439 553 εἰρημένου,
1475 500 1527 538 Εἰ
1549 502 1671 551 ζῶμεν
1695 497 1894 551 πνεύματι,

359 567 549 622 πνεύματι
573 569 641 609 καὶ
667 572 902 621 στοιχῶμεν,
935 569 969 609 εἰ
992 568 1032 609 δὲ
1063 568 1130 608 καὶ
1155 565 1346 619 πνεύματι
1370 571 1598 620 στοιχῶμεν,
1637 564 1705 614 τοὶς
1737 565 1897 621 πράξεις

359 642 430 679 τοῦ
459 635 638 690 σώματος
663 641 927 685 θανατοῦντες
951 634 1136 689 ζήσωμεν.
1202 634 1344 676 Οὐκέτι
1371 633 1444 690 γάρ
1475 633 1614 689 γάμοι,
1655 631 1785 676 οὕκέτι
1816 635 1895 676 ἐπι-

359 708 526 759 θυμίαι,
568 702 700 746 οὐκέτι
729 702 875 759 άγῶνες
902 711 983 752 τοῖς
1012 702 1236 759 ἐγκράτειαν
1270 703 1630 758 ἐπαγγελλομένοις,
1667 700 1796 744 οὐκέτι
1825 720 1896 744 πα-

361 772 603 830 ραπτώματα
625 771 781 827 ἁγνείας
803 773 1016 823 ἀντίπαλα,
1048 770 1179 814 οὐκέτι
1204 772 1388 827 ἐνέργειαι
1410 773 1453 812 αἱ
1481 773 1656 812 ἐνταῦθα
1683 769 1896 826 πραττόμε-

362 861 444 894 ναι,
477 839 568 883 άλλοέ
583 875 593 893 ,
626 840 679 890 ὥς
704 856 825 895 φησιν
848 839 870 883 ὁ
890 840 1048 896 κύριος,
1081 842 1122 882 οἱ
1142 840 1446 889 καταξιωθέντες
1471 841 1619 892 ἐκείνης
1642 844 1711 892 τῆς
1735 838 1897 882 ἀναστά-

361 925 457 960 σεως
489 909 578 952 οὔτε
607 915 817 966 γαμοῦσιν,
850 908 939 952 οὔτε
969 911 1243 965 γαμίσκονται,
1276 905 1351 949 ἄλλ’
1381 909 1479 949 εἰσὶν
1511 905 1563 957 ὥς
1592 905 1755 964 ἄγγελοι.

478 1046 547 1097 Ὡς
577 1049 641 1089 καὶ
678 1048 862 1101 μετετέθη
886 1045 1006 1099 Ἐνῶχ
1041 1050 1109 1087 τοῦ
1143 1044 1196 1098 μὴ
1228 1047 1326 1087 ἰδεῖν
1353 1044 1551 1096 θάνατον,
1589 1045 1656 1086 καὶ
1688 1042 1758 1097 οὐχ
1787 1042 1895 1100 ηὖρί-

367 1132 491 1159 σκετο.
558 1115 617 1157 Οὐ
639 1117 824 1169 μετετέθη
846 1116 887 1157 δὲ
907 1116 974 1157 καὶ
994 1115 1171 1156 κατέλιπε
1192 1112 1234 1155 τό
1256 1118 1388 1167 σῶμα,
1419 1112 1445 1166 ἢ
1469 1114 1584 1168 μέρος
1613 1117 1683 1154 τοῦ
1708 1111 1897 1166 σώματος.

366 1188 421 1227 Εἰ
440 1184 512 1241 γάρ
537 1186 714 1227 κατέλιπε
735 1184 778 1227 τὸ
801 1188 927 1237 σῶμα,
959 1181 1060 1224 εἶδεν
1083 1180 1159 1237 ἄρα
1180 1183 1377 1223 θάνατον·
1409 1180 1432 1223 ὅ
1454 1181 1495 1222 δὲ
1518 1180 1590 1222 σῦν
1615 1180 1765 1234 σώματι
1786 1197 1898 1234 μετα-

363 1256 510 1305 τεθεὶς,
542 1252 615 1295 οὐκ
641 1250 718 1294 εἶδε
743 1251 932 1294 θάνατον.
989 1249 1055 1291 Ἐν
1087 1249 1237 1303 σώματι
1261 1249 1333 1305 γάρ
1367 1255 1480 1300 ζῶντι
1504 1247 1665 1305 ὑπάρχει
1692 1266 1896 1303 πνευματι-

366 1328 445 1371 κῶς
468 1323 703 1377 φερόμενος,
735 1321 802 1362 καὶ
827 1318 912 1372 οὕχὶ
935 1323 1134 1371 ψυχικῶς,
1167 1317 1231 1359 διά
1255 1316 1325 1371 τήν
1350 1317 1579 1370 μετάθεσιν,
1610 1320 1677 1359 καί
1697 1320 1757 1360 τοί
1788 1334 1829 1373 γε
1860 1319 1900 1360 ἐν

366 1391 512 1444 σώματι
537 1389 592 1431 ὧν
614 1392 896 1441 πνευματικῶς.
954 1384 1065 1427 Ἀλλά
1087 1387 1154 1427 καὶ
1173 1387 1260 1440 περὶ
1281 1391 1351 1427 τοῦ
1370 1384 1478 1427 Ἠλία
1501 1383 1704 1437 ῶςαύτως,
1735 1385 1793 1428 ὅτι
1815 1384 1898 1428 άνε-

364 1459 503 1513 λήφθη
530 1460 569 1500 ἐν
593 1457 734 1512 ἅρματι
760 1458 923 1512 πυρίνῳ.
986 1455 1065 1495 Καὶ
1087 1455 1189 1496 ἔστιν
1216 1456 1271 1496 ἔτι
1294 1456 1332 1496 ἐν
1353 1455 1487 1509 σαρκὶ,
1518 1455 1633 1509 σαρκὶ
1654 1454 1695 1495 δὲ
1725 1471 1894 1508 πνευμα-

362 1533 470 1585 τικῇ,
502 1528 568 1569 καὶ
590 1524 663 1568 οὐκ
689 1525 921 1582 ἐπιδεομένῃ
953 1518 1040 1565 Ῑῶν
1064 1521 1147 1574 άεὶ,
1179 1522 1241 1565 ὅτε
1265 1524 1306 1564 ἐν
1334 1527 1387 1580 τῷ
1415 1521 1549 1580 κόσμῳ
1579 1520 1704 1580 τούτῳ
1734 1520 1897 1577 ὑπῆρχε,

365 1594 429 1638 διὰ
461 1594 644 1651 κοράκων
675 1595 891 1650 τρέφεσθαι
915 1592 982 1633 καὶ
1006 1589 1083 1632 άπὸ
1109 1596 1179 1633 τοῦ
1203 1589 1338 1646 Χοροὶτ
1361 1590 1570 1646 χειμάρρου
1595 1593 1742 1642 πίνειν,
1775 1595 1899 1644 μηλω-

363 1663 434 1717 την
460 1664 500 1705 δὲ
525 1662 755 1713 ἐνδύεσθαι,
787 1659 881 1704 οἷλλοὶ
911 1661 1128 1716 τρέφεσθαι
1153 1660 1264 1716 ἑτέρᾳ
1297 1661 1372 1701 τινὶ
1400 1664 1528 1717 τροφῇ
1557 1664 1820 1717 πνευματικῇ,
1851 1654 1900 1713 ἧς

366 1734 444 1774 ἐστι
470 1730 638 1787 χορηγὸς
662 1729 684 1772 ὁ
707 1728 754 1772 τά
778 1728 930 1785 κρύφια
959 1727 1161 1784 γινώσκων
1186 1729 1252 1770 καὶ
1276 1726 1423 1783 άόρατα
1447 1730 1581 1777 κτίσας
1604 1726 1720 1779 θεὸς,
1751 1725 1898 1783 ἄμβρο-

366 1804 453 1842 σίαν
483 1799 570 1842 τινὰ
600 1801 665 1842 καὶ
699 1798 897 1854 ἀκήρατον
933 1800 1027 1851 ἔχων
1059 1795 1130 1850 τὴν
1165 1795 1328 1850 ἐδωδήν.
1396 1797 1476 1837 Καὶ
1511 1793 1612 1853 ὁρᾷς
1641 1795 1702 1838 ὅτι
1731 1794 1826 1838 αὐτὸ
1855 1795 1898 1838 τὸ

367 1873 477 1922 σῶμα
503 1868 544 1910 τό
575 1867 767 1921 ψυχικόν,
800 1865 895 1908 αὐτὸ
923 1864 1203 1919 πνευματικόν,
1236 1863 1290 1914 ῶς
1318 1864 1385 1906 καὶ
1408 1862 1430 1906 0‘
1453 1862 1591 1918 κύριος
1618 1861 1731 1917 ἡμῶν
1761 1862 1898 1918 άνέστη

368 1939 410 1978 ἐκ
431 1942 509 1978 τῶν
534 1941 679 1991 νεκρῶν
702 1934 775 1977 οὐκ
800 1933 889 1976 ἄλλο
919 1939 1030 1987 σῶμα
1057 1936 1225 1989 ἐγείρας,
1256 1931 1332 1974 ἀλλ’
1354 1931 1449 1974 αὐτὸ
1472 1930 1513 1974 τὸ
1540 1930 1606 1983 ὃν,
1637 1933 1703 1974 καὶ
1733 1931 1802 1987 οὐχ
1824 1933 1898 1975 ἕτε-

367 2023 435 2061 ρον
458 2003 564 2059 παρά
584 2003 626 2045 τό
652 2003 716 2055 ὂν,
748 2002 843 2045 αὐτὸ
866 2003 906 2044 δὲ
926 2001 967 2044 τὸ
993 2001 1039 2044 ὃν
1063 2004 1117 2051 εἰς
1137 2002 1347 2055 λεπτότητα
1370 1999 1595 2054 μεταβαλών
1619 1999 1897 2055 πνευματικὴν,

367 2075 434 2115 καὶ
459 2071 724 2127 πνευματικόν
746 2071 837 2114 ὅλον
867 2069 1109 2121 συνενώσας,
1146 2070 1404 2125 εἰςερχόμενος
1435 2074 1576 2124 θυρῶν
1605 2071 1898 2123 κεκλεισμένων,

369 2141 464 2196 ὅπερ
490 2141 565 2183 οὐκ
588 2143 778 2195 ἐνδέχεται
798 2138 896 2181 κατά
917 2138 964 2180 τά
989 2138 1156 2194 ἡμέτερα
1179 2138 1339 2192 σώματα
1361 2139 1536 2180 ἐνταῦθα
1559 2135 1757 2192 ὑπάρχειν,
1785 2142 1899 2181 τοῦτο

369 2209 432 2252 διά
453 2208 495 2251 τὸ
520 2209 735 2265 παχυμερὲς
756 2210 821 2250 καὶ
846 2207 958 2250 οὔπω
985 2209 1037 2257 εἰς
1056 2206 1265 2261 λεπτότητα
1288 2206 1508 2249 συνενωθὲν
1530 2205 1806 2260 πνευματικήν.
1856 2209 1901 2248 Τί

368 2273 438 2320 οὖν
458 2273 507 2331 ἦν
526 2276 568 2319 τι)
592 2275 768 2327 εἰςελθόν
790 2281 929 2331 θυρῶν
950 2277 1247 2329 κεκλεισμένων,
1280 2274 1368 2317 ἄλλο
1391 2272 1499 2330 παρα
1524 2272 1566 2316 τὸ
1594 2275 1898 2330 ἐσταυρωμένον,

368 2345 393 2400 ἢ
424 2344 519 2388 αὐτὸ
549 2344 591 2387 τὸ
626 2345 937 2401 ἐσταυρωμένον,
1000 2342 1169 2393 Πάντως
1199 2361 1279 2386 που
1306 2343 1354 2386 οὗ
1386 2341 1557 2401 δυνήσῃ,
1595 2341 1807 2399 Ὠρίγενες,
1847 2341 1900 2397 μὴ

369 2413 610 2470 ὁμολογῆσαι
632 2412 727 2456 αὐτὸ
753 2411 795 2454 τὸ
819 2413 1123 2467 ἐσταυρωμένον.
1168 2411 1331 2468 Ἐλέγχει
1353 2426 1394 2454 σε
1413 2410 1486 2467 γάρ
1509 2410 1575 2453 διά
1593 2416 1662 2465 τῆς
1685 2416 1756 2454 τοῦ
1778 2410 1901 2465 Θωμᾶ

370 2483 658 2539 ἀκριβολογίας,
691 2479 860 2524 ἐπειπών
878 2479 998 2537 αὐτῷ,
1031 2479 1106 2534 Μὴ
1127 2483 1238 2536 γίνου
1260 2479 1435 2531 ἄπιστος,
1461 2477 1557 2522 άλλοὶ
1575 2479 1721 2529 πιστός.
1752 2478 1900 2530 Ἔδειξε

370 2550 441 2606 γάρ
465 2550 590 2593 τύπον
611 2551 727 2605 ἥλων,
758 2551 825 2591 καὶ
846 2548 1002 2590 2τόπον
1020 2547 1170 2603 λόγχης,
1201 2550 1266 2590 καὶ
1289 2546 1411 2597 αὐτάς
1434 2546 1503 2597 τοὶς
1525 2546 1642 2597 οὐλάς
1662 2545 1814 2602 άφῆκεν
1835 2548 1900 2590 ἐπὶ

372 2625 441 2661 τοῦ
464 2619 664 2673 σώματος,
695 2621 835 2674 καίπερ
860 2615 1079 2665 συνενῶσας
1103 2615 1145 2659 τό
1173 2622 1285 2672 σῶμα
1311 2613 1364 2666 ε’ἰς
1394 2619 1486 2670 μίαν
1510 2614 1671 2670 ἑνότητα
1692 2632 1899 2670 πνευματι-

419 2792 495 2824 ΟΑΡ.
521 2793 642 2826 LXIV.
668 2811 709 2816 -
760 2792 787 2824 1.
815 2785 859 2825 ὧν
882 2792 1024 2831 rescripsi
1045 2799 1115 2823 cum
1204 2789 1235 2822 2.
1258 2787 1356 2824 τύπον
1380 2790 1449 2822 edit.
1470 2791 1576 2823 Pelav.

372 2838 500 2871 Petavio
521 2849 578 2878 pro
601 2839 686 2880 τῶν,
718 2839 799 2879 quod
823 2839 893 2870 libri
917 2839 1024 2869 tenent.
