2066 3319
535 210 716 242 PANAau
741 211 825 242 Lm.
847 211 886 242 ιι.
907 211 1015 248 Tou,
1035 213 1058 243 1.
1086 212 1214 243 HAER.
1238 212 1308 245 Lu.
1620 201 1698 243 113

524 381 825 430 CONTRA
865 382 1257 432 ADAMIANO
1276 385 1332 444 S,

568 462 765 510 haeresis
784 463 1030 524 XXXIII.,
1066 465 1159 512 sive
1185 463 1289 511 LII.

266 563 428 619 Talpam
464 578 587 617 genus
618 565 804 618 quoddam
841 566 1020 605 animalis
1056 573 1305 619 nurwupmnt,
1348 567 1566 620 quadrupes
1599 568 1698 621 qnod

150 632 221 673 sub
247 640 351 673 terra
377 633 544 673 latebras
572 633 707 683 babet,
743 647 865 688 eaque
891 635 1032 674 effossa
1061 635 1095 674 in
1128 634 1271 674 intimis
1302 633 1402 673 illius
1439 636 1701 688 penetralibus

152 701 385 742 domicilium
420 702 601 742 collocat.
665 701 739 742 Est
770 710 897 743 autem
924 702 1064 743 canino
1092 703 1218 742 catulo
1243 703 1374 757 specie
1409 717 1520 756 (μιειιιι
1556 703 1703 744 similli-

150 785 279 818 mnm,
313 771 527 825 eodemque
557 778 730 812 staturae
760 772 903 811 ambitu
939 778 1148 820 constans,
1183 772 1250 811 sed
1279 771 1363 811 visu
1394 772 1546 826 penitus
1579 780 1699 812 caret.

153 837 258 879 ldem
282 840 385 893 agris
412 840 633 881 vastitatem
659 841 807 890 adfert,
842 846 881 880 et
906 853 1064 889 eorum,
1100 853 1198 893 quae
1227 840 1422 880 bominum
1453 840 1584 880 labore
1612 856 1703 881 con-

151 908 225 948 sita
259 916 372 958 suut,
416 909 566 949 radices
596 909 750 959 evellit,
792 910 860 948 sed
887 922 1135 949 cucumerum
1167 908 1368 963 inprimiS,
1412 916 1490 949 tum
1523 909 1701 963 quicquid

151 976 346 1017 aeriorum
370 985 430 1018 est
453 978 667 1027 seminum,
702 977 916 1018 cuiusmodi
943 985 1032 1017 sunt
1056 992 1223 1032 caepae,
1259 978 1362 1027 allia,
1399 978 1518 1028 bulbi,
1555 986 1704 1018 cetera—

151 1061 224 1101 que
249 1047 283 1086 id
308 1060 449 1100 genus,
483 1046 573 1086 item
599 1045 692 1093 titia,
727 1054 840 1100 atque
865 1046 938 1086 alia
966 1047 1164 1101 pleraque.
1230 1044 1343 1099 Quod
1374 1046 1404 1087 si
1433 1048 1611 1087 fodiendo
1640 1048 1705 1087 de-

152 1129 253 1155 mum
275 1116 320 1155 ad
343 1115 582 1155 exteriorem
609 1122 737 1155 terrae
762 1116 1006 1170 superficiem
1033 1122 1285 1170 apertumque
1307 1120 1438 1156 ae'rem
1462 1116 1701 1171 pervenerit,

152 1190 217 1224 aut
250 1183 445 1224 bominum
478 1183 628 1224 insidiis
654 1191 790 1239 captus
818 1185 954 1235 fuerit,
990 1184 1036 1224 iis
1059 1198 1078 1223 a
1104 1184 1242 1238 quibus
1267 1191 1401 1239 eaptus
1428 1192 1488 1225 est
1515 1184 1702 1225 ludicrum

152 1254 199 1293 de
224 1267 265 1293 se
287 1253 549 1308 spectaculum
578 1253 751 1308 praebet.
816 1251 920 1293 ldem
947 1253 1058 1293 nobis
1086 1253 1132 1293 de
1159 1267 1228 1304 ea,
1263 1268 1374 1307 quam
1403 1268 1494 1308 prae
1526 1253 1705 1294 manibus

152 1321 360 1372 babemus,
404 1322 554 1362 haeresi
589 1322 791 1362 dicendum
823 1322 1001 1369 videtur,
1044 1336 1140 1376 quae
1173 1322 1376 1362 excaecati
1409 1323 1537 1362 cordis
1570 1330 1629 1363 cst
1661 1337 1705 1362 ac

153 1390 314 1445 desipit,
349 1390 421 1430 sibi
449 1404 546 1430 vero
571 1391 792 1430 vastitatem
818 1391 953 1441 affert,
989 1398 1027 1431 et
1053 1391 1244 1445 idipsum,
1279 1405 1329 1431 ex
1354 1406 1428 1445 qno
1458 1398 1613 1432 constat
1644 1406 1706 1431 ra-

153 1460 293 1499 dicitus
321 1458 482 1499 excidit.
547 1456 771 1512 Quinetiam
796 1460 991 1499 radicibus
1016 1459 1331 1515 quamplurimis,
1362 1460 1437 1500 illis
1464 1461 1613 1500 scilicet
1640 1460 1707 1500 lio-

153 1528 342 1578 minibus,
378 1527 440 1582 qui
468 1528 512 1568 ad
540 1542 582 1568 se
608 1528 880 1583 confugerint,
917 1528 1128 1582 perniciem
1157 1529 1382 1568 consciscit.
1448 1527 1480 1568 E
1509 1529 1706 1569 contrario

153 1611 249 1637 vero
280 1596 557 1652 prudentibus,
592 1596 624 1637 si
654 1598 689 1636 in
725 1603 978 1651 conspectum
1006 1597 1211 1651 aliqnando
1239 1598 1415 1647 venerit,
1451 1611 1526 1637 non
1561 1596 1707 1637 medio-

153 1680 257 1706 crem
284 1666 329 1705 de
358 1678 400 1705 se
430 1664 548 1704 risum
574 1665 759 1705 concitat.
824 1664 1158 1719 Quemadmodum
1186 1667 1300 1715 illud,
1337 1667 1384 1706 de
1412 1680 1485 1720 quo
1518 1666 1703 1718 diximus,

153 1735 309 1784 animal,
345 1734 461 1788 quod,
497 1734 584 1788 quia
609 1749 768 1775 caecum
792 1742 866 1785 est,
901 1749 972 1774 nec
996 1742 1195 1790 receptum
1220 1735 1399 1775 invenire
1420 1736 1535 1775 ullum
1561 1742 1703 1789 potest,

153 1803 200 1844 ab
239 1802 420 1844 omnibus
460 1803 646 1843 illuditur.
708 1802 800 1844 Non
840 1803 1027 1855 absimilis
1069 1811 1128 1844 est
1165 1803 1269 1844 illius
1308 1804 1484 1844 haeresis
1517 1804 1703 1844 conditio.

154 1871 281 1927 Quam
308 1873 370 1926 qui
400 1879 630 1926 sequuntur,
666 1872 807 1912 Adami
835 1887 974 1913 nomen
1002 1880 1254 1927 usurparunt.
1321 1871 1405 1913 Hoc
1427 1880 1573 1923 autem,
1608 1874 1708 1928 quod

153 1956 174 1982 a
200 1941 329 1981 multis
356 1941 553 1982 auditione
590 1941 816 1991 didicimus,
861 1943 906 1981 de
943 1956 990 1982 eo
1022 1942 1217 1982 hominum
1251 1955 1398 1996 genere
1438 1942 1704 1997 proponimus,

154 2025 230 2050 non
254 2010 340 2050 ullis
367 2010 598 2064 scriptorum
629 2011 890 2050 monumentis
917 2018 1179 2066 compertum,
1215 2018 1281 2051 ant
1309 2009 1533 2064 cuiusquam
1560 2025 1610 2051 ex
1643 2011 1707 2051 illo

154 2093 274 2134 grege
309 2093 381 2119 usu
415 2093 460 2118 ae
492 2079 774 2119 consuetudine
809 2086 1048 2134 perceptum.
1113 2077 1379 2133 Quamobrem
1413 2095 1498 2120 enm
1532 2094 1577 2120 ea
1610 2093 1706 2134 quae

155 2148 328 2189 dicturus
364 2162 447 2187 sum
483 2148 655 2203 plerique
690 2149 962 2200 narraverint,
998 2148 1137 2189 merito
1166 2148 1277 2189 huius
1305 2156 1436 2190 sectae
1470 2148 1707 2188 mentionem

154 2217 321 2272 aliquam
360 2217 575 2257 faciendam
611 2231 698 2257 esse
737 2217 944 2268 duximus,
978 2231 1023 2258 ae
1054 2217 1140 2257 iure
1170 2218 1333 2258 eandem
1369 2233 1453 2258 cum
1490 2232 1608 2258 oaeoo
1643 2218 1707 2258 illo

156 2286 386 2327 animale-ulo
414 2286 741 2341 comparavimus,
777 2287 875 2340 quod
903 2287 946 2326 ad
975 2286 1172 2326 hominum
1204 2294 1401 2340 aspectum
1425 2286 1523 2326 haud
1552 2286 1603 2326 ita
1631 2287 1705 2326 fre-

156 2363 321 2410 quenter
354 2355 541 2409 erumpit,
584 2363 790 2410 propterea
825 2356 924 2409 quod
958 2355 1028 2396 sub
1064 2362 1169 2395 terra
1203 2355 1418 2406 delitescit,
1460 2355 1707 2410 indidemque

156 2424 340 2480 stirpibus
368 2430 515 2480 pestem
541 2430 656 2478 atque
682 2423 844 2464 exitium
875 2424 1046 2465 molitur.
1111 2422 1191 2466 Sed
1219 2424 1378 2464 ridicula
1404 2424 1581 2478 inprimis
1618 2425 1708 2466 hae-

155 2493 255 2534 resis
280 2493 342 2533 illa
368 2499 443 2533 est.
507 2492 568 2533 Ao
594 2492 657 2532 diu
683 2506 778 2532 sane
805 2492 1000 2544 dubitavi,
1037 2508 1126 2534 num
1155 2507 1200 2534 ea
1224 2493 1270 2534 ab
1296 2500 1514 2533 ceterarum
1544 2508 1706 2535 numero

157 2561 400 2602 excludenda
435 2575 596 2616 prorsus
627 2568 748 2601 esset.
812 2559 985 2613 Verum,
1020 2563 1120 2617 quod
1145 2562 1230 2603 eius
1256 2562 1293 2601 in
1326 2562 1467 2602 mundo
1499 2570 1706 2618 utcumque

156 2644 276 2672 sonus
302 2631 524 2681 exauditur,
560 2644 636 2669 non
663 2629 738 2670 erit
760 2630 927 2671 auditori
952 2631 1114 2687 sapienti
1139 2631 1368 2680 molestum,
1403 2632 1435 2670 si
1458 2630 1535 2671 lolii
1559 2646 1707 2687 genera

157 2699 284 2740 omnia
310 2699 541 2754 cognoverit
565 2713 664 2752 quae
688 2698 726 2738 in
752 2699 846 2740 orbe
875 2706 1065 2741 terrarum
1093 2714 1113 2741 a
1138 2699 1290 2740 diabolo
1316 2699 1567 2742 disseminata
1598 2708 1703 2743 suut.

158 2766 252 2809 Sive
280 2768 382 2808 enim
408 2767 598 2809 eiusmodi
623 2775 683 2808 est
705 2769 855 2822 qualem
881 2769 1117 2825 accepimus,
1152 2768 1236 2809 sive
1258 2782 1334 2808 nou
1362 2774 1436 2818 est,
1465 2774 1592 2810 tamen
1620 2785 1705 2811 cnm

156 2836 208 2877 ita
235 2837 439 2892 plerosque
462 2843 667 2878 narrantes
689 2837 943 2889 audierimus,
978 2838 1104 2879 visum
1132 2844 1190 2877 est
1215 2836 1438 2877 securitatis
1463 2852 1601 2879 caussa
1628 2854 1704 2880 non

159 2904 392 2957 absurdum,
436 2906 468 2947 si
503 2907 549 2947 de
585 2920 631 2947 ea
665 2906 840 2947 nonnihil
869 2920 1099 2962 ageremus,
1145 2919 1269 2959 neque
1306 2907 1707 2960 praetermitteremus

158 2973 326 3028 penitus,
361 2975 514 3016 tametsi
535 2975 609 3015 iam
633 2989 773 3016 eversa
799 2977 914 3025 foret,
943 2989 1013 3015 nec
1036 2973 1181 3026 uspiam
1206 2973 1422 3026 resideret3
1453 2982 1578 3016 utrum
1601 2977 1703 3016 enim

160 3041 329 3096 supersit
352 3057 499 3093 necne,
533 3043 701 3083 nondum
731 3045 975 3098 exploratum
1002 3042 1219 3082 babuimus.
1283 3039 1384 3096 Quid
1411 3051 1539 3085 autem
1566 3044 1705 3085 attinet

229 3118 345 3154 Corpus
364 3119 542 3147 llaereeeol.
563 3118 600 3148 11.
620 3121 646 3148 2.
1407 3126 1431 3166 8

1727 574 1793 618 Cap
1830 575 1854 606 Ι.
