2066 3319
496 177 673 209 PANAau
699 177 782 208 Lm.
803 177 844 209 tt.
868 178 975 210 ΤοΜ.
996 180 1018 211 1.
1046 179 1174 211 mea.
1198 180 1321 212 inv.
1599 172 1674 211 241

262 256 371 298 Haec
394 269 414 296 a
439 255 549 296 nobis
579 256 685 297 velut
709 256 908 311 praefandi
933 259 1056 311 gratia
1083 259 1279 314 proposita
1308 267 1419 309 sunt,
1453 259 1514 314 qui
1540 260 1577 300 in
1604 273 1682 300 ma-
1710 264 1786 308 Cap.
1803 266 1871 297 vlt.

147 327 294 368 ximum
317 331 537 374 certamen,
572 324 748 378 quodque
772 324 877 365 vires
907 333 1060 366 nostras
1082 342 1125 367 ac
1152 328 1370 368 facultatem
1394 328 1478 368 sine
1506 328 1580 368 ulla
1614 329 1681 369 du-

147 394 330 435 bitatione
365 400 546 448 superat‚
589 392 635 432 ab
664 392 812 446 ingenti
846 400 935 444 tuo,
969 395 1155 436 Ambrosi
1187 396 1246 436 vir
1279 396 1548 447 sanctissime,
1589 410 1680 451 erga

147 463 280 504 literas
302 461 429 502 studio
453 461 634 501 concitati
661 460 824 512 fuimus,
860 469 898 502 et
922 469 961 502 ut
984 463 1020 502 in
1044 464 1133 503 illud
1158 464 1482 504 descenderemus
1507 464 1681 505 humaui-

148 538 222 571 tate
256 537 317 570 tua
347 544 391 570 ac
415 529 681 570 moderatione
713 530 897 584 perpulsi.
963 529 1284 585 Quandoquidem
1310 532 1371 571 diu
1401 546 1460 572 me
1486 541 1683 588 comperta

146 598 306 655 periculi
328 597 590 652 magnitudine
609 606 852 639 recusantem
875 614 950 639 non
973 600 1085 640 modo
1108 599 1304 654 disputare
1329 600 1373 640 de
1396 600 1518 641 sacris
1541 602 1680 654 literis,

147 667 214 709 sed
249 673 288 708 et
321 667 439 707 multo
473 666 596 721 magis
623 667 794 707 scribere
825 682 868 707 ac
903 669 1069 723 posteris
1096 668 1316 722 relinquere
1353 669 1474 708 modis
1506 670 1683 711 omnibus

147 742 262 790 atque
295 735 489 775 illecebris
519 735 732 776 demulsisti
765 743 803 776 et
830 736 875 776 ad
911 736 980 776 hoc
1008 736 1230 790 quibusdam
1258 736 1471 777 divinitatis
1503 752 1685 792 progres-

147 803 320 845 sionibus
345 803 556 844 adduxisti.
621 803 684 844 Tu
711 804 828 858 igitur
853 805 962 844 testis
987 803 1076 844 mihi
1101 805 1197 859 apud
1223 805 1333 844 deum
1362 805 1463 855 eris,
1499 813 1575 845 tum
1600 821 1684 846 cum

147 873 192 913 de
219 872 297 913 vita
329 886 414 913 mea
439 886 483 913 ac
514 872 668 927 scriptis
697 872 888 926 inquiret,
923 886 1086 927 quonam
1122 873 1237 913 animi
1269 873 1433 913 consilio
1461 874 1510 914 sit
1542 875 1631 914 illud
1664 889 1685 915 a

146 954 208 982 me
247 948 484 996 susceptum.
557 940 618 981 Ac
661 955 935 995 nonnunquam
980 941 1131 996 quidem
1174 941 1378 982 veritatem
1421 942 1683 996 assequimur,

147 1024 420 1064 nonnunquam
450 1016 516 1050 aut
539 1009 748 1049 violentius
788 1010 1092 1064 perrumpimus,
1138 1018 1204 1050 aut
1235 1011 1364 1050 dicere
1400 1011 1539 1065 aliquid
1577 1011 1685 1051 vide-

147 1093 246 1120 mur.
318 1077 444 1119 Porro
480 1078 578 1132 quod
617 1077 802 1133 scriptum
840 1086 900 1118 est
939 1077 1243 1133 vestigavimus,
1294 1093 1369 1119 non
1406 1078 1458 1119 ita
1497 1086 1538 1119 ut
1572 1093 1684 1134 prae-

148 1148 251 1188 clare
289 1148 379 1188 illud
419 1146 560 1187 dictum
599 1154 962 1198 contemneremus,
1011 1150 1100 1186 Cum
1127 1150 1171 1186 cle
1201 1150 1267 1186 deo
1296 1150 1413 1196 αἱρεῖς,
1448 1162 1470 1187 α
1493 1151 1559 1187 deo
1590 1151 1686 1187 iude·-

148 1220 270 1256 carz's:
303 1216 394 1256 item
422 1216 535 1267 illud,
578 1219 633 1254 De
659 1218 724 1255 deo
751 1220 860 1255 eliam
894 1230 981 1255 vera
1014 1218 1138 1255 dicere
1167 1231 1240 1255 non
1270 1220 1452 1256 mediocre
1476 1219 1686 1269 periculum

148 1293 214 1325 est.
276 1283 539 1339 Quamobrem
563 1299 649 1324 cum
673 1285 766 1324 nihil
791 1285 875 1325 sinc
902 1286 974 1325 deo
1000 1298 1087 1325 esse
1119 1285 1242 1339 possit
1266 1285 1479 1339 egregium,
1508 1299 1687 1340 praeser-

149 1355 293 1408 timque
327 1353 542 1394 divinarum
576 1353 773 1393 literarum
800 1353 1082 1407 intelligentia,
1120 1353 1187 1394 abs
1219 1361 1256 1393 te
1287 1354 1401 1394 etiam
1435 1361 1548 1408 atque
1575 1353 1687 1394 etiam

150 1423 339 1477 petimus,
386 1430 426 1463 ut
460 1428 656 1477 parentem
693 1422 862 1462 omnium
899 1422 1011 1461 deum
1052 1436 1120 1477 per
1158 1422 1394 1462 salvatorem
1432 1429 1607 1462 nostrum
1645 1436 1688 1462 ac

150 1491 368 1545 pontificem
400 1489 571 1545 genitum
603 1491 713 1530 deum
749 1490 957 1531 obsecrare
990 1490 1112 1541 veliS,
1148 1491 1259 1544 idque
1292 1491 1338 1530 ab
1365 1504 1410 1530 eo
1436 1490 1545 1530 nobis
1569 1490 1690 1545 impe-

151 1567 272 1609 trare,
303 1566 341 1599 ut
366 1558 540 1614 inprimis
566 1565 672 1598 recte
695 1572 884 1612 quaerere
908 1559 1116 1614 possimus.
1165 1556 1455 1611 Quaerentibus
1478 1559 1578 1598 enim
1603 1573 1690 1613 pro-

153 1627 277 1682 posita
301 1635 360 1668 est
382 1627 614 1681 assequendi
640 1627 860 1682 promissio.
925 1628 984 1667 Ac
1016 1626 1149 1667 nescio
1178 1641 1225 1667 an
1256 1627 1318 1681 qui
1354 1628 1397 1667 ad
1431 1626 1522 1667 illud
1553 1627 1615 1667 via
1648 1641 1692 1667 ac

151 1697 301 1737 ratione
337 1695 492 1736 minime
527 1696 763 1736 contendunt
795 1696 898 1736 inter
929 1709 996 1736 eos
1024 1695 1086 1750 qui
1121 1703 1312 1750 quaerunt
1336 1695 1433 1750 apud
1467 1696 1579 1735 deum
1612 1710 1688 1735 non

154 1764 385 1806 habeantur.

605 1832 842 1865 HACTENUS
869 1832 1077 1864 ORIGENIS
1103 1832 1258 1864 VERBA.

267 1902 474 1943 Adversus
503 1908 749 1954 arrogantem
779 1900 879 1940 hunc
912 1900 1103 1941 hominem
1133 1908 1170 1940 et
1198 1899 1379 1955 opinione
1411 1900 1469 1940 sui
1501 1900 1690 1953 inflatum,

157 1984 367 2025 eorumque
401 1983 498 2025 quae
523 1969 750 2023 investigari
782 1976 999 2023 nequeunt,
1033 1976 1314 2020 scrutatorem,
1349 1969 1410 2023 qui
1434 1969 1565 2009 coelos
1590 1970 1695 2025 ipsos

157 2046 478 2096 praetergressus
509 2045 591 2089 est,
626 2037 766 2093 quique
798 2037 1040 2092 ineptissima
1073 2038 1306 2092 loquacitate
1338 2038 1470 2078 orbem
1505 2045 1694 2079 terrarum

157 2108 346 2164 implevit,
381 2107 701 2162 quemadmodum
722 2106 837 2160 longe
859 2106 970 2147 nobis
994 2106 1254 2161 praestantior
1277 2106 1373 2147 alius
1395 2106 1433 2147 in
1456 2106 1561 2147 illum
1583 2115 1697 2148 antea

157 2176 280 2227 dixit,
315 2177 438 2232 prima
467 2176 512 2216 de
547 2174 678 2231 genito
708 2175 778 2215 deo
811 2175 1011 2215 tractanda
1046 2175 1251 2230 disputatio
1285 2183 1359 2215 est.
1423 2173 1466 2215 In
1500 2190 1574 2229 quo
1606 2176 1697 2216 illud

162 2245 448 2286 observandum
474 2251 555 2295 est,
590 2244 888 2299 quamplurimas
910 2243 948 2284 in
979 2243 1145 2284 bumana
1177 2244 1457 2284 consuetudine
1482 2243 1698 2284 similitudi-

160 2328 230 2355 nes
257 2328 397 2354 vocum
422 2320 460 2354 et
485 2313 754 2368 homonymias
780 2325 891 2363 esse3
925 2312 960 2352 id
984 2313 1083 2367 quod
1107 2313 1307 2364 omnibus,
1342 2313 1502 2368 opinor,
1538 2319 1597 2352 est
1618 2326 1697 2353 ma-

159 2382 360 2424 nifestum.
408 2381 469 2422 Ac
492 2381 525 2422 si
550 2381 596 2422 ab
620 2382 695 2422 alio
722 2381 899 2435 quopiam
922 2381 1151 2422 vocabulum
1174 2381 1266 2422 illud
1288 2388 1557 2436 usurparetur,
1590 2388 1698 2422 recto

160 2465 205 2492 ac
240 2451 395 2491 sincero
430 2451 557 2491 animo
593 2450 879 2505 pronuntiatum
917 2463 1003 2490 esse
1038 2449 1266 2490 existimare
1301 2463 1518 2504 possemus.
1580 2447 1698 2489 Nunc

163 2533 250 2561 cum
274 2519 312 2560 in
337 2520 422 2560 aliis
452 2519 647 2575 plerisque
678 2518 774 2558 locis
800 2517 1132 2573 deprehendamus
1163 2517 1403 2572 unigenitum
1436 2517 1547 2558 deum
1580 2531 1601 2557 a
1632 2532 1698 2573 pa-

164 2594 274 2629 terna
296 2588 496 2630 divinitate
521 2594 634 2642 atque
654 2586 868 2627 substantia
890 2587 936 2627 ab
959 2587 1093 2627 eodem
1114 2595 1272 2627 auctore
1295 2585 1511 2639 segregari,
1545 2599 1698 2627 necnon

163 2663 202 2697 et
231 2656 406 2711 spiritum
438 2663 637 2706 sanctum,
671 2662 876 2710 propterea
902 2651 1078 2708 γενητὸν,
1117 2655 1188 2696 hoc
1218 2661 1277 2695 est
1310 2655 1535 2708 productum
1567 2654 1695 2705 deum,

164 2724 309 2766 idcirco
333 2724 481 2767 dixisse
507 2725 612 2766 illum
643 2731 824 2779 apparet,
858 2724 957 2778 quod
986 2731 1158 2764 creatum
1189 2729 1394 2763 statueret.
1458 2721 1570 2776 Quod
1596 2724 1697 2764 enim

163 2875 332 2914 neglexisse
356 2875 414 2906 sibi
435 2877 517 2906 testis
535 2875 594 2914 sit,
617 2874 700 2914 quod
722 2875 753 2905 in
772 2874 843 2914 ipsa
863 2874 911 2905 in·
1005 2873 1080 2904 CAP.
1095 2872 1180 2903 vttt.
1205 2888 1250 2894 —
1300 2871 1327 2902 1.
1351 2870 1385 2902 In
1407 2873 1549 2912 margine
1571 2872 1702 2911 exempti

165 2922 376 2960 ter-pretatione
400 2922 445 2951 ita
466 2929 593 2960 peccare
615 2921 722 2960 potuit.
958 2919 1128 2950 Schottiani
1158 2919 1339 2948 annotatam
1368 2918 1489 2948 invenio
1514 2918 1702 2958 scripturam

213 2963 243 2997 4.
268 2962 414 3006 αἰτήσης
437 2966 507 2997 edit.
529 2967 628 3005 princ.
958 2961 1201 3004 δσκησίσοφον,
1228 2965 1260 2992 αι
1282 2963 1381 2993 nescio
1406 2963 1497 2995 unde.

212 3011 227 3027 ¹*
254 3006 308 3042 ἀπ’
333 3011 399 3041 cod.
423 3011 550 3051 Rhediy.
1003 3011 1034 3039 2.
1061 3009 1155 3047 l'ulyo
1180 3005 1227 3040 τὸ.

243 3064 358 3100 corpus
377 3064 553 3091 Haereseol.
573 3063 609 3091 11.
628 3065 654 3092 2.
1379 3068 1428 3108 1ss

1722 1906 1799 1951 cap.
1812 1908 1900 1941 vui.
