2035 3309
590 174 768 206 PANARH
792 174 875 205 Lm.
897 175 936 205 11.
961 174 1068 206 Tou.
1089 175 1111 205 1.
1136 173 1267 204 men.
1286 173 1322 203 L.
1669 162 1721 200 45

180 254 245 294 lati
268 262 486 294 accuratam
511 268 554 294 se
576 253 687 293 huius
709 253 872 293 instituti
894 253 1082 292 rationem
1107 252 1286 292 didicisse
1307 251 1546 305 gloriantur,
1581 249 1617 288 in
1642 248 1723 302 qui-

181 322 250 362 bus
274 322 457 377 scriptum
482 329 543 362 est
561 320 676 362 Vlll.
702 319 791 361 liat.
818 320 965 375 Aprilis
988 321 1223 361 salvatorem
1246 334 1333 360 esse
1359 333 1528 373 passum.
1577 316 1723 370 Quam-

181 390 313 430 obrem
338 391 399 430 illa
426 390 508 444 ipsa
535 391 594 430 die
617 389 817 429 celebrare
840 388 990 429 Pascha
1014 389 1169 438 volunt,
1205 389 1241 428 in
1271 400 1549 441 quamcumque
1572 386 1723 425 demum

181 458 295 498 lunae
320 456 437 499 XIV.
465 459 546 498 dies
572 458 795 498 incurrerit.
859 457 912 497 At
938 457 999 510 qni
1027 457 1063 496 in
1089 455 1334 511 Cappadocia
1358 456 1524 507 degunt,
1560 455 1721 494 eandem

181 526 280 566 diem
315 541 411 581 quae
446 534 505 566 est
538 524 651 567 Vlll.
680 523 768 566 Hal.
796 525 894 579 Apr.
925 525 1137 564 celebrant.
1199 522 1373 563 Tametsi
1411 538 1485 562 non
1517 522 1723 562 mediocris

181 601 237 635 est
263 595 364 634 inter
389 595 473 635 illos
496 595 706 635 dissensio.
768 592 956 633 Nonnulli
981 593 1080 632 enim
1104 592 1232 631 lunam
1259 588 1377 630 th'.
1405 597 1593 640 statuunt,
1628 604 1724 644 quae

180 661 218 702 in
243 661 358 702 Vlll.
386 660 475 703 h'al.
502 664 599 718 Apr.
628 662 775 703 incidit.
837 659 924 701 Nos
953 660 1140 700 Actorum
1170 658 1358 699 eiusmodi
1386 656 1500 697 Pilati
1527 659 1726 712 exempla-

180 731 237 770 ria
265 732 452 785 quaedam
479 731 721 781 invenimus,
755 743 852 784 quae
875 744 911 769 a.
939 729 975 768 d.
1002 726 1098 768 XV.
1129 724 1213 766 h'al.
1242 727 1339 781 Apr.
1366 727 1585 781 passionem
1612 724 1725 766 Chri-

181 799 230 839 sti
252 799 464 853 contigisse
488 799 712 840 narrabant.
769 796 913 838 Verum
935 803 1042 837 certo
1068 803 1105 836 et
1127 809 1179 836 ex
1202 794 1259 835 rei
1280 795 1444 834 veritate
1467 795 1725 848 comperimus

180 881 216 907 a.
242 867 278 907 d.
303 865 422 908 Xttl.
445 866 535 908 Hal.
558 868 656 922 Apr.
681 879 835 921 passum
857 878 943 905 esse
963 864 1214 905 salvatorem.
1265 863 1343 903 Alii
1368 863 1412 903 ad
1435 861 1489 902 X.
1513 860 1600 902 liat.
1625 863 1723 916 Apr.

181 935 380 976 reiiciunt.
443 934 522 977 Sed
545 936 607 976 isti
630 949 652 975 a
674 934 871 989 proposito
893 933 1141 973 exciderunt.
1204 930 1351 972 Verum
1376 931 1463 971 nolo
1486 930 1657 985 pluribus
1682 944 1724 970 ea

181 1004 228 1044 de
259 1018 302 1045 re
334 1004 545 1059 disputare.
608 1003 767 1057 Alioqui
800 1002 918 1042 multa
950 1001 1061 1042 nobis
1092 1001 1138 1041 ad
1171 1000 1373 1041 dicendum
1405 1006 1628 1055 suppetunt.

282 1139 447 1196 Moyses
471 1141 623 1196 quidem
647 1140 860 1195 legislator,
890 1154 975 1180 cum
1001 1138 1223 1179 universam
1242 1138 1368 1191 legem
1387 1137 1594 1187 edixisset,
1621 1150 1728 1176 man-

181 1210 270 1251 dato
296 1210 480 1251 divinitus
507 1217 686 1264 recepto,
732 1217 774 1249 ut
804 1209 841 1249 in
870 1215 1067 1263 postremo
1091 1206 1387 1247 Deuteronomii
1421 1205 1518 1245 libro
1540 1205 1724 1259 scriptum

183 1286 266 1330 est,
310 1278 612 1333 imprecationes
647 1291 780 1318 omnes
810 1276 1036 1332 proposuit,
1081 1290 1157 1315 non
1186 1276 1298 1315 modo
1324 1288 1421 1328 quae
1449 1274 1495 1314 ad
1523 1272 1726 1314 Paschatis

181 1347 505 1398 celebrationem,
541 1347 608 1387 sed
633 1346 746 1386 etiam
771 1359 869 1400 quae
894 1346 938 1385 ad
965 1344 1300 1385 circumcisionem
1327 1357 1370 1383 ac
1395 1343 1574 1383 decumas
1600 1349 1636 1382 et
1661 1342 1727 1382 ob-

181 1416 347 1456 lationes
369 1415 610 1471 spectabant.
676 1414 809 1469 Quare
833 1415 919 1454 dum
942 1427 1056 1453 unum
1081 1411 1371 1468 imprecationis
1392 1426 1515 1466 genus
1537 1410 1725 1461 devitant,

181 1485 219 1525 in
240 1484 335 1525 alias
357 1484 576 1539 complures
598 1484 830 1537 semetipsos
852 1482 1028 1522 induunt.
1085 1479 1343 1521 Execrabiles
1366 1481 1503 1535 quippe
1526 1493 1594 1519 eos
1615 1493 1728 1533 opor-

183 1560 238 1593 tet
264 1567 375 1603 esse,
421 1553 482 1607 qui
510 1566 634 1606 neque
660 1551 985 1591 circumcidantur
1011 1549 1197 1604 amplius,
1243 1563 1368 1603 neque
1396 1549 1576 1588 decumas
1601 1547 1728 1601 pensi-

183 1623 289 1673 tent,
335 1635 459 1676 neque
486 1620 762 1675 Hierosolyma
786 1620 988 1673 quicquam
1013 1618 1201 1658 offerendi
1234 1617 1358 1671 gratia
1386 1616 1628 1657 submittant.
1692 1614 1726 1656 Ο

184 1690 360 1731 homiues
393 1696 529 1745 sponte
556 1687 868 1729 cavillationibus
900 1688 1018 1727 variis
1050 1701 1094 1727 ac
1120 1685 1294 1726 ludibriis
1320 1686 1578 1740 opportunos!
1644 1682 1727 1724 Hoc

183 1758 287 1799 enim
310 1758 356 1799 ab
380 1758 608 1798 ecclesiaste
634 1757 832 1812 sapienter
859 1756 1023 1806 dictum,
1059 1755 1121 1795 vel
1147 1754 1273 1809 potius
1296 1768 1317 1794 a
1340 1753 1476 1808 spiritu
1500 1759 1637 1794 sancto
1661 1767 1729 1792 no-

183 1834 263 1868 stra
295 1840 435 1867 caussa
463 1825 775 1882 pronuntiatum,
820 1825 865 1865 ad
893 1824 980 1865 illos
1007 1822 1293 1865 accommodari
1320 1829 1470 1877 potest:
1516 1825 1596 1860 Hoc
1626 1824 1729 1860 novit

183 1897 446 1942 Ecclesz'astes,
481 1898 653 1947 quoniam
674 1897 764 1933 (leus
783 1896 1002 1946 prudentem
1024 1895 1203 1932 homiuem
1212 1893 1313 1945 sece'l
1331 1899 1496 1939 rectum5
1531 1893 1593 1930 e'lle'
1608 1898 1728 1930 aulem

185 1967 436 2017 z'nquzlse'ermzl
466 1967 592 2003 varias
622 1964 860 2015 sibimetipsis
892 1965 982 2001 vias.

296 2033 361 2073 An
383 2047 458 2073 non
479 2033 643 2073 istorum
665 2031 908 2086 explodenda
928 2030 1066 2071 merito
1090 2029 1285 2070 sententia
1309 2030 1392 2070 est?
1433 2026 1604 2068 Primum
1628 2027 1729 2067 enim

184 2102 216 2143 si
240 2100 391 2142 Pascha
422 2102 482 2142 die
506 2100 625 2142 xlv.
653 2101 873 2151 celebrant,
916 2099 990 2140 iam
1018 2106 1094 2139 tum
1119 2113 1139 2138 a
1167 2099 1228 2139 die
1253 2096 1310 2138 X.
1341 2098 1629 2153 praeparandus
1656 2096 1729 2136 illis

186 2184 308 2225 agnus
333 2170 428 2221 erit,
473 2185 545 2211 nec
571 2170 731 2224 amplius
758 2183 833 2209 una
859 2169 934 2209 erit
957 2174 1187 2208 consecrata
1212 2166 1359 2207 ieiunio
1384 2166 1488 2216 dies,
1531 2165 1597 2206 sed
1621 2164 1730 2218 quin-

185 2254 282 2294 que,
326 2239 506 2280 nimirum
535 2239 707 2289 decima,
739 2237 965 2288 undecima,
1000 2236 1250 2294 duodecima,
1285 2234 1433 2275 decima
1459 2234 1572 2274 tertia
1601 2239 1640 2273 et
1665 2234 1730 2272 de-

185 2309 284 2348 cima
308 2316 459 2362 quarta.
525 2305 638 2361 Quod
664 2307 695 2347 si
721 2307 767 2346 ad
795 2320 996 2361 vesperam
1021 2304 1172 2346 Pascha
1199 2304 1316 2345 fuerit
1338 2302 1596 2352 immolatum,
1630 2301 1729 2356 quod

185 2374 304 2418 XIV.
332 2377 393 2417 die
419 2377 672 2417 illucescente
695 2375 866 2429 geritur,
914 2372 968 2415 Vl
995 2374 1076 2414 dies
1109 2373 1255 2414 ieiunio
1282 2371 1471 2412 tribuendi
1502 2378 1615 2420 sunt,
1659 2383 1730 2410 nec

185 2445 260 2486 iam
287 2460 383 2486 unus
409 2444 682 2501 praefinietur‚
728 2444 862 2498 sicque
889 2443 1013 2483 omnis
1038 2443 1099 2483 illa
1132 2443 1178 2482 de
1201 2456 1275 2482 una
1301 2441 1360 2480 die
1387 2439 1560 2493 quaestio
1594 2452 1660 2494 per
1688 2452 1730 2479 se

186 2515 270 2570 ipsa
301 2515 470 2564 corruit,
515 2527 612 2568 quae
645 2526 733 2553 esse
763 2512 876 2552 unica
909 2511 1065 2552 desinit.
1127 2509 1229 2551 Nam
1265 2516 1303 2549 et
1333 2509 1378 2548 ad
1410 2507 1496 2548 illas
1523 2507 1729 2562 figurarum

186 2584 365 2634 umbras,
399 2597 496 2637 quae
521 2582 567 2622 iis
590 2581 683 2636 ipsis
706 2581 998 2634 significantur,
1031 2579 1076 2620 ad
1100 2578 1282 2620 amussim
1304 2583 1543 2630 congruunt,
1577 2583 1613 2617 et
1635 2576 1730 2616 istos

187 2666 351 2693 necesse
375 2659 434 2692 est
459 2651 555 2691 haud
580 2650 812 2690 mediocrem
835 2648 1052 2689 divinorum
1078 2647 1352 2702 mysteriorum
1375 2644 1561 2685 iacturam
1585 2646 1728 2685 facere.

187 2718 387 2762 Christum
422 2719 523 2761 enim
549 2717 666 2759 XIV.
695 2717 756 2758 die
788 2717 947 2758 mactari
982 2730 1035 2757 ex
1062 2714 1301 2770 praescripto
1334 2713 1432 2768 legis
1460 2713 1649 2769 oportuit,
1692 2720 1734 2753 ut

187 2825 337 2856 Marcion.
363 2824 398 2864 V,
422 2820 452 2856 4.
983 2821 1087 2851 tinent.
1133 2820 1205 2850 leem
1226 2818 1258 2848 in
1281 2818 1324 2848 eis
1345 2825 1424 2857 quae
1445 2820 1613 2857 sequuntur
1633 2817 1732 2847 nomi-

233 2869 263 2901 5.
304 2871 352 2901 Ita
386 2871 516 2901 correxi.
580 2868 655 2900 Cod.
685 2867 813 2907 Rliediy.
850 2867 939 2898 habet
983 2867 1104 2896 nativos
1124 2864 1256 2902 reduxi,
1280 2872 1349 2893 cum
1367 2863 1436 2895 edd.
1461 2864 1603 2894 Cornarii
1628 2865 1653 2893 et
1675 2863 1732 2893 Pe-

191 2910 332 2955 αὐτοὺς,
355 2917 466 2954 reliqui
491 2915 561 2945 libri
586 2910 734 2950 ἐγω-,οὒς
984 2912 1061 2941 tui-ii
1093 2910 1224 2940 habeant
1257 2908 1299 2951 τῇ
1325 2905 1452 2951 δεκάτῃ
1487 2907 1545 2940 καὶ
1569 2904 1731 2949 ἑνδεκάτῃ

234 2960 266 2992 4.
291 2959 320 2992 εἰ
344 2959 387 3003 τῇ
412 2969 476 3000 eyo.
524 2958 556 2992 ἐν
580 2959 623 3000 τῇ
649 2960 720 2989 libri
743 2967 862 2990 omnes.
985 2954 1042 2987 καὶ
1077 2951 1256 2996 δωδεκάτῃ
1291 2952 1350 2986 καὶ
1382 2950 1637 2996 τριςκαιδεκάτῃ
1674 2951 1731 2984 καὶ

235 3005 266 3037 5.
288 3000 364 3046 ἤτοι
385 3007 494 3045 scripsi
513 3014 571 3044 pro
590 3002 614 3047 ἤ
636 3003 679 3047 τῇ
701 3004 783 3043 quod
803 3004 874 3035 libri
891 3011 938 3034 re·
983 2997 1346 3042 τεσσαρεςκαιδεκάτῃ.

1756 1138 1832 1181 Cap.
1863 1141 1899 1169 ll.

1749 1194 1833 1220 Deut.
1856 1195 1896 1220 2⁴1.

1752 1828 1929 1856 Ecclesiast.

1798 1863 1826 1899 7,
1842 1864 1884 1891 29.
