2066 3319
388 224 438 263 OS
943 227 1100 259 SANCTI
1126 227 1349 259 EPIPHANII

390 324 458 354 νας
481 303 558 346 α’πὸ
592 308 660 345 τοῦ
686 305 1004 357 τριακονταέτους
1025 307 1187 356 νομίζων
1216 309 1284 357 τῆς
1311 309 1380 345 τοῦ
1411 308 1585 356 σωτῆρος
1609 301 1810 358 άναγωγῆς
1839 305 1904 346 καὶ

388 372 617 425 α’νδρώσεως
635 377 704 424 τῆς
727 371 846 413 αὐτοῦ
869 369 1035 424 ἡλικίας,
1067 370 1138 413 οὔκ
1165 370 1275 419 εἰδώς
1299 371 1357 413 ὅτι
1385 370 1432 412 οὗ
1456 369 1659 424 τριάκοντα
1688 373 1752 424 ἔτη
1784 370 1905 424 μόνον

387 443 587 493 ἐποίησεν,
619 438 695 480 ἄλλ’
718 441 758 481 ἐν
780 444 832 496 τῷ
854 445 1065 496 τριακοστῷ
1087 441 1325 492 ἐβαπτίσθη,
1358 438 1450 492 μετά
1476 437 1516 479 τό
1541 444 1737 492 πληρῶσαι
1769 442 1904 480 εἰκοσι-

386 510 494 549 εννέα
519 510 582 560 ἔτη
613 509 677 548 καὶ
705 508 798 549 δέκα
826 512 971 560 μῆνας,
1012 505 1064 555 ὥς
1095 513 1303 559 προεῖπον,
1344 512 1389 564 τῇ
1423 505 1622 563 δωδεκάτῃ
1645 504 1790 561 Ἀθύρ,
1828 504 1903 560 πρὸ

387 575 489 618 ὀκτώ
524 577 638 617 εἰδῶν
669 578 921 629 Νοεμβρίων,
963 576 1028 616 καὶ
1065 573 1157 626 μετά
1194 580 1313 615 ταῦτα
1348 574 1516 628 κηρύξας
1551 573 1728 615 ἐνιαυτὸν
1765 576 1904 625 κυρίου

387 643 521 685 δεκτόν
548 644 612 684 καὶ
639 642 730 696 μετά
762 643 828 684 τόν
852 641 1028 684 ἐνιαυτόν
1058 641 1169 683 ἄλλον
1196 641 1372 684 ἐνιαυτόν
1395 641 1683 696 άντιλεγόμενον
1707 642 1772 682 καὶ
1797 641 1902 694 ἕβδο-

385 712 747 765 μηκοντατέσσαρας
783 708 928 764 ἡμέρας
964 709 1269 764 α’ντιλεγομένας,
1308 709 1410 758 ἐξότε
1447 712 1685 763 ἐβαπτίσθη,
1723 707 1797 763 πρδ
1827 713 1905 749 τῶν

386 777 505 822 αὐτοῦ
529 782 752 834 γενεθλίων·
785 778 877 826 dign
899 776 997 819 εἶναι
1015 777 1060 819 τά
1079 778 1205 818 πάντα
1229 779 1292 830 ἔτη
1315 783 1382 830 τῆς
1403 776 1522 819 αὐτοῦ
1543 776 1734 831 ἐνσάρκου
1755 793 1902 830 παρου-

385 850 470 895 σίας
491 849 563 895 ἕως
582 851 650 888 τοῦ
672 845 832 895 πάθους
852 844 929 887 olm*
951 851 1017 899 τῆς
1037 845 1248 900 γεννήσεως
1266 844 1544 900 τριακονταδύο
1566 846 1629 897 ἔτη
1653 845 1717 885 καὶ
1737 843 1792 886 οδ’
1813 841 1903 896 ἡμέ-

385 933 474 969 ρας,
505 913 581 956 άπὸ
607 915 646 956 δὲ
673 913 791 968 άρχῆς
813 912 996 962 ύπατείας
1020 918 1238 955 Σιλουανοῦ
1265 914 1329 954 καὶ
1355 912 1515 967 Νερούα
1546 912 1617 954 δύο
1648 914 1712 964 ἔτη
1738 913 1800 953 καὶ
1826 912 1905 966 ρλδ’

385 981 541 1037 ἡμέρας.
588 984 666 1023 Καὶ
687 982 900 1036 ἐλήλεγκται
922 982 989 1034 μὲν
1012 984 1181 1023 ἐνταῦθα
1199 978 1221 1022 δ
1244 982 1519 1035 προειρημένος
1545 979 1810 1029 Οὕαλεντῖνος,
1837 980 1904 1020 καὶ

413 1054 424 1063 n
558 1052 565 1066 x
618 1053 630 1066 ρ
717 1048 725 1063 ,
788 1048 796 1062 7
833 1048 839 1062 ἱ
899 1047 908 1062 7
1001 1053 1008 1064 ι
1187 1047 1196 1062 2
1264 1049 1273 1063 Ι
1522 1050 1529 1063 l
1577 1050 1589 1063 t·
1612 1046 1621 1060 ¹)
1785 1047 1792 1058 Ι

385 1069 421 1093 οι
439 1057 571 1092 πολλοι
590 1068 626 1092 οι
644 1068 715 1091 κατ
746 1067 865 1090 αυτον
884 1066 1148 1104 αφραινοντες.
1191 1053 1450 1103 Ηλεγχθησαν
1469 1067 1534 1090 και
1549 1066 1587 1089 οι
1598 1050 1903 1101 αποβαλλομενοι

384 1118 426 1160 τό
451 1117 548 1160 κατά
569 1117 759 1169 Ἰωάννην
783 1115 1011 1171 εὐαγγέλιον,
1043 1116 1111 1164 οὓς
1134 1119 1292 1163 δικαίως
1311 1115 1494 1171 Ἀλόγους
1517 1117 1738 1169 καλέσομαι,
1771 1112 1903 1168 ἐπειδὴ

382 1186 449 1228 τὸν
470 1185 584 1240 λόγον
605 1190 674 1227 τοῦ
694 1189 793 1225 θεοῦ
820 1182 1122 1236 άποβάλλονται,
1156 1182 1223 1224 τὸν
1252 1183 1315 1224 διά
1341 1181 1532 1236 Ἰωάννην
1555 1185 1800 1238 κηρυχθέντα
1831 1200 1903 1224 πα-

382 1253 515 1308 τρικὸν
535 1252 631 1294 θεὸν
651 1252 778 1307 λόγον,
800 1249 865 1292 ἄπ’
884 1250 1057 1304 ούρανοῦ
1077 1250 1365 1304 κατεληλυθότα
1386 1253 1449 1293 καὶ
1471 1254 1662 1305 σωτηρίαν
1682 1249 1775 1304 ἡμῖν
1794 1252 1903 1306 ἔργα·

383 1320 548 1374 σάμενον
573 1325 641 1373 τῆς
661 1321 788 1372 πάσης
814 1317 934 1361 αὐτοῦ
955 1318 1145 1373 ἔνσάρκου
1167 1321 1399 1371 παρουσίας,
1431 1318 1489 1360 ὅτι
1511 1317 1588 1359 άπό
1610 1335 1649 1360 τε
1669 1323 1746 1360 τῶν
1776 1325 1787 1347 ¹
1804 1316 1902 1359 ῦπα-

381 1395 491 1431 τειῶν
510 1390 575 1430 καὶ
599 1387 676 1429 άπὸ
698 1393 774 1429 τῶν
795 1389 890 1428 ἐτῶν
910 1388 976 1428 καὶ
999 1384 1076 1428 άπὸ
1100 1392 1168 1439 τῆς
1190 1385 1408 1435 συστάσεως
1425 1391 1496 1428 τοῦ
1516 1385 1725 1440 προφήτου
1742 1384 1902 1428 Ἡσαΐου

381 1459 446 1499 καὶ
469 1455 545 1498 άπὸ
567 1461 636 1498 τοῦ
658 1454 756 1497 κατά
781 1461 945 1496 Λουκᾶν
969 1453 1186 1509 εὐαγγελίου
1215 1456 1280 1496 καὶ
1303 1453 1379 1496 άπὸ
1403 1459 1473 1495 τοῦ
1497 1452 1594 1495 κατά
1617 1451 1807 1507 Ἰωάννην
1836 1455 1902 1496 καὶ

382 1524 460 1566 elad
486 1529 555 1566 τοῦ
577 1522 674 1565 κατά
698 1529 916 1564 Ματθαῖον
937 1524 1003 1564 καὶ
1032 1521 1110 1564 οἷπὸ
1138 1527 1207 1564 τοῦ
1236 1521 1333 1564 κατά
1356 1521 1547 1577 Μάρκον,
1577 1522 1644 1562 καὶ
1667 1519 1903 1571 άπαξαπλῶς

382 1591 627 1646 πανταχόθεν
650 1590 893 1646 ἦλέγχθησαν
917 1592 957 1632 οἱ
978 1591 1263 1644 πεπλανημένοι
1288 1590 1347 1632 ὅτι
1370 1589 1417 1632 οὗ
1439 1589 1558 1643 μόνον
1576 1591 1622 1630 ἓν
1646 1588 1785 1643 Πάσχα
1810 1587 1902 1643 μετὰ

382 1659 452 1713 τὴν
478 1659 599 1714 άρχήν
629 1664 697 1701 τοῦ
723 1659 970 1714 κηρύγματος
990 1657 1087 1699 κατά
1112 1660 1294 1712 περίοδον
1318 1657 1492 1712 2χρόνον
1524 1659 1702 1700 ἐνιαυτοῦ
1733 1656 1902 1698 ἀπετέλε-

383 1743 466 1779 σεν,
505 1727 595 1769 άλλά
629 1726 838 1782 περιόδους
869 1731 986 1781 τριῶν
1023 1723 1249 1767 3ὗπατειῶν
1280 1725 1386 1780 παρά
1415 1744 1450 1767 τι
1479 1725 1697 1780 ἐπλήρωσε,
1735 1724 1829 1778 μετά
1858 1724 1900 1767 τό

381 1794 571 1838 Ἰωάννου
607 1795 816 1849 βάπτισμα.
877 1795 954 1835 Καὶ
994 1795 1166 1843 ἐξέπεσεν
1199 1792 1222 1835 ὁ
1257 1799 1331 1835 τῶν
1369 1792 1755 1849 άπαρακολουθήτων
1791 1791 1904 1848 λόγος

383 1863 606 1905 παντάπασι
632 1868 701 1916 τῆς
732 1862 881 1916 πλάνης
903 1862 968 1903 καὶ
993 1860 1126 1910 άνοίας
1156 1864 1220 1903 καὶ
1250 1860 1445 1915 άμαθίας,
1477 1860 1524 1903 ού
1556 1861 1677 1915 μόνον
1707 1859 1759 1914 μὴ
1790 1879 1900 1916 γινω-

381 1931 551 1984 σκούσης
575 1930 645 1984 τὴν
668 1932 807 1972 ἑαυτοῦ
827 1930 945 1983 ζωὴν,
977 1928 1067 1971 άλλοέ
1091 1931 1158 1971 καὶ
1181 1932 1339 1982 ψευδῶς
1359 1929 1455 1971 κατά
1475 1935 1545 1983 τῆς
1569 1928 1753 1982 άληθείας
1776 1928 1901 1982 μάτην

382 2000 759 2055 ἐπιστρατευομένης.

195 2168 281 2209 Κεφ.
299 2165 365 2200 κξῖ.
494 2155 740 2212 Εὗρίσκομεν
760 2155 830 2211 γάρ
852 2158 918 2198 καὶ
941 2155 1204 2211 ε’μφερόμενόν
1224 2174 1301 2198 που
1321 2162 1401 2205 τοῖς
1419 2155 1548 2210 λόγοις
1565 2154 1718 2204 τούτοις
1737 2172 1899 2210 γεγραμ-

850 2230 867 2237 «-

383 2228 500 2280 μένον
530 2224 587 2267 ὅτι
620 2224 642 2267 ὁ
671 2229 740 2266 τοῦ
768 2231 867 2266 θεοῦ
903 2231 914 2253 ¹
933 2224 1121 2279 ἐγεννήθη
1147 2223 1260 2279 λόγος
1286 2226 1327 2266 ἐκ
1357 2229 1427 2265 τοῦ
1449 2228 1550 2265 θεοῦ
1580 2224 1667 2276 περὶ
1700 2221 1742 2265 w*
1768 2237 1896 2264 τεσσα-

382 2292 571 2348 ρακοστὸν
600 2294 682 2342 ἔτος
702 2291 932 2347 Αὐγούστου
953 2291 1046 2347 ὅπερ
1075 2294 1211 2345 λέληθε
1233 2291 1300 2334 τὸν
1322 2291 1548 2346 γράψαντα,
1577 2290 1604 2344 ἢ
1632 2295 1702 2344 τῆς
1731 2288 1796 2332 διά
1825 2295 1897 2332 τοῦ

380 2366 479 2416 βῆτα
516 2360 658 2415 ψήφου
689 2358 994 2413 άπαλειφθείσης
1029 2362 1093 2402 καὶ
1124 2365 1193 2402 τοῦ
1226 2364 1278 2412 μῦ
1310 2358 1431 2412 μόνον
1465 2356 1830 2414 παραμεμενηκότος
1859 2359 1897 2411 μ’

220 2442 355 2477 png.451.
384 2435 404 2459 ²
420 2432 606 2483 ἐποίησαν
628 2427 727 2483 μόνα
749 2429 822 2481 ἔτη.
887 2433 947 2484 Τῷ
968 2428 1040 2483 γάρ
1063 2431 1352 2484 τεσσαρακοστῷ
1380 2428 1544 2483 δευτέρῳ
1567 2428 1641 2467 ἔτει
1660 2424 1893 2480 Αὐγούστου

1672 2492 1721 2508 Ἃ,

381 2496 584 2552 ἐγεννήθη.
638 2495 784 2537 Φάσκει
806 2495 846 2536 δὲ
867 2494 925 2536 ὅτι
948 2495 1023 2547 πρὸ
1049 2494 1214 2537 δεκαδύο
1239 2498 1453 2536 Καλανδῶν
1473 2493 1643 2537 Ἰουλίων
1664 2511 1688 2547 η
1718 2496 1893 2544 Ιουνίων,

381 2564 453 2607 οῦκ
475 2567 546 2618 ἔχω
566 2566 698 2620 λέγειν,
728 2565 767 2605 ἒν
791 2569 806 2592 3
820 2560 985 2619 ὑπατεία
1005 2566 1245 2605 Σουλπικίου
1267 2565 1540 2616 Καμμαρίνου,
1572 2562 1759 2619 4Βηττὲῳ
1782 2565 1894 2615 Πομ-

427 2669 501 2699 cst.
523 2669 684 2700 XXVHI.
708 2686 751 2692 -—
810 2668 837 2699 1.
865 2663 1007 2700 ὖτῑατιῶν
1042 2669 1111 2699 libri

380 2718 509 2753 veteres,
533 2718 565 2745 ul
588 2716 692 2745 solent.

424 2760 455 2790 2.
478 2757 590 2801 ’χρόνον
613 2760 683 2790 edil.
707 2760 814 2790 Petav.

424 2803 454 2835 3.
478 2795 621 2836 ιῖπατιῶν
646 2805 714 2835 libri
737 2807 806 2834 vett.

427 2849 492 2879 Cap
519 2849 646 2879 ΧΧΙΧ,
671 2867 715 2871 —
754 2849 779 2879 1.
806 2845 967 2889 ἐγεννῆξιη
988 2849 1109 2887 reposui

379 2894 415 2924 de
435 2895 518 2925 libris
531 2894 657 2933 Rhediy.
680 2895 789 2925 elren.
816 2895 910 2933 Vulyo
924 2889 1110 2934 ρκίαἰᾶγέν-

378 2949 483 2979 ιηιμ-ος,
508 2942 541 2969 ul
559 2941 683 2969 verbum
703 2940 802 2970 deesse
817 2940 942 2970 Pelavio
955 2940 993 2969 sil
1006 2939 1112 2969 merito

375 2985 475 3014 visum
520 2985 554 3015 Ιη
572 2984 636 3014 cod.
652 2985 758 3015 Veneto
778 2984 904 3022 legitur:
928 2979 980 3016 ὅτι
1001 2981 1039 3015 ἐκ
1052 2981 1108 3015 τοῦ

378 3027 455 3061 Ξεοῦ
467 3025 563 3070 λόγος
574 3028 630 3060 τοῦ
645 3028 720 3060 ‘2205
733 3025 895 3070 ἐγεννῆἓϊη
908 3027 982 3070 περὶ
993 3025 1029 3061 τὸ
1045 3030 1108 3060 cell.

422 3075 454 3106 2.
481 3071 616 3114 ἐποίησε
638 3074 704 3105 cod.
730 3075 800 3105 Ven.

1200 2667 1231 2699 3.
1257 2665 1381 2710 ὁπατίᾳ
1404 2668 1473 2698 libri
1494 2669 1564 2698 vell.
1576 2689 1585 2705 ,
1609 2669 1641 2697 ut
1662 2668 1765 2698 solent.

1199 2712 1231 2744 4.
1257 2715 1299 2744 De
1319 2714 1365 2744 his
1386 2713 1495 2749 verbis,
1517 2714 1544 2742 el
1565 2712 1602 2742 de
1625 2713 1744 2742 nomine
1765 2712 1891 2742 alterius

1155 2760 1308 2797 consulis,
1340 2757 1538 2789 emendandis
1560 2758 1719 2787 meliorum
1747 2757 1893 2787 librorum

1157 2812 1210 2842 ope
1230 2804 1388 2834 destitutus
1404 2810 1500 2841 paene
1515 2802 1649 2840 despero.
1695 2802 1769 2832 Nolo
1791 2803 1892 2831 lamen

1154 2849 1274 2879 relicere
1300 2848 1380 2887 quod
1401 2848 1538 2886 aliquam
1570 2849 1645 2877 certe
1668 2846 1892 2885 probabilitatis

1154 2894 1284 2931 speciem
1310 2893 1431 2923 videtur
1461 2892 1579 2922 habere.
1625 2892 1785 2930 Duplicem
1817 2893 1891 2929 pulo

1155 2939 1193 2967 ab
1219 2938 1392 2976 Epiphanio
1418 2938 1518 2967 notari
1549 2945 1680 2967 errorem
1703 2944 1807 2966 eorum
1838 2936 1891 2974 qui

1154 2983 1390 3021 quadragesimo
1412 2982 1539 3020 Augusti
1557 2990 1638 3012 anno
1660 2981 1812 3012 Christum
1831 2989 1891 3010 na-

1154 3030 1217 3058 tum
1235 3036 1297 3058 esse
1317 3029 1496 3064 slaluerunl,
1519 3027 1654 3064 primum
1676 3025 1757 3064 quod
1778 3034 1837 3056 non
1858 3025 1890 3055 in

1154 3072 1391 3112 quadrayesimo
1412 3071 1543 3103 secundo
1571 3072 1635 3102 eius
1654 3071 1773 3102 natales
1797 3070 1889 3102 collo-
