2030 3324
1573 223 1652 264 585

98 318 177 353 tota
210 324 253 351 re
288 309 496 350 certiorem
533 308 636 349 illum
675 310 780 349 facit.
846 308 1065 365 Imperator
1096 311 1221 351 adhuc
1251 312 1384 352 dolore
1418 318 1652 362 commotus,

96 394 140 420 ac
171 393 265 419 vera
302 391 390 418 esse
426 377 669 432 suspicatus,
723 392 821 431 quae
853 386 1107 420 accusatores
1144 386 1453 434 proposuerant,
1499 379 1655 420 mentiri

96 461 192 488 vero
221 453 446 486 accusatum
472 444 754 496 Athanasium,
802 446 894 487 nihil
930 448 976 487 de
1008 447 1204 487 iracundia
1233 448 1472 488 remittebat.
1537 446 1652 501 Quod

96 515 232 571 videns
259 513 499 554 Athanasius
525 514 603 553 acri
628 513 732 553 illum
757 514 934 555 oratione
956 515 1210 570 perstrinxit:
1247 514 1306 555 De
1333 523 1392 566 te,
1428 516 1574 570 inquit,
1608 531 1652 556 ac

96 597 156 624 me
179 581 366 623 iudicabit
394 581 597 631 dominns,
633 583 732 636 qnod
766 590 803 622 ct
836 583 918 637 ipse
944 583 1226 624 mediocritatis
1262 597 1370 623 meae
1397 584 1652 624 calumniato-

96 652 202 692 ribus
225 649 471 690 assentiaris.

95 719 256 760 exilium
291 719 489 772 relegatur
518 718 776 758 Athanasius.
841 719 998 759 Absens
1030 719 1168 774 quippe
1202 720 1402 774 depositus
1437 727 1518 770 est,
1565 735 1649 760 cum

95 787 140 828 ad
171 794 303 828 cetera
336 800 474 827 recens
506 786 569 826 illa
602 786 787 841 principis
819 787 1057 827 accessisset
1087 787 1268 828 offensio.
1332 786 1546 828 Duodecim
1581 788 1651 828 ita-

95 869 169 910 que
200 855 262 896 vel
295 855 479 896 tredecim
514 854 626 895 annis
660 853 696 895 in
731 852 841 895 ltalia
874 855 1031 897 mansit.

437 229 617 262 PANARH
642 230 727 262 LIB.
746 230 787 262 II.
813 230 921 263 TOM.
943 231 982 263 Il.
1010 231 1142 265 HAER.
1162 231 1316 264 LXVIII.

536 647 688 690 Deinde
712 651 811 690 datis
843 665 864 691 a
897 653 1049 706 synodo
1078 653 1122 691 ad
1148 652 1422 706 imperatorem
1457 652 1581 692 literis
1612 652 1650 692 in

206 1059 289 1102 Sub
321 1061 439 1111 haec,
474 1067 515 1100 ut
548 1062 740 1114 frequenti
775 1061 971 1101 hominum
1006 1075 1162 1102 rumore
1190 1061 1430 1115 divulgatum
1459 1068 1534 1112 est,
1572 1061 1648 1102 Ar-

93 1128 227 1170 senius
254 1129 342 1180 ille,
377 1130 439 1183 qui
468 1128 614 1184 pridem
648 1143 668 1169 a
699 1128 1046 1170 calumniatoribus
1078 1131 1181 1170 inter
1213 1137 1386 1170 mortuos
1419 1130 1651 1170 numeraba-

94 1205 177 1248 tur,
226 1197 366 1252 cuique
409 1204 606 1252 amputata
639 1211 777 1237 manus
810 1198 1034 1248 dicebatur,
1084 1198 1121 1238 in
1158 1198 1308 1238 Arabia
1351 1205 1530 1252 repertus
1574 1206 1648 1240 est.

94 1265 130 1307 Is
163 1266 265 1306 enim
298 1265 543 1316 Athanasio,
585 1281 671 1306 cnm
715 1266 752 1306 in
796 1265 916 1306 exilio
960 1267 1084 1307 adhuc
1129 1274 1258 1318 esset,
1307 1267 1478 1322 seipsum
1522 1267 1651 1322 prodi-

91 1335 160 1375 dit.
225 1333 351 1388 Quem
385 1334 449 1374 ille
481 1334 601 1384 clam,
638 1341 678 1374 ut
709 1334 954 1388 accepimus,
990 1336 1248 1384 arcessitum,
1285 1350 1376 1376 mox
1410 1342 1449 1376 ut
1473 1336 1648 1386 advenit,

92 1417 223 1444 coram
257 1400 477 1442 Constante
510 1409 548 1442 et
580 1400 841 1452 Constantio,
894 1401 1146 1443 Constantini
1181 1404 1292 1453 liliis,
1339 1403 1402 1458 qui
1437 1411 1516 1444 tum
1551 1405 1651 1445 forte

91 1479 385 1520 convenerant,
422 1471 552 1512 vivum
587 1478 622 1510 et
657 1470 790 1511 ambas
824 1484 961 1511 manus
985 1472 1190 1512 habentem
1219 1472 1417 1527 produxit.
1484 1470 1573 1525 Quo
1599 1473 1653 1513 fa-

92 1547 154 1581 cto
187 1553 306 1594 penes
338 1546 591 1579 accusatores
625 1554 700 1579 non
735 1540 848 1579 modo
882 1539 1122 1587 calumniae,
1158 1541 1224 1580 sed
1254 1542 1369 1581 etiam
1404 1541 1452 1581 ob
1486 1541 1651 1581 circum-

92 1609 207 1649 latam
241 1607 344 1648 illam
379 1608 519 1648 mortui
554 1622 708 1648 manum
743 1608 910 1648 violatae
943 1609 1237 1663 sepulchrorum
1272 1609 1473 1663 religionis
1501 1609 1650 1650 crimen

92 1677 262 1726 resedit,
311 1690 355 1716 ac
387 1676 572 1730 deinceps
607 1677 745 1729 ingens
779 1677 881 1717 risus
914 1690 965 1716 ex
1000 1677 1064 1717 tali
1099 1684 1280 1731 tantaque
1317 1677 1468 1728 l'abula,
1516 1685 1553 1718 et
1586 1679 1651 1717 ad-

92 1745 246 1785 miratio
279 1751 507 1784 consecuta.
572 1743 714 1798 Neque
747 1745 841 1784 satis
875 1746 1137 1786 conveniebat
1170 1745 1256 1800 quid
1284 1747 1329 1786 (le
1358 1746 1653 1787 accusatoribus

92 1820 157 1854 ant
188 1827 257 1853 reo
291 1813 396 1867 ipso,
433 1813 556 1867 deque
587 1813 731 1853 ceteris
758 1813 938 1854 omnibus
971 1813 1174 1854 dicendum
1199 1814 1416 1854 videretur.
1481 1813 1594 1868 Quae
1619 1815 1649 1855 si

92 1881 315 1936 singillatim
350 1895 511 1921 narrare
547 1882 734 1931 voluero,
772 1881 987 1935 longiorem
1022 1882 1239 1922 orationem
1274 1883 1490 1924 instituam.
1554 1881 1653 1923 Post

94 1948 346 1991 Constantini
379 1950 524 1989 obitum
560 1950 802 1990 Athanasius
844 1950 905 2003 qui
939 1964 1088 1991 summa
1123 1950 1160 1990 in
1194 1952 1365 1992 omnium
1398 1951 1649 2001 auctoritate,

93 2026 132 2059 et
163 2018 312 2073 gratia,
347 2033 392 2058 ac
426 2033 501 2058 non
536 2019 650 2058 11111110
684 2017 859 2067 Romae,
896 2019 963 2058 sed
997 2026 1032 2059 et
1069 2017 1200 2059 ltaliae
1235 2020 1377 2071 totius,
1414 2020 1490 2060 imo
1515 2028 1553 2060 et
1582 2020 1652 2060 im-

93 2087 286 2142 peratoris
318 2087 481 2141 eiusque
523 2086 733 2126 liberorum
769 2084 1000 2127 Constantis
1039 2101 1083 2127 ac
1117 2085 1339 2128 Constantii
1372 2089 1652 2144 approbatione

92 2155 276 2205 florebat,
321 2155 368 2195 ab
395 2155 453 2195 his
480 2154 630 2194 dnobus
664 2155 964 2208 imperatoribus
997 2163 1084 2210 post
1114 2163 1279 2196 mortem
1308 2157 1479 2210 parentis
1508 2157 1544 2197 in
1570 2158 1650 2197 Ae-

91 2231 249 2279 gyptum
272 2222 507 2273 remittitur,
544 2223 786 2263 assentiente
811 2221 1069 2275 Constantio,
1105 2225 1166 2279 qui
1195 2232 1272 2265 tum
1301 2225 1536 2265 Antiochiae
1561 2239 1650 2265 ver-

91 2293 268 2334 sabatur.
333 2290 457 2332 Cuins
492 2291 545 2331 rei
586 2291 729 2331 seriem
771 2304 821 2331 ex
865 2292 977 2332 trium
1019 2293 1297 2348 imperatorum
1333 2294 1431 2334 datis
1475 2294 1520 2333 ad
1556 2293 1650 2333 Ale-

897 2441 1013 2469 σαντος
1038 2430 1076 2464 δὲ
1096 2432 1152 2464 τοῦ
1181 2430 1431 2464 Κωνσταντίνου
1462 2433 1573 2463 oblitus
1603 2441 1649 2463 es-

894 2480 946 2508 set.
983 2478 1089 2516 ltaque
1109 2479 1310 2516 interpretare
1334 2481 1483 2516 tanquam
1508 2479 1534 2508 si
1550 2479 1651 2509 (licere

894 2523 981 2553 vellet
1003 2519 1051 2558 oi:
1073 2517 1204 2574 ffpdo‘fe
1206 2520 1327 2563 ντῑοός
1351 2518 1452 2555 αυτὸν
1472 2520 1528 2555 τὸν
1555 2524 1649 2575 βαΰ.-

895 2566 973 2608 λέα,
1011 2563 1119 2604 οὕτως
1144 2567 1199 2599 νῦν
1234 2566 1292 2599 καὶ
1321 2565 1405 2608 πρὸς
1436 2565 1514 2605 τοὺς
1546 2565 1649 2601 αὐτοῦ

893 2615 1029 2650 παῖδας
1082 2614 1222 2644 ζ’·εϊετιιηι
1252 2616 1321 2652 post
1355 2610 1438 2665 πρὸς
1471 2608 1534 2646 αὐτ
1537 2611 1571 2647 ὀν
1597 2624 1650 2646 su-

894 2660 996 2697 spicor
1015 2659 1167 2690 excidisse
1187 2660 1389 2697 participium
1416 2653 1509 2696 ὄντος

947 2705 994 2735 to.
1021 2705 1105 2734 [ibri
1135 2705 1246 2734 habent
1268 2705 1366 2734 solum
1395 2702 1496 2736 ἰδίων.
1542 2716 1589 2742 ως
1612 2703 1648 2744 ἐξ

897 2748 988 2782 ἰδίων
1008 2750 1182 2780 emendatio
1202 2752 1244 2779 est
1267 2750 1401 2781 Petaeii.
1450 2751 1552 2790 illa-qis
1573 2761 1647 2789 pro-

895 2796 995 2825 babile
1016 2796 1092 2825 mihi
1114 2794 1236 2825 videtur
1258 2805 1305 2831 ως
1330 2789 1372 2827 δι’
1395 2793 1498 2827 ἰδίων.
1548 2797 1647 2828 Prae-

90 2434 170 2469 cett„
195 2433 228 2460 ut
251 2425 401 2471 ἀπορίας.
451 2427 494 2460 Τί
520 2427 570 2465 τίς
593 2423 631 2461 ἂν
657 2427 740 2461 εἴποι
765 2432 848 2469 3091·-

90 2479 171 2508 tasse
196 2476 350 2506 rideatur.

135 2523 167 2553 ὃ.
196 2522 276 2552 Male
300 2521 355 2552 hoc
385 2518 443 2552 καὶ
465 2522 584 2550 notavit
608 2522 730 2551 uncinis
753 2522 846 2553 Peta-

90 2569 181 2607 vius,
218 2576 290 2598 cam
322 2567 427 2605 potius
459 2575 518 2601 τε,
565 2567 649 2605 quod
679 2567 749 2597 libri
780 2570 847 2606 post

90 2611 166 2653 περὶ
183 2613 276 2652 vulgo
299 2614 446 2642 insertum
468 2612 590 2649 habent,
612 2613 848 2650 suppositicium

91 2667 153 2690 esse
180 2660 213 2688 in
245 2661 353 2697 aperto
383 2660 466 2687 esset.
518 2657 643 2695 irrepsit
676 2666 783 2696 nempe
811 2658 848 2688 (le

91 2706 173 2736 tinea
195 2705 356 2742 superiori.

136 2748 168 2781 9.
193 2751 362 2786 „Fortasse
382 2747 645 2784 Κωνσταντῐνον,
668 2746 845 2781 ,Κωνστεὶν-

91 2806 155 2828 τιον
179 2793 236 2827 καὶ
255 2791 429 2827 Κώνσταν.
458 2792 523 2823 Sed
548 2792 627 2823 haet-
651 2800 844 2835 ‹·orrupta.·‘

91 2839 253 2871 petavius,
266 2841 480 2871 Necessitatem
492 2840 557 2869 eius
568 2840 748 2869 mutationis
761 2840 849 2878 apud

91 2887 304 2925 Epiphaniam
325 2888 401 2916 certe
416 2886 505 2915 video
520 2886 648 2915 nuttam.
678 2885 773 2914 t'erba
790 2883 849 2916 καὶ

91 2928 175 2972 πρὸς
198 2927 298 2963 αὐτὸν
322 2929 378 2964 τὸν
403 2929 543 2974 βασιλέα
564 2931 755 2968 neqteyenter
778 2932 847 2959 sunt

90 2978 270 3015 interposita
285 2986 304 3006 α
324 2978 472 3015 scriptore
493 2976 642 3015 eleyantis
656 2978 682 3005 et
693 2976 850 3013 perspicui

90 3023 239 3052 sermonis
257 3031 370 3060 parum
394 3022 536 3060 curioso,
568 3023 645 3059 puta
670 3021 723 3059 qui
743 3029 774 3051 se
797 3029 845 3050 or-

91 3067 190 3098 ditum
211 3075 273 3098 esse
297 3068 541 3098 enunciationem
566 3067 667 3098 verbis
687 3061 845 3108 τελευτή-

895 2843 976 2870 terea
1009 2850 1070 2870 non
1105 2842 1147 2869 est
1183 2841 1303 2870 silentio
1332 2842 1593 2878 praetereundum
1616 2843 1649 2873 in

893 2886 960 2915 cod.
985 2885 1111 2923 Rhediq.
1135 2885 1206 2915 inde
1226 2894 1246 2914 a
1267 2887 1368 2915 verbis
1398 2895 1434 2917 τε
1457 2884 1514 2918 καὶ
1534 2885 1649 2928 πάσης

894 2939 989 2969 usque
1019 2931 1062 2960 acl
1092 2928 1255 2972 βασιλέων
1280 2932 1402 2969 primae
1432 2941 1546 2963 manus
1572 2934 1649 2964 scri-

892 2978 1019 3013 pturam
1052 2984 1197 3014 erasum,
1231 2985 1370 3015 quaeque
1396 2980 1504 3016 postea
1526 2978 1566 3007 ab
1595 2987 1648 3008 ea-

894 3021 963 3050 dem
985 3023 1057 3052 sunt
1089 3023 1283 3060 superposita
1314 3023 1410 3053 multo
1430 3024 1560 3054 maioris
1585 3032 1647 3056 esse

892 3067 996 3105 spatii.

1676 1070 1757 1113 Cep.
1772 1070 1818 1101 X.
