2030 3324
192 441 259 467 pag,
279 431 338 459 753.

154 971 245 1016 Κεφ.
270 968 335 1006 >4⁶5-

200 2684 267 2712 pag.
282 2676 341 2703 754.

358 209 437 249 634
919 215 1082 248 SANCTI
1106 216 1333 249 EPIPHANH

356 295 460 341 ξίαν,
499 290 526 343 ἢ
552 290 650 332 κατα
670 291 891 346 πρόληψιν,
931 289 958 344 ἢ
988 290 1087 332 nocto}
1117 293 1399 346 ἐθελοσοφίαν,
1441 293 1466 347 ἢ
1486 293 1584 335 κατά
1607 296 1733 347 οἴησιν
1756 296 1892 347 δαιμο-

359 358 500 411 νιώδη,
532 359 681 408 ἐξέπεσε
700 363 770 411 τῆς
794 358 1002 411 ἀληθείας,
1041 360 1108 400 καὶ
1137 364 1190 415 τῷ
1211 359 1345 419 κόσμῳ
1370 361 1627 417 παρειςήγαγε
1649 364 1792 413 θλίψιν
1819 360 1890 414 τὴν

359 426 517 467 2αὐτοῦ
551 429 785 479 μοχθηρίαν.
848 427 950 481 Φέρε
977 431 1073 481 γοῦν
1102 425 1167 467 διά
1194 429 1337 481 ταύτης
1369 434 1438 482 τῆς
1467 430 1602 479 λέξεως
1631 428 1891 482 διαλάβωμεν,

355 497 421 536 ἵνα
443 498 593 548 γνῶμεν
614 491 661 534 τά
682 491 760 534 ὑπὸ
786 496 925 547 κυρίου
955 494 1207 546 λελαλημένα,
1250 494 1304 543 ὥς
1336 511 1431 549 φησι
1463 495 1486 538 ὁ
1518 496 1628 552 ἅγιος
1660 495 1890 547 άπόστολος,

360 563 440 602 Καὶ
466 559 576 614 ἡμεῖς
598 566 751 614 πνεῦμα
776 566 876 603 θεοῦ
899 563 1052 614 ἔχομεν,
1092 563 1158 603 ἵνα
1186 566 1339 617 γνῶμεν
1363 562 1409 604 τοὶ
1431 562 1510 606 ὑπό
1535 570 1635 607 θεοῦ
1657 565 1893 619 χαρισθέντα

358 627 471 681 ἡμῖν,
504 627 529 669 ἃ
552 629 619 670 καὶ
642 633 850 681 λαλοῦμεν,
882 630 948 670 καὶ
975 628 1021 670 τοὶ
1045 630 1143 682 ἑξῆς.
1205 631 1310 683 Φησὶ
1337 635 1433 685 γοῦν
1465 629 1488 672 ὅ
1511 631 1670 687 κύριος,
1713 631 1796 680 Δὸς
1825 629 1894 672 αὐ-

356 703 438 744 τοῖς
468 695 569 748 ζωὴν
599 698 696 750 ἔχειν
734 698 773 738 ἐν
804 698 973 745 ἑαυτοῖς·
1016 696 1114 750 αὕτη
1145 698 1188 738 δέ
1219 699 1320 739 ἐστιν
1357 695 1383 750 ἦ
1413 697 1572 747 αἰώνιος
1602 698 1700 753 ζωὴ,
1741 701 1806 740 ἵνα
1836 716 1892 754 γι-

357 765 536 805 νώσκωσί
575 777 614 805 σε
649 763 717 805 τὸν
755 763 876 817 μόνον
914 763 1106 818 ἀληθινὸν
1141 763 1260 815 θεὸν,
1303 766 1370 806 καὶ
1409 765 1456 806 ὅν
1493 764 1715 816 ἀπέστειλας
1742 765 1893 821 Ἰησοῦν

360 832 541 887 Χριστόν.

473 966 678 1025 ’Λναπηδᾷ
699 967 739 1008 δὲ
760 971 892 1008 κυκῶν
915 961 1031 1016 οὗτος
1055 965 1076 1009 ὁ
1096 965 1267 1022 ’Ἀρειος,
1297 969 1364 1009 καὶ
1389 969 1430 1009 οἵ
1458 972 1471 996 ¹
1488 965 1554 1009 ἄπ’
1573 966 1716 1019 αὐτοῦ,
1746 970 1814 1010 καὶ
1834 970 1891 1011 λέ·

357 1051 490 1092 γουσι,
535 1040 555 1065 2
576 1034 626 1077 Τὸ
651 1035 748 1083 ὅλως
774 1033 963 1084 εὔξασθαι
996 1038 1049 1092 τῷ
1073 1039 1156 1091 θεῷ
1196 1036 1262 1076 καὶ
1291 1036 1431 1090 λέγειν,
1466 1034 1620 1090 Πάτερ,
1656 1035 1726 1084 δός
1761 1034 1894 1085 αὐτοῖς

358 1103 459 1157 ζωήν
481 1106 579 1158 ἔχειν
603 1104 643 1144 ἐν
666 1104 832 1152 ἑαυτοῖς,
864 1101 937 1144 οῦκ
962 1104 1064 1144 ἔστιν
1088 1105 1169 1151 ἴσος
1190 1108 1244 1159 τῷ
1264 1104 1468 1157 παρέχοντι
1490 1102 1561 1156 τήν
1586 1102 1698 1156 ζωήν.
1744 1105 1800 1145 Εἰ
1819 1101 1893 1159 γάρ

356 1167 406 1226 ἦν
433 1174 474 1214 ἐκ
498 1176 566 1224 τῆς
586 1176 657 1213 τοῦ
678 1169 826 1225 πατρός
850 1169 1005 1221 οῦσίας,
1037 1169 1155 1218 αὐτὸς
1182 1169 1228 1211 ὄῖν
1252 1172 1439 1224 ἐχαρίζετο
1464 1169 1534 1224 τὴν
1562 1169 1682 1224 ζωὴν,
1722 1172 1789 1212 καὶ
1820 1169 1895 1213 οὐκ

358 1238 405 1281 ἂν
426 1237 550 1297 ᾐτεῖτο
575 1237 645 1280 τόν
674 1240 820 1292 πατέρα
844 1240 983 1279 δοῦναι
1012 1243 1094 1286 τοῖς
1119 1237 1364 1290 λαμβάνουσι
1388 1237 1434 1278 τοὶ
1466 1236 1533 1279 ὑπ’
1559 1237 1682 1279 αὐτοῦ
1708 1237 1895 1291 διδόμενα

357 1305 405 1349 δι’
433 1313 449 1337 3
464 1306 666 1359 αἰτήσεων.
727 1307 804 1347 Καὶ
835 1304 909 1346 οὐκ
936 1307 1062 1346 ἴσασιν
1091 1307 1131 1346 οἷ
1150 1303 1242 1346 καθ’
1263 1306 1410 1346 ἑαυτῶν
1430 1304 1501 1358 τὴν
1521 1304 1700 1347 διάνοιαν
1721 1307 1894 1358 διαστρέ-

357 1387 500 1428 ψαντες
520 1373 579 1415 ὅτι
601 1372 648 1414 τοὶ
674 1372 799 1414 πάντα
820 1370 842 1414 ὁ
866 1371 1079 1427 μονογενής
1099 1367 1222 1425 ἦλθεν
1250 1375 1316 1413 ἵνα
1337 1373 1492 1427 γένηται
1518 1371 1612 1425 ὑμῖν
1634 1371 1895 1428 ὖπογραμμδς

356 1444 423 1485 καὶ
446 1444 637 1494 σωτηρία,
669 1441 785 1492 μέσος
807 1439 925 1488 ἑστώς
948 1445 1018 1482 τοῦ
1041 1439 1215 1492 κόσμου,
1249 1438 1302 1489 ὦς
1327 1441 1391 1482 ἐπὶ
1415 1440 1607 1494 θεάτρου,
1639 1437 1817 1493 οἷθλητοῦ
1838 1443 1895 1482 δί-

355 1528 449 1563 κην,
481 1508 706 1557 διαλύοντος
729 1507 858 1549 πάντα
878 1507 926 1549 τοὶ
947 1507 1046 1549 κατά
1069 1513 1139 1561 τῆς
1170 1506 1356 1560 ἀληθείας
1379 1508 1667 1559 ἐπαναστάντα,
1698 1509 1742 1550 ἔκ
1764 1524 1803 1550 τε
1825 1513 1897 1562 τῆς

357 1578 540 1626 ἀπιστίας
562 1578 626 1618 καὶ
654 1579 919 1627 συκοφαντίας
938 1577 1005 1617 καὶ
1027 1574 1176 1628 πλάνης
1199 1575 1405 1629 διαβόλου,
1437 1575 1493 1629 πὴ
1515 1576 1584 1629 μὲν
1604 1575 1669 1618 διά
1694 1577 1895 1618 εἰδωλολα-

356 1649 506 1701 τρείας,
537 1643 593 1698 πη
616 1645 656 1685 δὲ
681 1642 746 1685 διὰ
768 1641 990 1697 Ἰουδαϊκῆς
1018 1642 1202 1696 οἰήσεως,
1233 1643 1287 1697 πή
1309 1644 1350 1685 δὲ
1381 1644 1429 1686 δι’
1453 1642 1652 1694 άπιστίας,
1683 1642 1740 1696 πή
1765 1644 1807 1685 δὲ
1828 1642 1895 1685 διὰ

355 1719 426 1767 τῆς
459 1712 658 1768 ἐπάρσεως
686 1717 756 1764 τῆς
780 1716 857 1753 τῶν
880 1710 1112 1766 ἀνθρώπων
1143 1709 1401 1765 ὑπολήψεως,
1440 1714 1506 1753 ἵνα
1537 1709 1677 1769 διδάξῃ
1713 1710 1805 1759 τοῦς
1827 1709 1895 1753 ἄν·

355 1781 549 1837 θρώπους
573 1785 922 1834 ταπεινοφρονεῖν,
962 1783 1032 1821 τοῦ
1064 1778 1118 1833 μή
1138 1797 1224 1821 τινα
1258 1778 1396 1821 ἑαυτόν
1424 1778 1652 1834 ἡγήσασθαί
1676 1797 1711 1821 τι
1738 1777 1894 1834 ἅνθρω-

357 1867 432 1898 πος
456 1848 530 1900 ὦν,
562 1847 635 1890 ἄλλ’
665 1850 718 1896 εἰς
741 1846 810 1889 τόν
835 1848 981 1901 πατέρα
1002 1851 1079 1888 τῶν
1104 1846 1204 1889 ὅλων
1234 1846 1479 1901 4άναφέρειν
1506 1845 1549 1889 τὸ
1575 1851 1665 1888 πᾶν.
1727 1847 1807 1887 Καὶ
1830 1844 1896 1888 δια

358 1921 494 1968 τοῦτο,
526 1919 665 1970 καίπερ
691 1914 746 1957 ὢν
766 1914 861 1967 ζωή,
903 1913 956 1963 ὥς
986 1915 1105 1969 λέγει,
1145 1913 1243 1970 Ἐγώ
1268 1917 1345 1967 εἰμι
1364 1913 1390 1968 ἡ
1410 1913 1507 1967 ζωή,
1539 1913 1758 1966 δυνάμενος
1778 1914 1896 1968 παρέ-

356 2002 434 2039 χειν
455 1983 526 2037 τήν
545 1982 667 2036 ζωὴν,
699 1981 746 2024 οὐ
768 1981 948 2035 βούλεται
969 1980 1132 2037 ταράξαι
1163 1981 1204 2023 τὸ
1231 1985 1408 2033 δίκαιον,
1450 1981 1542 2023 άλλοὶ
1572 1977 1695 2035 ἦλθεν
1723 1983 1776 2030 εἰς
1803 1983 1895 2034 μίαν

358 2051 496 2106 άρχην,
528 2054 581 2100 εἰς
604 2054 697 2104 μίαν
719 2049 909 2103 θεότητα,
952 2052 1007 2099 εἰς
1029 2053 1121 2103 μίαν
1147 2048 1359 2103 ἀλήθειαν,
1401 2052 1454 2098 εἰς
1484 2053 1577 2102 μίαν
1599 2048 1808 2103 ὁμόνοιαν,
1840 2051 1896 2097 εἰς

343 2124 449 2174 ’μίαν
473 2122 713 2174 δοξολογίαν,
738 2124 968 2173 συναγαγεῖν
990 2122 1067 2159 τῶν
1091 2116 1320 2173 άνθρώπων
1341 2120 1534 2172 σωτηρίαν
1554 2134 1593 2159 τε
1614 2118 1681 2158 καὶ
1702 2116 1894 2159 διάνοιαν.

360 2189 439 2229 Καὶ
466 2186 636 2229 ἐνώπιον
659 2191 737 2227 τῶν
764 2191 955 2239 μαθητῶν
979 2184 1046 2227 τόν
1077 2188 1225 2238 πατέρα
1247 2188 1418 2227 αἰτεῖται.
1484 2188 1551 2232 Τίς
1573 2183 1646 2239 γάρ
1672 2183 1758 2233 υἱὸς
1787 2183 1894 2238 παρὰ

359 2254 506 2311 πατρὸς
532 2254 604 2296 οὐκ
628 2256 809 2304 αἰτεῖταις
848 2256 904 2302 τίς
928 2254 969 2295 δὲ
995 2252 1122 2309 πατὴρ
1147 2255 1221 2310 υἱῷ
1244 2252 1291 2295 οὗ
1315 2256 1470 2303 δίδωσις
1512 2258 1628 2300 ποῖος
1648 2252 1690 2293 δὲ
1713 2250 1800 2301 υἱὸς
1830 2251 1894 2293 ἀλ-

358 2329 463 2372 λοῖος
487 2321 667 2377 τυγχάνει
689 2320 797 2376 παρά
817 2320 887 2374 τήν
907 2326 978 2362 τοῦ
1001 2320 1151 2376 πατρὸς
1175 2320 1318 2373 φύσιν,
1349 2322 1415 2362 καὶ
1443 2319 1508 2362 διά
1531 2324 1646 2361 τοῦτο
1674 2318 1762 2368 υἷὸς
1781 2336 1896 2373 μονο-

358 2390 471 2447 γενὴς
497 2389 603 2445 παρα
642 2388 791 2444 πατρὸς
824 2388 974 2443 πλήρης
1004 2388 1159 2443 χάριτος
1192 2391 1260 2430 καὶ
1292 2387 1482 2441 άληθείας
1512 2386 1586 2429 οὐκ
1617 2388 1791 2429 ἐπεδέετο
1824 2391 1896 2429 τοῦ

359 2458 629 2513 πληρώματος,
662 2458 736 2499 οὐκ
761 2455 915 2509 ἐλλιπὴς
934 2461 1003 2509 τῆς
1024 2455 1225 2510 ἀληθείας,
1255 2455 1347 2497 ἄλλα
1369 2455 1519 2510 πλήρης
1537 2455 1694 2509 χάριτος
1714 2456 1781 2497 καὶ
1806 2453 1895 2507 ἄλη-

359 2530 482 2575 θείας.
539 2524 582 2567 ‘O
606 2527 648 2567 δὲ
670 2525 821 2579 πλήρης
851 2523 906 2566 ὧν
938 2526 1004 2566 καὶ
1039 2527 1175 2566 δίδωσι
1206 2526 1274 2566 καὶ
1302 2524 1463 2566 δύναται
1497 2526 1646 2565 δοῦναι,
1706 2521 1896 2564 Βούλεται

358 2596 399 2636 δὲ
425 2594 553 2636 πάντα
576 2592 733 2649 άνάγειν
761 2594 825 2635 ἐπὶ
847 2591 914 2634 τόν
934 2594 1093 2645 πατέρα.
1153 2591 1314 2643 Δοξάζει
1338 2591 1412 2647 γάρ
1435 2591 1521 2640 υἱός
1540 2590 1608 2633 τὸν
1627 2591 1800 2644 πατέρα,
1831 2592 1896 2632 δο-

363 2662 461 2712 ξάζει
488 2660 510 2703 ὁ
542 2661 669 2716 πατὴρ
693 2660 760 2702 τὸν
785 2664 985 2715 μονογενῆ.
1045 2658 1142 2714 Ἐγώ
1167 2659 1240 2714 γάρ
1263 2675 1303 2701 σε
1327 2659 1492 2709 ἐδόξασα
1522 2660 1585 2701 ἐπὶ
1608 2663 1676 2711 τῆς
1696 2663 1787 2712 γῆς,
1819 2659 1895 2699 ἕλε-

359 2747 422 2784 γεν
447 2728 467 2771 ὁ
488 2729 574 2778 υῖὸς
594 2735 646 2786 τῷ
668 2732 797 2783 πατρί.
859 2729 938 2769 Καὶ
965 2726 985 2770 ὁ
1011 2726 1139 2780 πατὴρ
1171 2729 1272 2782 ἔλεγε
1304 2733 1357 2783 τῷ
1387 2729 1485 2784 υἱῷ,
1526 2724 1712 2774 Ἑδόξασά
1734 2739 1796 2776 σε,
1827 2726 1896 2767 καὶ

359 2796 476 2839 πάλιν
506 2797 668 2847 δοξάσω.
733 2794 817 2838 Οὔκ
849 2798 907 2838 ἔνι
937 2795 1010 2851 γὰρ
1046 2795 1267 2846 διάστασις,
1311 2794 1385 2836 οὐκ
1419 2796 1476 2836 ἔνι
1502 2792 1660 2846 φθόνος
1688 2792 1893 2847 θεότητος.

403 2924 433 2955 2.
459 2919 561 2956 αὐτοῦ
594 2925 682 2955 codd.
713 2933 784 2956 mss.
811 2926 946 2964 uterque.
994 2917 1104 2956 αὐτῶν
1151 2918 1263 2955 αὐτοῦ.

359 2970 441 3001 editi.
1195 2969 1225 2998 2.
1249 2965 1299 3009 τῷ
1323 2966 1498 3004 suspicatus
1521 2967 1563 2995 est
1583 2964 1691 2996 Pelav.

405 3014 482 3046 cap.
503 3013 640 3045 XXIX.
666 3030 710 3036 --
757 3012 783 3045 1.
808 3015 895 3046 Libri
915 3014 1026 3046 habent
1049 3007 1103 3046 ὑπ’
1195 3010 1226 3044 3.
1261 3009 1429 3054 αἰτήσεως
1452 3010 1518 3040 cod.
1530 3010 1657 3050 Rhediy.
