2030 3324
504 215 683 248 PANAan
712 215 795 247 Lis.
814 217 855 247 ιι.
883 217 991 249 ToM.
1014 218 1053 248 n.
1081 217 1213 248 HAEa.
1237 217 1366 248 inx.
1631 209 1702 248 701

160 307 329 349 expers,
376 294 474 334 lilius
504 308 601 334 vero
629 303 767 349 sponte
794 311 888 347 sua,
932 311 975 337 ac
1007 297 1051 336 de
1079 297 1202 337 saneti
1233 297 1391 351 spiritus
1419 295 1590 336 carentis
1625 309 1711 335 cor—

159 376 252 418 pore
276 362 478 403 voluntate
507 377 648 417 corpus
673 363 816 414 induit,
861 364 912 404 ita
942 372 1069 404 tamen
1106 372 1145 404 nt
1176 365 1413 405 immutabile
1447 370 1709 418 pernmneret.

157 431 289 485 Atque
319 431 414 470 haec
440 431 569 471 omnia
600 439 732 472 sancta
762 433 914 473 trinitas
940 434 985 472 ad
1022 433 1176 472 lnnnani
1204 433 1367 472 salutem
1401 432 1559 486 generis
1592 431 1712 472 admi-

157 499 354 540 nistravit.

273 565 471 620 Quocirca
497 582 581 608 cum
605 568 796 617 dixisset,
834 572 958 618 Quare
981 584 1036 607 me
1057 571 1322 620 dereliquisti?
1365 568 1420 608 sic
1454 568 1489 607 in
1518 568 1594 608 alio
1626 568 1710 607 lot-o
1774 569 1851 623 (ξφ,-

157 634 276 685 dixit,
319 638 405 674 Non
441 644 475 674 le
504 639 693 678 deseram.
737 652 854 688 neque
881 645 916 675 le
942 639 1210 688 derelinquam.
1279 636 1433 676 Etenim
1469 636 1594 676 tritlno
1625 650 1712 676 eor·
1731 614 1877 690 lis-bixle
1895 657 1918 683 3.

156 718 226 758 pus
255 704 291 743 in
322 704 529 759 sepulchro
556 705 686 744 iacere
711 705 864 754 debuit,
912 712 951 744 ut
983 705 1073 745 illud
1107 704 1332 744 vaticinium
1368 705 1618 759 impleretur,
1665 707 1713 742 Et
1738 691 1849 755 &¹¹3¹

152 774 281 825 filetus
305 787 385 811 sam
407 776 508 811 t'lzler
532 781 698 811 mot-letos
727 774 841 819 liber,
887 780 948 823 et,
985 776 1228 812 l’rm'eeermzc
1257 788 1312 812 me
1338 776 1511 811 dileelum
1537 782 1710 825 tanquam
1733 776 1842 803 Νύψ-

1755 812 1784 837 15
1818 812 1855 837 ιιι.

155 843 316 880 cadaver
338 843 647 888 abwn'nundnm,
686 848 762 881 tum
786 841 894 891 illud,
929 843 1014 879 Nou
1038 843 1144 880 dabis
1168 850 1337 881 sanetum
1361 850 1461 880 lnam
1487 844 1610 879 videre
1631 856 1715 880 θον-
1787 832 1831 871 ⁷⁰1

154 913 387 961 ruptionem,
436 917 472 948 ut
499 910 568 949 sub
602 909 725 948 sancti
752 909 906 949 nomine
943 924 1085 963 corpus
1107 911 1323 964 exprimat,
1368 910 1613 964 animamque
1646 910 1713 949 do-
1752 879 1853 913 Δία’
1875 880 1918 907 27.

155 984 243 1017 ceat
267 992 315 1017 ue
343 978 441 1032 apud
472 976 621 1017 inferos
655 977 807 1031 quidem
833 978 1080 1028 destitutam,
1127 979 1163 1017 in
1198 993 1295 1032 qna,
1342 993 1427 1018 cnm
1455 979 1491 1017 in
1529 973 1593 1018 itt'o
1627 978 1712 1017 loco

156 1046 424 1095 detineretur,
459 1045 518 1084 dei
543 1045 705 1085 verbum
733 1046 879 1095 inerat,
915 1053 956 1085 ιιι
980 1046 1079 1100 quod
1106 1046 1150 1086 ab
1180 1048 1367 1101 apostolis
1391 1047 1533 1087 dictum
1564 1054 1623 1086 est
1650 1060 1710 1086 re-

155 1114 237 1168 ipsa
280 1114 557 1168 perficeretur:
609 1115 843 1165 Impossibile
879 1118 974 1153 enim
1020 1122 1104 1153 erat
1142 1117 1309 1153 delinere
1343 1118 1447 1153 illam
1482 1117 1528 1154 ab
1559 1116 1705 1168 inseris.
1734 1122 1794 1146 ’Μ-
1816 1119 1844 1153 2,
1868 1119 1909 1146 ²¹-

155 1180 257 1235 Quid
282 1182 462 1236 estquod
494 1181 733 1236 impossibile
761 1183 882 1223 fuisse
911 1189 1066 1234 narrat,
1112 1183 1184 1223 nisi
1210 1184 1310 1237 quod
1336 1190 1374 1223 et
1399 1198 1503 1223 mors
1530 1190 1568 1223 ct
1592 1183 1706 1223 inseri

152 1251 255 1291 illius
280 1251 447 1291 animam
471 1251 646 1291 detinere
671 1251 898 1302 studerent,
934 1251 1019 1291 l'ieri
1046 1258 1174 1291 tamen
1202 1252 1248 1291 ol)
1275 1251 1516 1292 divinitatem
1542 1266 1618 1292 nou
1642 1266 1709 1306 po-

153 1319 227 1360 tuit
251 1327 291 1360 ιιι
316 1320 362 1360 ab
392 1320 467 1360 illis
495 1321 777 1360 coerceretur?
840 1317 919 1359 lam
944 1334 1038 1360 vero
1065 1320 1097 1360 si
1126 1320 1173 1360 ob
1199 1320 1440 1360 divinitatem
1465 1321 1584 1375 ipsam
1619 1334 1712 1360 con·

153 1388 268 1428 tineri
301 1388 427 1428 anima
456 1403 531 1429 non
559 1389 705 1442 potuit,
751 1388 907 1442 quinam
942 1402 992 1428 ex
1029 1402 1195 1443 persona
1232 1388 1446 1429 divinitatis
1482 1396 1707 1444 usurpatum

150 1456 241 1497 illud
266 1463 348 1507 est,
382 1461 483 1496 Deus
506 1472 627 1504 meus,
662 1460 752 1496 deus
773 1472 896 1503 meus,
932 1471 1050 1509 qnare
1071 1472 1126 1496 me
1148 1460 1413 1509 dereliquisti?
1472 1457 1615 1498 Restat
1638 1458 1707 1511 igi·
1731 1462 1842 1524 {¹7³¹}ss-

153 1532 216 1566 tur
240 1533 280 1565 ut
303 1539 354 1565 ex
380 1525 571 1565 humanae
594 1532 756 1565 naturae
781 1540 949 1579 persona
970 1532 1007 1565 et
1031 1526 1172 1566 affectu
1189 1527 1352 1580 quodam
1380 1526 1547 1566 humano
1568 1526 1708 1566 dictum
1776 1519 1783 1530 ’
1842 1518 1847 1525 ’

153 1593 244 1634 illud
269 1594 470 1644 videatur,
509 1601 547 1634 ut
576 1594 887 1634 incarnationem
925 1609 1000 1634 non
1036 1595 1166 1648 specie
1201 1595 1393 1634 duntaxat
1424 1595 1707 1645 adumbratam,

154 1663 222 1703 sed
251 1663 378 1717 reipsa
406 1676 577 1716 vereque
612 1661 921 1702 administratam
958 1663 1079 1703 fuisse
1113 1663 1324 1703 discamus.
1389 1662 1539 1718 Ecquid
1574 1678 1707 1718 porro,

152 1738 310 1786 praeter
332 1731 367 1770 id
390 1731 489 1785 quod
515 1745 654 1771 somno
677 1730 814 1770 mortis
841 1731 1008 1786 sopitum
1034 1732 1175 1782 fuerat,
1203 1746 1223 1771 e
1252 1739 1355 1772 terra
1379 1732 1584 1772 surrexit?
1614 1735 1711 1770 Sur-
1732 1739 1832 1799 “lg'‘“gj

151 1803 258 1839 reacic
277 1803 396 1848 enim,
441 1800 588 1854 inquit,
631 1808 785 1839 nonest
816 1802 889 1839 lzz'e.
958 1799 1154 1853 Quidnam
1192 1799 1285 1841 illud
1316 1801 1544 1841 surrexisse
1571 1801 1712 1840 dicitur
1754 1792 1759 1799 ¹
1789 1795 1796 1807 ⁷
1838 1794 1842 1800 ’

153 1867 226 1908 nisi
253 1882 418 1924 corpus,
454 1875 492 1908 et
514 1868 665 1923 quidem
694 1868 785 1908 illud
810 1868 935 1923 ipsum
967 1883 1109 1924 corpus
1137 1870 1237 1923 quod
1272 1869 1309 1909 in
1336 1869 1542 1924 sepulchro
1567 1869 1711 1909 iacuit?

151 1936 297 1977 Anima
329 1951 446 1991 porro
472 1952 558 1977 cum
585 1937 716 1978 divino
742 1937 864 1977 verbo
890 1937 1036 1992 pariter
1069 1937 1115 1978 ab
1150 1938 1286 1978 inferis
1318 1938 1496 1979 emersit.
1560 1936 1711 1979 Secun-

152 2005 239 2046 dum
269 2020 366 2060 quae
397 2005 634 2046 consociatis
660 2006 698 2046 in
729 2020 846 2046 unum
875 2007 1055 2047 omnibus
1081 2008 1293 2062 perfectam
1323 2006 1497 2048 numeris
1530 2006 1710 2047 omuibus

153 2074 486 2115 resurrectionem
512 2074 710 2129 implevit,
757 2075 891 2115 eadem
923 2075 1149 2127 divinitate,
1195 2076 1330 2116 eadem
1365 2076 1518 2127 anima,
1553 2076 1710 2116 eodem—

153 2157 227 2196 que
264 2143 514 2184 sanctissimo
553 2156 719 2198 corpore
756 2150 1027 2194 constantem,
1077 2151 1115 2184 et
1148 2151 1268 2185 totum
1300 2145 1391 2185 illud
1426 2144 1707 2184 incarnationis

152 2211 383 2266 mysterium
417 2211 455 2252 in
490 2226 602 2252 unam
629 2211 842 2266 spiritalem
872 2212 1214 2265 coniunctionem,
1258 2213 1358 2254 etin
1386 2227 1499 2253 unam
1528 2213 1707 2253 divinita-

153 2279 203 2319 tis
237 2280 548 2334 copulationem,
591 2288 707 2334 atque
735 2280 773 2320 in
800 2295 914 2321 unam
947 2281 1324 2323 administrationem
1349 2282 1707 2336 perfectionemque

153 2348 353 2388 conflavit.
417 2347 507 2402 Quo
541 2349 633 2389 illud
672 2362 692 2389 e
726 2349 872 2403 psalmo
895 2347 1032 2390 XCll.
1069 2351 1260 2406 pertinet,
1303 2355 1485 2390 Dominus
1513 2354 1701 2403 regnavit,
1723 2360 1911 2395 Psaimezh

153 2419 322 2456 decorem
347 2419 500 2456 indatus
523 2425 601 2466 est;
636 2425 676 2457 ut
699 2417 818 2458 divini
842 2418 951 2459 verbi
976 2419 1012 2459 iu
1037 2426 1163 2461 terras
1189 2421 1409 2474 ingressum
1435 2433 1455 2460 e
1477 2420 1588 2460 coelo
1611 2434 1706 2474 quo-

153 2486 240 2525 dam
273 2492 452 2525 ornatum
482 2485 625 2526 decore
648 2485 914 2540 significaret,
950 2487 1023 2528 hoc
1048 2496 1107 2529 est
1140 2502 1297 2529 carnem
1327 2489 1373 2529 de
1396 2486 1526 2529 Maria
1551 2488 1705 2542 virgine

153 2561 394 2609 susceptam.
460 2545 572 2607 Quae
596 2555 748 2609 quidem
778 2570 861 2596 cum
888 2556 1103 2597 infidelium
1139 2558 1261 2598 oculis
1288 2557 1375 2597 vilis
1410 2564 1525 2612 atque
1555 2557 1707 2597 abiecta

152 2623 379 2673 videretur,
423 2622 595 2663 divinum
631 2630 761 2664 tamen
796 2624 959 2665 verbum
999 2640 1068 2680 pro
1094 2627 1235 2666 decore
1271 2633 1309 2667 et
1346 2633 1575 2666 ornamento
1602 2626 1704 2666 illam

152 2690 311 2742 habuit,
347 2699 387 2731 ut
410 2705 455 2732 ea
481 2705 522 2731 re
554 2691 630 2732 vim
661 2705 772 2732 suam
798 2706 843 2732 ac
867 2700 1100 2747 potestatem
1125 2695 1376 2745 ostenderet,
1413 2708 1509 2749 quae
1535 2709 1604 2749 per
1634 2708 1705 2735 ex-

153 2766 302 2800 ternam
340 2760 444 2800 illam
483 2760 612 2800 carnis
645 2760 948 2802 imbecillitatem
984 2770 1148 2803 mortem
1176 2763 1372 2814 aboleret,
1419 2779 1517 2818 quae
1557 2765 1705 2820 pecc-ati

157 2828 394 2870 dominatum
423 2835 536 2882 atque
578 2828 782 2884 imperium
819 2829 1042 2882 obtinebat,
1088 2846 1132 2871 ac
1159 2831 1338 2886 quicquid
1367 2833 1412 2873 ad
1439 2834 1603 2874 salutem
1637 2849 1706 2875 ιιο-

153 2963 250 2993 quam
272 2964 387 2987 manca
408 2958 462 2986 aut
484 2958 641 2994 corrupta.
670 2956 905 2996 Corrigoiyicur
998 2954 1029 2989 4.
1057 2954 1151 2999 ὑμῶν
1176 2959 1286 2989 vitium
1319 2963 1361 2991 est
1389 2959 1436 2991 ed.
1463 2960 1574 2993 Petav.
1600 2961 1705 2992 Coton.

153 2997 281 3042 ἔχοντα,
298 2999 450 3033 τουτέστι
470 2998 526 3033 τὸν
542 2999 696 3039 ‘simron
717 3001 779 3043 τῆς
794 2999 901 3044 ἁμαρ·
949 3007 1041 3042 repet.

151 3044 226 3083 τίας
251 3043 376 3085 λύσας,
403 3043 464 3088 τήν
487 3045 598 3079 πᾶσαν
623 3050 687 3078 cett.
