2066 3319
172 974 262 1017 Κεφ.
285 971 343 1014 ξζ.

196 1927 266 1955 pag.
286 1919 345 1947 381.

361 208 439 245 514
934 208 1094 240 SANCT1
1121 209 1346 241 EP1PHAN11

365 289 430 329 Ἐν
457 292 510 344 τῷ
539 285 753 328 καθεύδειν
783 284 850 327 τόν
881 284 1174 338 οἰκοδεσπότην.
1222 284 1346 326 ’Όταν
1377 282 1451 338 γάρ
1481 282 1592 336 ἡμεῖς
1621 281 1905 336 άποκοιμηθῶ-

363 373 433 409 μεν
456 353 534 397 α’πό
566 354 732 409 ἀγαθῶν
755 354 898 407 ἔργων,
930 351 1023 393 ὅταν
1050 349 1300 405 άμελήσωμεν
1326 355 1393 404 τῆς
1417 350 1688 403 δικαιοσύνης,
1719 349 1812 392 ὅταν
1837 349 1905 392 τὸν

364 428 461 465 νοῦν
484 421 537 476 μὴ
563 419 777 476 ε’γρήγορον
802 419 1027 472 ποιήσωμεν
1049 418 1148 475 πρὸς
1179 418 1249 472 τὴν
1270 424 1340 460 τοῦ
1362 423 1462 460 θεοῦ
1487 417 1663 471 ἐντολὴν,
1696 417 1779 459 τότε
1801 432 1904 459 σπει-

366 491 521 546 ρόμεθα
550 488 596 530 τοὶ
621 486 892 543 άμαρτήματα.
951 485 1071 544 Ὁρᾷς
1103 486 1162 528 ὅτι
1195 489 1235 529 οἱ
1266 487 1446 540 θερισταὶ
1479 483 1725 539 ἑτοιμάζουσι
1752 483 1822 534 τοὶς
1847 487 1906 526 δε-

364 557 464 611 σμας
495 559 547 605 εἰς
570 555 612 598 τὸ
646 560 724 610 πῦρ
757 553 798 596 τὸ
831 553 1014 604 αἰώνιον,
1057 556 1158 610 Λέγε
1190 572 1270 608 μοι,
1303 549 1332 594 ῶ
1366 552 1511 606 Μάνη,
1542 552 1674 606 ψυχάς
1704 554 1786 594 ἐκεῖ
1817 554 1904 593 6δε-

364 624 596 678 σμεύουσιν,
628 622 654 676 ἢ
675 623 837 675 σώματα
863 621 936 663 σῦν
957 627 1067 679 ψυχῇ
1096 625 1295 671 καίουσιν,
1326 620 1352 674 ἢ
1373 622 1438 662 καὶ
1472 618 1542 668 τάς
1563 619 1716 674 ψυχάς,
1764 619 1906 661 Οὐκέτι

364 692 438 748 γάρ
471 691 706 745 σταθήσεται
746 689 769 732 ὁ
806 691 894 744 περὶ
932 694 1185 744 καθαρισμοῦ
1224 704 1296 730 σου
1335 692 1412 729 τῶν
1442 693 1583 740 ψυχῶν
1611 687 1745 743 λόγος,
1789 685 1907 729 ὁπότε

367 762 420 808 εἰς
449 762 639 814 τιμωρίαν
669 760 736 799 καὶ
767 761 894 813 κρίσιν
932 756 1295 812 παραδοθήσονται.
1354 753 1464 796 Ἀλλά
1503 755 1657 809 ἀρκέσει
1695 756 1783 809 περὶ
1819 753 1908 795 τού-

364 845 441 869 των
472 828 545 875 ἕως
579 831 656 868 τῶν
696 828 883 868 ἐνταῦθα.
951 830 1039 874 Τοῖς
1079 823 1152 880 γάρ
1193 829 1367 871 συνετοῖς
1403 825 1584 875 φαίνεται
1619 821 1666 863 τοὶ
1708 820 1806 876 ῥητοὶ
1837 825 1908 874 τῆς

365 894 564 948 ἀληθείας.

481 960 807 1014 Έπιλαμβάνεται
838 961 955 1002 πάλιν
979 961 1112 1015 ἑτέρου
1146 962 1288 1014 ῥητοῦ,
1331 960 1384 1007 εἷς
1418 959 1536 1011 μέσον
1563 958 1718 1012 φέρων,
1760 957 1826 998 καὶ
1855 954 1908 1009 μὴ

364 1034 467 1072 νοῶν
491 1029 537 1071 τά
562 1031 603 1071 ἒν
626 1027 731 1086 αύτῷ
757 1031 956 1084 ἐγκείμενοι
987 1029 1125 1082 ἑτέρως
1154 1025 1438 1081 παρερμηνεύει
1459 1031 1529 1079 τῆς
1552 1023 1828 1080 σωτηριώδους
1853 1026 1907 1065 δι-

366 1101 575 1146 δασκαλίας
606 1096 676 1150 τήν
701 1095 888 1149 δύναμιν,
931 1094 995 1136 διά
1028 1094 1069 1136 τὸ
1095 1096 1289 1149 εἰρηκέναι
1327 1093 1394 1135 τὸν
1426 1098 1582 1148 σωτῆρα
1613 1092 1691 1145 ὅτι,
1730 1090 1910 1147 ’Έρχεται

365 1163 557 1221 δ’Ἄρχων
581 1169 651 1206 τοῦ
674 1163 826 1217 κόσμου
848 1162 1011 1213 τούτου,
1052 1164 1117 1203 καὶ
1144 1164 1184 1203 ἐν
1209 1163 1297 1214 ἐμοὶ
1331 1160 1448 1202 οὐδὲν
1470 1166 1549 1201 τῶν
1579 1158 1700 1201 αὐτοῦ
1726 1158 1907 1215 εὑρίσκει·

366 1234 433 1275 καὶ
462 1231 580 1274 πάλιν
603 1230 710 1284 παρα
736 1236 788 1287 τῷ
822 1229 1025 1285 οἷποστόλῳ
1050 1228 1128 1279 ὅτι,
1171 1227 1212 1268 Ὁ
1244 1228 1339 1276 θεὸς
1373 1232 1442 1268 τοῦ
1473 1229 1616 1275 αἰῶνος
1648 1226 1790 1268 τούτου
1824 1225 1908 1268 ἐτύ-

363 1306 491 1353 φλωσε
514 1298 560 1340 τά
593 1298 769 1351 νοήματα
792 1302 871 1338 τῶν
897 1296 1092 1345 ἀπίστων,
1135 1294 1235 1350 πρὸς
1263 1294 1305 1336 τό
1332 1294 1384 1348 μὴ
1411 1293 1654 1349 καταυγάσαι
1680 1293 1748 1336 τὸν
1782 1311 1903 1346 φωτι-

365 1367 465 1421 σμόν
495 1371 564 1408 τοῦ
593 1364 815 1420 εὐαγγελίου
848 1369 918 1416 τῆς
950 1362 1078 1416 δόξης.
1136 1362 1303 1415 Ἴδωμεν
1335 1365 1487 1412 τοίνυν,
1534 1364 1599 1402 ἐἰ
1621 1361 1812 1417 ’Ἄρχοντα
1840 1367 1910 1403 τοῦ

365 1434 515 1486 κόσμου
549 1431 692 1474 τούτου
725 1433 813 1486 περὶ
842 1426 889 1473 οῦ
922 1429 945 1472 ὁ
975 1430 1111 1485 κύριος
1140 1432 1256 1486 λέγει,
1297 1430 1536 1483 βληθήσεται
1567 1427 1686 1471 κάτω.
1743 1428 1838 1471 Ἐάν
1869 1430 1910 1471 δὲ

364 1500 439 1557 ἐγώ
467 1499 649 1552 ὑψωθῶ,
682 1498 831 1547 πάντας
855 1497 1001 1539 ἑλκύσω
1028 1497 1127 1552 πρὸς
1149 1497 1328 1550 ἐμαυτόν.
1395 1500 1490 1538 Τίνα
1512 1498 1608 1551 λέγει
1621 1495 1815 1552 ’Ἄρχοντα
1837 1502 1908 1539 τοῦ

364 1567 518 1621 κόσμου
541 1566 706 1616 τούτου,
737 1568 804 1607 καὶ
832 1568 867 1607 εἰ
886 1566 954 1618 μὲν
975 1564 1042 1606 τὸν
1065 1564 1249 1618 διάβολον
1273 1566 1391 1619 λέγει,
1422 1569 1507 1613 πῶς
1530 1563 1552 1606 ὁ
1571 1563 1755 1617 Ἰωάννης
1785 1566 1826 1606 ἐν
1856 1569 1908 1622 τῷ

366 1635 574 1692 εὐαγγελίῳ
606 1635 696 1689 περὶ
720 1638 790 1675 τοῦ
823 1638 997 1688 σωτῆρος
1021 1634 1120 1688 λέγει
1145 1632 1225 1683 ὅτι,
1270 1635 1343 1681 Εἰς
1366 1630 1413 1672 τοὶ
1444 1634 1525 1673 ἴδια
1555 1627 1697 1685 ἦλθεν,-
1735 1631 1909 1688 Ὁρῶμεν

367 1702 441 1758 γάρ
475 1701 546 1751 τοὶς
578 1700 650 1743 δύο
674 1703 792 1751 λέξεις
816 1700 959 1750 ταύτας
993 1699 1224 1749 α’ντιθέτους
1259 1698 1360 1754 πρὸς
1392 1696 1565 1752 άλλήλας.
1622 1697 1665 1741 Ὁ
1696 1698 1910 1748 ἀπόστολος

368 1770 441 1826 γάρ
468 1783 588 1822 φησι,
620 1769 741 1817 “Oxos
770 1767 792 1810 o‘
815 1767 962 1821 κόσμος
985 1770 1026 1810 έν
1049 1772 1103 1825 τῷ
1122 1772 1283 1824 πονηρῷ
1307 1773 1447 1817 κεῖται,
1478 1768 1543 1808 καὶ
1567 1768 1608 1808 έν
1629 1771 1682 1824 τῷ
1699 1765 1835 1825 κόσμῳ
1865 1761 1914 1820 ἧν

367 1836 389 1879 ὁ
421 1836 561 1892 σωτήρ.
625 1840 721 1885 Πῶς
745 1834 820 1890 ἄρα
847 1838 887 1877 οἱ
909 1834 1126 1891 άμφότεροι
1150 1833 1468 1890 χωρηθήσονται,
1511 1836 1546 1875 εἰ
1576 1833 1676 1884 ὅλως
1710 1832 1732 1876 ὅ
1764 1833 1912 1888 κόσμος

373 1906 412 1946 ἒν
433 1908 488 1961 τῷ
508 1908 668 1960 πονηρῷ
691 1910 834 1954 κεῖται,
865 1908 945 1944 ποῦ
971 1903 1092 1952 τόπος
1119 1908 1171 1960 τῷ
1199 1907 1341 1957 σωτῆρι
1365 1904 1407 1943 έν
1425 1907 1480 1959 τῷ
1507 1901 1641 1959 κόσμῳ
1665 1902 1781 1952 ἐστὶν,
1814 1899 1911 1943 εἶναι

367 1970 488 2013 αὐτόν
513 1973 554 2013 ἐν
578 1976 630 2028 τῷ
649 1972 803 2028 κόσμῳ,-
845 1972 910 2012 καὶ
943 1973 978 2012 εἰ
1008 1973 1089 2012 ἰ’δια
1123 1970 1301 2026 τυγχάνει
1331 1974 1401 2011 τοῦ
1428 1972 1518 2011 υἱοῦ
1539 1974 1610 2011 τοῦ
1641 1973 1743 2011 θεοῦ
1769 1968 1816 2010 τά
1839 1973 1909 2011 τοῦ

366 2040 543 2092 κόσμου,
575 2045 688 2087 ποῖος
710 2037 865 2093 ’Ἄρχων
896 2038 1067 2094 κυριεύει
1091 2042 1166 2080 τῶν
1190 2042 1260 2080 τοῦ
1283 2041 1384 2079 θεοῦ
1407 2039 1540 2087 ἰδίων,-
1584 2038 1619 2078 εί
1640 2037 1680 2078 δὲ
1704 2034 1777 2078 οὔκ
1809 2038 1911 2078 ἔστιν

366 2109 448 2148 ἴδια
471 2111 541 2148 τοῦ
563 2108 654 2147 υἷοῦ
670 2110 737 2147 τοῦ
752 2111 852 2147 θεοῦ
870 2105 917 2147 τά
939 2108 978 2148 ἐν
1002 2111 1054 2163 τῷ
1074 2105 1223 2164 κόσμῳ,
1243 2111 1357 2154 ποῖος
1370 2104 1526 2160 ’Ἄρχων
1540 2109 1610 2146 τοῦ
1631 2105 1783 2158 κόσμου
1803 2119 1908 2146 συνε-

365 2173 480 2229 χώρει
513 2176 594 2215 ἰ’δια
628 2171 727 2215 εἶναι
754 2178 824 2214 τοῦ
856 2179 1031 2230 σωτῆρος
1054 2173 1100 2216 τά
1129 2175 1170 2216 έν
1193 2177 1247 2230 τῷ
1279 2171 1436 2230 κόσμῳ,
1478 2173 1545 2214 καὶ
1568 2174 1694 2214 εἰτοῦ
1715 2174 1806 2214 υἷοῦ
1836 2176 1906 2214 τοῦ

721 2238 732 2253 2.

366 2246 468 2283 θεοῦ
497 2240 673 2297 τυγχάνει
710 2258 729 2282 ο
763 2239 929 2294 κόσμος,
971 2247 1056 2291 πῶς
1088 2239 1296 2296 συνεχώρει
1319 2239 1501 2295 ’Ἄρχοντι
1529 2238 1597 2282 τὸν
1628 2243 1730 2282 ἰ’διον
1759 2239 1909 2293 κόσμον

367 2310 555 2362 κατέχειν,-
588 2310 682 2350 Είσὶ
705 2308 746 2349 δὲ
768 2307 909 2357 πάντες
934 2311 975 2351 οἱ
993 2308 1102 2365 λόγοι
1124 2314 1193 2362 τῆς
1217 2314 1236 2337 ²
1253 2307 1441 2361 άληθείας
1463 2313 1620 2363 γραφῆς
1651 2309 1690 2350 ἐν
1713 2311 1834 2365 σοφίᾳ
1860 2309 1909 2349 εἶ-

367 2378 546 2431 ρημένοι,
578 2375 716 2424 καθώς
739 2374 859 2425 αὐτὸς
891 2374 914 2417 ὅ
939 2376 1076 2431 κύριος
1107 2378 1216 2432 λέγει.
1268 2371 1416 2418 ῒΗλθεν
1442 2374 1633 2429 Ἰωάννης
1666 2376 1707 2417 έν
1740 2374 1823 2434 ὁδῷ
1853 2378 1907 2418 δι-

367 2443 583 2497 καιοσύνης
613 2442 666 2497 μὴ
690 2445 858 2494 ε’σθίων,
891 2443 985 2497 μήτε
1008 2447 1152 2495 πίνων,
1183 2446 1249 2486 καὶ
1272 2445 1447 2499 λέγουσι,
1479 2442 1699 2496 Δαιμόνιον
1725 2445 1813 2497 ἔχει·
1845 2439 1907 2497 ἧλ-

367 2517 441 2552 θεν
477 2509 499 2553 ὁ
524 2510 610 2560 υἷὸς
641 2516 712 2553 τοῦ
746 2509 966 2566 άνθρῶπου
1003 2513 1147 2553 ἐσθίων
1177 2513 1243 2554 καὶ
1277 2514 1422 2562 πίνων,
1463 2512 1527 2552 καὶ
1555 2511 1750 2565 λέγουσιν,
1791 2508 1908 2561 Ἰδού,

369 2576 588 2634 ἅνθρωπος
614 2576 742 2634 φάγος
774 2579 839 2620 καὶ
864 2578 1093 2632 οἰνοπότης,
1125 2582 1238 2630 φίλος
1263 2583 1439 2620 τελωνῶν
1459 2580 1525 2620 καὶ
1552 2575 1810 2633 άμαρτωλῶν,
1840 2579 1909 2619 καὶ

369 2645 589 2699 ἐδικαιώθη
621 2645 647 2700 ἦ
671 2649 794 2698 σοφία
826 2644 938 2688 3άπό
959 2651 1037 2688 τῶν
1061 2647 1208 2688 τέκνων
1232 2645 1365 2700 αὐτῆς.
1427 2651 1524 2695 Πῶς
1549 2644 1590 2688 δὲ
1620 2643 1648 2699 ἦ
1681 2647 1802 2697 σοφία
1832 2646 1909 2687 ε’δι-

368 2713 526 2767 καιώθη
552 2713 632 2755 άπὸ
658 2719 736 2755 τῶν
756 2715 901 2756 τέκνων
923 2712 1064 2767 αὐτῆς,
1108 2712 1203 2756 άλλᾶ
1228 2719 1306 2756 τῶν
1338 2713 1553 2755 συνιόντων
1583 2711 1631 2753 τοὶ
1662 2716 1730 2765 τῆς
1765 2715 1909 2765 σοφίας

369 2779 535 2834 ῥήματα,
564 2780 618 2830 ὥς
639 2783 737 2837 λέγει
763 2782 828 2823 καὶ
853 2783 894 2823 έν
912 2786 965 2838 τῷ
986 2780 1195 2840 προφήτῃ,
1233 2784 1299 2830 Τίς
1322 2779 1481 2829 συνετὸς
1504 2781 1570 2822 καὶ
1595 2778 1752 2833 συνήσει
1772 2785 1907 2830 ταῦτα,

415 2903 444 2937 6.
472 2907 652 2948 δεσμοῦσιν
678 2908 743 2939 cod.
768 2909 895 2948 Rhediy.
1163 2916 1201 2938 ne
1225 2908 1421 2946 Epiphanius
1451 2908 1606 2946 scripserit
1630 2899 1781 2948 ’Ίδωμεν
1804 2905 1908 2940 τοίνυν

419 2950 495 2981 CAP.
519 2952 652 2983 LXVII.
688 2971 731 2975 —
785 2954 809 2983 1.
834 2954 947 2992 ,‚Corr.
966 2947 1113 2995 Ἄρχων,
1160 2948 1216 2984 τὸν
1232 2946 1399 2994 ’Ἄρχοντα
1427 2971 1440 2974 -
1459 2970 1471 2974 -
1489 2950 1596 2993 λέγει,
1624 2949 1652 2984 εἰ
1678 2951 1775 2994 [wsb.
1803 2949 1907 2984 κάτω.

369 2996 415 3026 vel
446 2993 501 3028 τὸν
522 2991 725 3038 ’Ἄρχων-παῦ(
766 2999 923 3029 Pelavius.
972 2998 1120 3037 Suspicor
