2066 3319
223 641 289 667 pag.
311 633 369 659 listl-

203 1106 290 1149 Κεφ.
312 1104 370 1139 02'.

394 197 472 234 522
961 202 1122 235 SANCTI
1146 203 1370 236 EPIPHANH

391 285 668 331 τετυφλῶσθαι
691 281 780 335 περὶ
802 278 873 333 τὴν
906 283 1175 335 φιλαργυρίαν.
1237 281 1347 334 Αὕτη
1370 281 1443 336 γάρ
1468 282 1566 322 4καὶ
1589 280 1656 322 τὸν
1678 279 1830 323 Ἰούδαν
1852 281 1935 323 ἐτύ-

394 353 559 399 φλωσεν,
592 347 690 401 αῦτη
716 349 781 389 καὶ
808 346 901 396 τούς
927 348 1014 402 περὶ
1038 345 1218 390 Ἀνανίαν
1243 349 1482 399 ἀπέκτεινεν,
1514 348 1612 401 αὕτη
1640 347 1809 398 πολλοῦς
1834 348 1939 402 ἠφά-

392 430 505 457 νισεν.
572 410 703 464 Οὗτός
724 417 826 457 ἐστιν
855 413 878 456 ὅ
903 413 999 463 θεὸς
1029 421 1098 457 τοῦ
1121 418 1264 465 αἰῶνος
1283 415 1445 457 τούτου·
1487 416 1533 457 ὃν
1556 414 1809 470 αἱρησόμενοι
1841 414 1939 458 θεὸν

392 485 432 524 οἵ
465 482 671 537 ἅνθρωποι
707 482 943 537 ἐπελάβοντο
975 488 1042 536 τῆς
1078 482 1178 538 πρὸς
1211 482 1330 525 αὐτόν
1364 489 1499 536 τιμῆς,
1545 484 1609 524 καὶ
1640 482 1940 539 κατεφρόνησαν

396 555 465 592 τοῦ
490 554 651 605 κυρίου,
685 548 738 599 ὥς
756 552 875 605 λέγει,
913 555 991 592 Τοῦ
1014 551 1084 603 μὲν
1108 550 1194 600 ἕνὸς
1221 550 1443 601 ἀνθέξεται,
1485 555 1553 592 τοῦ
1581 551 1622 592 δὲ
1657 551 1790 606 ἑτέρου
1823 569 1937 593 κατα-

397 617 604 672 φρονήσει·
648 616 696 660 οὕ
729 617 904 659 δύνασθε
937 623 1020 675 θεῷ
1052 618 1252 660 δουλεύειν
1290 620 1355 660 καὶ
1388 622 1565 675 μαμωνᾷ.
1628 619 1708 659 Καὶ
1742 617 1840 676 ὁρᾷς
1870 621 1940 673 ρη-

392 691 467 734 τῶς
492 687 555 727 καὶ
580 691 718 738 σαφῶς
738 685 779 727 τό
806 691 964 741 πρᾶγμα
987 686 1316 742 ἑρμηνευόμενον,-
1350 686 1482 735 οὐδεὶς
1502 686 1574 741 γαρ
1598 688 1655 728 ἔνι
1678 687 1808 741 ἕτερος
1830 685 1939 737 θεὸς,

395 771 467 795 ουκ
489 755 528 795 ἕν
556 754 731 810 οὖρανῶ,
765 754 838 795 οὐκ
860 755 901 795 ἐν
930 772 976 812 τη
1008 759 1075 811 γῆ,
1107 752 1179 795 οὐκ
1207 756 1246 796 ἐν
1276 759 1371 795 πᾶσι
1402 757 1580 808 χωρίοις,
1612 751 1707 795 α’λλα
1733 751 1788 802 εἷς
1809 752 1939 808 πατὴρ

395 823 434 871 ἐξ
467 816 514 863 οῦ
545 839 591 862 τα
622 821 768 872 πάντα,
801 823 867 863 καὶ
897 820 952 870 εἷς
982 822 1119 877 κύριος
1147 821 1298 875 Ἰησοῦς
1324 820 1515 875 Χριστός,
1559 820 1607 863 δι’
1640 816 1688 863 οῦ
1720 839 1766 862 τα
1797 821 1940 873 πάντα,

392 908 456 931 και
484 893 530 931 ἐν
561 895 715 943 πνεῦμα
745 889 788 931 τὸ
821 890 953 944 ἅγιον,
997 891 1036 931 ἒν
1068 892 1097 946 ᾠ
1130 889 1174 931 τα
1206 889 1334 931 πάντα
1366 906 1423 930 αει
1458 884 1557 930 οῦσα
1590 887 1612 942 ἦ
1643 907 1773 943 τριας,
1816 893 1885 943 μία
1915 887 1941 943 ἦ

391 956 553 1011 θεότης,
599 959 664 999 καὶ
695 958 888 1010 μηδέποτε
927 956 1163 1011 προςθηκην
1200 956 1475 1010 λαμβάνουσα,
1518 956 1608 998 οὔτε
1639 956 1850 1013 ἀφαίρεσιν
1881 959 1940 999 ἒν-

392 1027 589 1079 δεχομένη.

491 1093 632 1147 Ἴωμεν
664 1094 704 1135 δὲ
735 1092 794 1144 ἐφ’
826 1094 935 1146 ἕτερα
964 1092 1100 1143 πάλιν,
1133 1094 1198 1133 καὶ
1224 1092 1271 1134 τα
1295 1095 1431 1134 δίκτυα
1462 1092 1604 1134 τούτου
1627 1097 1700 1134 τοῦ
1721 1091 1852 1147 θηρός
1874 1093 1942 1134 καὶ

394 1163 541 1216 ἐχθροῦ
574 1163 639 1202 καὶ
671 1163 879 1213 ἐκδικητοῦ
911 1159 1244 1212 διασπασώμεθα,
1278 1159 1492 1215 ἀγαπητοὶ,
1526 1162 1589 1202 ε’πὶ
1616 1159 1687 1214 τὴν
1709 1159 1856 1216 φράσιν
1873 1165 1943 1214 τῆς

392 1227 579 1282 ἀληθείας
606 1227 651 1270 w*
677 1227 742 1269 ὑπ’
776 1227 898 1269 αὐτοῦ
929 1227 1253 1278 ξενολεκτούμενα
1285 1229 1469 1282 φέροντες
1498 1234 1579 1276 τοῖς
1609 1229 1866 1281 βουλομένοις
1894 1222 1941 1269 τα

391 1301 459 1350 τῆς
489 1297 678 1349 ἀληθείας
708 1301 974 1348 καταμαθεῖν,
1007 1296 1070 1335 καὶ
1098 1293 1390 1349 ἀποτρέπεσθαι
1411 1295 1479 1337 τὸν
1501 1300 1598 1336 νοῦν
1627 1294 1704 1337 ἀπὸ
1729 1297 1943 1337 κακοδιδα-

392 1367 550 1412 σκαλίας
584 1363 712 1416 πάσης
750 1364 944 1417 αἱρέσεως.
1002 1361 1330 1416 Ἐπιλαμβάνεται
1366 1362 1438 1418 γαρ
1469 1367 1538 1404 τοῦ
1571 1362 1696 1417 νόμου
1728 1362 1846 1404 πάλιν
1874 1364 1943 1405 καὶ

392 1437 468 1473 τῶν
491 1436 721 1486 προφητῶν,
755 1429 896 1485 ε’χθρός
919 1429 974 1471 ὧν
992 1435 1063 1483 τῆς
1084 1428 1274 1484 α’ληθείας
1297 1432 1361 1472 καὶ
1386 1435 1456 1472 τοῦ
1477 1428 1591 1486 ἆγίου
1614 1430 1849 1484 πνεύματος,
1871 1439 1944 1473 τοῦ

392 1502 432 1541 ἐν
455 1498 563 1556 νόμῳ
600 1500 665 1540 καὶ
694 1500 734 1540 ἐν
763 1497 989 1553 προφήταις
1018 1498 1290 1551 λελαληκότος,
1334 1502 1400 1540 καί
1430 1513 1548 1552 φησι,
1596 1498 1742 1551 1φύσει
1773 1497 1943 1552 χαλάσας

391 1572 586 1623 γλῶσσαν,
631 1565 684 1615 ὥς
709 1568 773 1607 καὶ
807 1564 888 1616 ἀεὶ,
919 1565 1018 1607 κατὰ
1041 1571 1112 1607 τοῦ
1137 1571 1237 1608 θεοῦ
1257 1571 1328 1608 τοῦ
1358 1566 1598 1620 ποιήσαντος
1622 1565 1667 1608 τοὶ
1699 1565 1848 1617 πάντα,
1878 1571 1943 1607 λα-

389 1634 579 1689 λήσαντός
615 1651 654 1675 τε
693 1636 734 1675 ἐν
773 1633 881 1691 νόμῳ
914 1635 979 1675 καὶ
1011 1636 1050 1675 ἐν
1080 1634 1327 1688 προφήταις,
1371 1634 1520 1690 πατρὸς
1555 1634 1670 1683 ὄντος
1701 1639 1770 1676 τοῦ
1801 1636 1941 1689 κυρίου

393 1701 538 1756 ’ὶήμῶν
562 1702 697 1756 Ἰησοῦ
725 1706 921 1757 Χριστοῦ,
961 1703 998 1751 ἐξ
1033 1697 1080 1743 οῦ
1108 1706 1218 1744 πᾶσα
1243 1702 1386 1757 πατριὰ
1420 1705 1461 1744 ἐν
1484 1701 1640 1760 οὐρανῷ
1678 1703 1744 1744 καὶ
1776 1703 1842 1744 ε’πὶ
1871 1707 1944 1757 γῆς

391 1769 639 1823 ὀνομάζεται,
672 1773 738 1811 καί
765 1784 883 1823 φησι,
923 1768 983 1819 Ἐξ
1005 1769 1128 1811 αὐτοῦ
1156 1772 1371 1823 ἐπιθυμέει,
1403 1772 1467 1812 καὶ
1489 1772 1528 1820 ἐξ
1555 1771 1679 1812 αὐτοῦ
1705 1768 1843 1822 φόνοι,
1874 1770 1940 1811 καὶ

393 1837 439 1878 τοὶ
461 1836 557 1879 ἄλλα
590 1838 738 1879 πάντα·
779 1838 1056 1892 παρεκελεύετο
1088 1837 1159 1893 γαρ
1194 1840 1260 1880 καὶ
1299 1838 1431 1891 ἱμάτια
1463 1835 1699 1893 α’φαρπάξαι
1717 1841 1795 1878 τῶν
1818 1839 1941 1893 Αἰγυ-

393 1910 534 1956 πτίων,
568 1908 713 1954 θυσίας
742 1906 782 1947 δὲ
816 1904 922 1962 αὐτῷ
947 1907 1263 1960 προςφέρεσθαι,
1296 1908 1359 1947 καὶ
1385 1905 1431 1946 τα
1455 1904 1549 1947 ἄλλα
1569 1905 1698 1947 πάντα
1722 1904 1794 1947 ὅσα
1823 1906 1941 1961 παρέ-

392 1991 447 2027 χει
471 1972 611 2026 νόμος·
645 1972 829 2024 φονεύειν
853 1974 894 2014 δὲ
922 1972 989 2014 τὸν
1015 1972 1258 2025 φονεύοντα,
1292 1972 1346 2022 ῶς
1366 1975 1501 2027 μηκέτι
1525 1973 1735 2029 ἀρκεῖσθαι
1764 1977 1818 2031 τῷ
1836 1972 1941 2029 πρώ-

393 2059 445 2099 τῳ
479 2040 614 2098 φόνῳ,
656 2037 749 2082 ἄλλα
789 2042 853 2081 καὶ
885 2040 1066 2093 δεύτερον
1092 2040 1342 2096 ἐργάζεσθαι,
1387 2044 1511 2097 δῆθεν
1537 2044 1786 2090 ἐκδικοῦντος
1817 2041 1942 2083 αὐτοῦ

394 2108 461 2150 τόν
483 2113 639 2164 πρῶτον
660 2107 807 2160 φόνον,
841 2108 1041 2161 ἐμβάλλειν
1071 2126 1108 2150 τε
1132 2111 1348 2162 ἐπιθυμίας
1379 2111 1433 2158 εἰς
1462 2108 1531 2158 τας
1562 2112 1739 2158 διανοίας
1767 2113 1846 2151 τῶν
1877 2107 1943 2150 ἇν-

393 2177 584 2230 θρώπων,
622 2177 711 2217 3καὶ
736 2177 959 2231 γλιχομένας
982 2181 1192 2231 γυναικῶν,
1224 2179 1291 2218 καὶ
1313 2182 1389 2219 τῶν
1408 2176 1532 2218 ἄλλων
1550 2175 1805 2232 πραγμάτων.
1843 2174 1942 2231 Ἐχε-

392 2243 535 2297 θύμως
558 2245 618 2295 δὲ,
651 2245 770 2297 φησὶ,
803 2244 912 2299 ὀλίγα
937 2246 1024 2298 περὶ
1047 2249 1117 2285 τοῦ
1141 2248 1315 2299 Χριστοῦ
1337 2244 1652 2299 προεφήτευσεν,
1685 2247 1752 2286 ἵνα
1775 2243 1841 2286 διά
1862 2249 1943 2286 τῶν

393 2311 533 2367 ὀλίγων
564 2311 826 2369 πιστοποιήσῃ
860 2311 1192 2366 πιθανολογήσας.
1257 2314 1337 2353 Καὶ
1370 2317 1492 2354 ταῦτα
1527 2307 1576 2365 ἧν
1607 2311 1654 2353 τοὶ
1686 2311 1841 2367 ῥήματα
1871 2316 1942 2354 τοῦ

393 2385 588 2435 τολμηροῦ
614 2378 763 2432 Μάνη,
797 2378 820 2419 ἃ
854 2378 952 2420 κατα
983 2384 1052 2420 τοῦ
1078 2381 1182 2421 ἰδίου
1214 2379 1408 2422 δεσπότου
1433 2379 1747 2435 ἀθυρογλώττως
1774 2380 1942 2435 φθέγγε-

392 2466 465 2489 ται.
529 2447 788 2500 Κατανοήσας
812 2447 855 2488 δέ
878 2464 934 2494 τις
958 2449 1034 2487 ἰ’δοι
1058 2448 1179 2499 μηδὲν
1200 2450 1329 2504 ἕτερον
1354 2449 1395 2490 ἒν
1416 2447 1540 2532 τούτφ
1572 2445 1829 2500 φαινόμενον,
1860 2446 1934 2490 ἄλλ’

395 2514 421 2567 ἢ
453 2521 730 2569 φρενιτιῶντος
764 2517 868 2569 ε’.ργα
926 2512 994 2562 Ὡς
1029 2513 1100 2594 γιὶρ
1137 2513 1159 2556 ό
1190 2515 1259 2568 τήν
1293 2522 1468 2571 φρενῖτιν
1506 2517 1603 2569 ε’χων
1623 2514 1818 2569 μάχαιραν
1847 2512 1941 2556 καθ’

394 2584 535 2625 ἑαυτοῦ
561 2581 772 2633 ὁπλίζεται,
816 2583 883 2623 καὶ
905 2580 969 2623 δια
993 2580 1063 2634 τήν
1095 2583 1309 2635 ἐπιληψίαν
1345 2601 1414 2632 τας
1437 2585 1580 2624 ἑαυτοῦ
1614 2598 1762 2638 σαρκας
1791 2583 1941 2635 τέμνων

394 2654 534 2703 νομίζει
563 2649 732 2706 ἐχθρους
754 2649 1005 2703 αμύνασθαι,
1036 2650 1102 2690 καὶ
1127 2648 1201 2691 οὐκ
1222 2649 1342 2701 οἶδεν,
1373 2650 1477 2692 οὕτω
1498 2652 1566 2692 καὶ
1589 2652 1707 2699 οὗτος
1734 2647 1826 2691 καθ’
1853 2667 1941 2691 εαυ-

393 2723 464 2759 τοῦ
494 2721 745 2769 διοπλίζεται,
777 2717 830 2770 μή
861 2722 964 2758 νοῶν
995 2734 1063 2765 τας
1092 2718 1208 2767 λέξεις
1239 2717 1285 2766 ἃς
1315 2717 1407 2760 καθ’
1438 2720 1582 2760 ἑαυτοῦ
1610 2717 1822 2769 ἐφέλκεται.
1888 2719 1945 2758 Εἰ

396 2784 468 2839 γαρ
492 2787 530 2835 ἐξ
554 2784 677 2828 αὐτοῦ
707 2784 733 2839 ή
764 2787 978 2837 ἐπιθυμία,
1010 2787 1077 2826 καὶ
1102 2786 1317 2838 ἐπιθυμίας
1341 2788 1503 2841 ἐνεργεῖ,
1534 2790 1621 2834 πῶς
1642 2783 1723 2826 ἅνω
1743 2786 1811 2827 καὶ
1833 2783 1941 2827 κάτω

439 2953 468 2986 4.
495 2955 553 2988 καὶ
576 2966 634 2986 om.
661 2958 707 2988 ed.
736 2959 839 2989 Petav.
870 2958 973 2988 Colon.
999 2958 1135 2996 repetita.

440 3000 517 3031 CAP.
540 3001 663 3032 LXXI.
685 3020 728 3025 —-
775 3002 804 3034 1.
829 2998 930 3043 φύσει
954 3011 1013 3033 om.
1030 3003 1077 3033 ed.
1101 3003 1208 3033 Pelav.
