<?xml version="1.0" encoding="UTF-8"?>
<!DOCTYPE html PUBLIC "-//W3C//DTD XHTML 1.0 Transitional//EN"
    "http://www.w3.org/TR/xhtml1/DTD/xhtml1-transitional.dtd">
<html xmlns="http://www.w3.org/1999/xhtml" xml:lang="en" lang="en">
 <head>
  <title>
</title>
<meta http-equiv="Content-Type" content="text/html;charset=utf-8" />
  <meta name='ocr-system' content='tesseract 3.04.00' />
  <meta name='ocr-capabilities' content='ocr_page ocr_carea ocr_par ocr_line ocrx_word'/>
</head>
<body>
  <div class='ocr_page' id='page_1' title='image "./p2corporishaereseo02epipuoft/p2corporishaereseo02epipuoft_0126.png"; bbox 0 0 2066 3319; ppageno 0'>
   <div class='ocr_carea' id='block_1_1' title="bbox 157 1662 328 1755">
    <p class='ocr_par' dir='ltr' id='par_1_1' title="bbox 157 1662 328 1755">
     <span class='ocr_line' id='line_1_1' title="bbox 182 1662 326 1698; baseline -0.007 -9"><span class='ocrx_word' id='word_1_1' title='bbox 182 1671 248 1698; x_wconf 71' lang='lat' dir='ltr'><em>pag.</em></span> <span class='ocrx_word' id='word_1_2' title='bbox 267 1662 326 1691; x_wconf 68' lang='lat'><em>45⁴.</em></span> 
     </span>
     <span class='ocr_line' id='line_1_2' title="bbox 157 1707 328 1755; baseline 0 -12"><span class='ocrx_word' id='word_1_3' title='bbox 157 1709 244 1752; x_wconf 72' lang='grc' dir='ltr'><em>Κεφ.</em></span> <span class='ocrx_word' id='word_1_4' title='bbox 268 1707 328 1755; x_wconf 59' lang='grc' dir='ltr'><em>’1.βῖ</em></span> 
     </span>
    </p>
   </div>
   <div class='ocr_carea' id='block_1_2' title="bbox 340 191 1296 232">
    <p class='ocr_par' dir='ltr' id='par_1_2' title="bbox 340 191 1296 232">
     <span class='ocr_line' id='line_1_3' title="bbox 340 191 1296 232; baseline -0.005 0"><span class='ocrx_word' id='word_1_5' title='bbox 340 191 418 232; x_wconf 91' lang='grc'><em>104</em></span> <span class='ocrx_word' id='word_1_6' title='bbox 894 195 1053 228; x_wconf 72' lang='lat' dir='ltr'><strong>sANch</strong></span> <span class='ocrx_word' id='word_1_7' title='bbox 1075 197 1296 228; x_wconf 72' lang='lat' dir='ltr'><strong>EPIPHANH</strong></span> 
     </span>
    </p>
   </div>
   <div class='ocr_carea' id='block_1_3' title="bbox 338 270 1865 1614">
    <p class='ocr_par' dir='ltr' id='par_1_3' title="bbox 338 270 1865 1614">
     <span class='ocr_line' id='line_1_4' title="bbox 338 270 1856 331; baseline -0.003 -14"><span class='ocrx_word' id='word_1_8' title='bbox 338 281 483 331; x_wconf 79' lang='grc' dir='ltr'>σεαυτῷ</span> <span class='ocrx_word' id='word_1_9' title='bbox 513 273 607 316; x_wconf 77' lang='grc' dir='ltr'><em>ἑπτά</em></span> <span class='ocrx_word' id='word_1_10' title='bbox 639 271 858 326; x_wconf 77' lang='grc' dir='ltr'><em>ἑβδομάδας</em></span> <span class='ocrx_word' id='word_1_11' title='bbox 888 270 952 313; x_wconf 69' lang='grc' dir='ltr'><em>ἀπ’</em></span> <span class='ocrx_word' id='word_1_12' title='bbox 982 271 1098 326; x_wconf 70' lang='grc' dir='ltr'><em>ἀρχῆς</em></span> <span class='ocrx_word' id='word_1_13' title='bbox 1126 272 1364 328; x_wconf 92' lang='grc' dir='ltr'><em>δράγματος,</em></span> <span class='ocrx_word' id='word_1_14' title='bbox 1403 275 1474 314; x_wconf 86' lang='grc' dir='ltr'><em>τοῦ</em></span> <span class='ocrx_word' id='word_1_15' title='bbox 1504 274 1632 325; x_wconf 85' lang='grc' dir='ltr'><em>βαλεῖν</em></span> <span class='ocrx_word' id='word_1_16' title='bbox 1662 271 1856 324; x_wconf 87' lang='grc' dir='ltr'><em>δρέπανον</em></span> 
     </span>
     <span class='ocr_line' id='line_1_5' title="bbox 339 338 1856 398; baseline -0.004 -13"><span class='ocrx_word' id='word_1_17' title='bbox 339 342 396 386; x_wconf 79' lang='grc' dir='ltr'><em>ἐπ’</em></span> <span class='ocrx_word' id='word_1_18' title='bbox 421 341 568 398; x_wconf 83' lang='grc' dir='ltr'><em>άμητῷ,</em></span> <span class='ocrx_word' id='word_1_19' title='bbox 599 341 664 381; x_wconf 87' lang='grc' dir='ltr'><em>καὶ</em></span> <span class='ocrx_word' id='word_1_20' title='bbox 689 342 889 398; x_wconf 79' lang='grc' dir='ltr'><em>2ποιήσῃς</em></span> <span class='ocrx_word' id='word_1_21' title='bbox 912 339 1082 393; x_wconf 78' lang='grc' dir='ltr'><em>ἑβδόμην</em></span> <span class='ocrx_word' id='word_1_22' title='bbox 1106 339 1303 393; x_wconf 77' lang='grc' dir='ltr'><em>ἑβδομάδα</em></span> <span class='ocrx_word' id='word_1_23' title='bbox 1323 338 1469 394; x_wconf 71' lang='grc' dir='ltr'><em>ἡμέραν</em></span> <span class='ocrx_word' id='word_1_24' title='bbox 1492 338 1604 394; x_wconf 84' lang='grc' dir='ltr'><em>άγίαν</em></span> <span class='ocrx_word' id='word_1_25' title='bbox 1625 341 1760 394; x_wconf 81' lang='grc' dir='ltr'><em>κυρίῳ,</em></span> <span class='ocrx_word' id='word_1_26' title='bbox 1791 352 1856 391; x_wconf 87' lang='grc' dir='ltr'><em>ση-</em></span> 
     </span>
     <span class='ocr_line' id='line_1_6' title="bbox 338 405 1857 464; baseline -0.003 -13"><span class='ocrx_word' id='word_1_27' title='bbox 338 413 484 464; x_wconf 88' lang='grc' dir='ltr'><em>μαίνων</em></span> <span class='ocrx_word' id='word_1_28' title='bbox 507 409 596 463; x_wconf 88' lang='grc' dir='ltr'><em>περὶ</em></span> <span class='ocrx_word' id='word_1_29' title='bbox 621 412 903 461; x_wconf 85' lang='grc' dir='ltr'><em>Πεντηκοστῆς.</em></span> <span class='ocrx_word' id='word_1_30' title='bbox 963 406 1077 448; x_wconf 81' lang='grc' dir='ltr'><em>Μετά</em></span> <span class='ocrx_word' id='word_1_31' title='bbox 1099 405 1170 462; x_wconf 80' lang='grc' dir='ltr'><em>γάρ</em></span> <span class='ocrx_word' id='word_1_32' title='bbox 1191 407 1233 449; x_wconf 81' lang='grc' dir='ltr'><em>τὸ</em></span> <span class='ocrx_word' id='word_1_33' title='bbox 1258 413 1381 450; x_wconf 83' lang='grc' dir='ltr'><em>θῦσαι</em></span> <span class='ocrx_word' id='word_1_34' title='bbox 1399 407 1442 450; x_wconf 78' lang='grc' dir='ltr'><em>τὸ</em></span> <span class='ocrx_word' id='word_1_35' title='bbox 1470 406 1606 459; x_wconf 83' lang='grc' dir='ltr'><em>Πάσχα</em></span> <span class='ocrx_word' id='word_1_36' title='bbox 1630 407 1717 447; x_wconf 77' lang='grc' dir='ltr'><em>εἴσω</em></span> <span class='ocrx_word' id='word_1_37' title='bbox 1741 409 1857 460; x_wconf 84' lang='grc' dir='ltr'>τριῶν</span> 
     </span>
     <span class='ocr_line' id='line_1_7' title="bbox 338 471 1856 532; baseline -0.004 -13"><span class='ocrx_word' id='word_1_38' title='bbox 338 476 514 532; x_wconf 74' lang='grc' dir='ltr'><em>ἡμερῶν,</em></span> <span class='ocrx_word' id='word_1_39' title='bbox 554 477 723 518; x_wconf 82' lang='grc' dir='ltr'><strong><em>τουτέστι</em></strong></span> <span class='ocrx_word' id='word_1_40' title='bbox 753 473 846 528; x_wconf 80' lang='grc' dir='ltr'><em>μετά</em></span> <span class='ocrx_word' id='word_1_41' title='bbox 882 480 983 529; x_wconf 81' lang='grc' dir='ltr'><em>τρεῖς</em></span> <span class='ocrx_word' id='word_1_42' title='bbox 1017 473 1162 529; x_wconf 73' lang='grc' dir='ltr'><em>ἡμέρας</em></span> <span class='ocrx_word' id='word_1_43' title='bbox 1191 480 1259 516; x_wconf 91' lang='grc' dir='ltr'><em>τοῦ</em></span> <span class='ocrx_word' id='word_1_44' title='bbox 1297 474 1519 529; x_wconf 80' lang='grc' dir='ltr'><em>προβάτου,</em></span> <span class='ocrx_word' id='word_1_45' title='bbox 1560 474 1785 528; x_wconf 87' lang='grc' dir='ltr'><em>προςέταττε</em></span> <span class='ocrx_word' id='word_1_46' title='bbox 1813 471 1856 514; x_wconf 83' lang='grc' dir='ltr'>τὸ</span> 
     </span>
     <span class='ocr_line' id='line_1_8' title="bbox 339 539 1858 600; baseline -0.003 -14"><span class='ocrx_word' id='word_1_47' title='bbox 339 544 492 600; x_wconf 78' lang='grc' dir='ltr'><em>δράγμα</em></span> <span class='ocrx_word' id='word_1_48' title='bbox 517 545 780 598; x_wconf 85' lang='grc' dir='ltr'><em>εἰςφέρεσθαι·</em></span> <span class='ocrx_word' id='word_1_49' title='bbox 811 545 875 584; x_wconf 74' lang='grc' dir='ltr'><em>ἵνα</em></span> <span class='ocrx_word' id='word_1_50' title='bbox 906 541 1059 599; x_wconf 77' lang='grc' dir='ltr'><em>σημάνῃ</em></span> <span class='ocrx_word' id='word_1_51' title='bbox 1086 541 1127 583; x_wconf 87' lang='grc' dir='ltr'>τὸ</span> <span class='ocrx_word' id='word_1_52' title='bbox 1153 540 1407 596; x_wconf 78' lang='grc' dir='ltr'><em>εὖλογημένον</em></span> <span class='ocrx_word' id='word_1_53' title='bbox 1437 541 1591 597; x_wconf 87' lang='grc' dir='ltr'><em>δράγμα</em></span> <span class='ocrx_word' id='word_1_54' title='bbox 1617 539 1858 595; x_wconf 79' lang='grc' dir='ltr'><em>ἐγειρόμενον</em></span> 
     </span>
     <span class='ocr_line' id='line_1_9' title="bbox 340 607 1857 665; baseline -0.003 -11"><span class='ocrx_word' id='word_1_55' title='bbox 340 615 382 655; x_wconf 79' lang='grc' dir='ltr'><em>ἐκ</em></span> <span class='ocrx_word' id='word_1_56' title='bbox 404 617 482 654; x_wconf 82' lang='grc' dir='ltr'><em>τῶν</em></span> <span class='ocrx_word' id='word_1_57' title='bbox 501 616 649 665; x_wconf 82' lang='grc' dir='ltr'><em>νεκρῶν</em></span> <span class='ocrx_word' id='word_1_58' title='bbox 670 609 763 664; x_wconf 79' lang='grc' dir='ltr'><em>μετά</em></span> <span class='ocrx_word' id='word_1_59' title='bbox 784 613 913 664; x_wconf 82' lang='grc' dir='ltr'><em>τρίτην</em></span> <span class='ocrx_word' id='word_1_60' title='bbox 937 608 1105 665; x_wconf 80' lang='grc' dir='ltr'><em>ἡμέραν,</em></span> <span class='ocrx_word' id='word_1_61' title='bbox 1135 614 1202 662; x_wconf 85' lang='grc' dir='ltr'><em>τῆς</em></span> <span class='ocrx_word' id='word_1_62' title='bbox 1226 615 1295 664; x_wconf 84' lang='grc' dir='ltr'><em>γῆς</em></span> <span class='ocrx_word' id='word_1_63' title='bbox 1315 609 1408 651; x_wconf 74' lang='grc' dir='ltr'><em>αὐτό</em></span> <span class='ocrx_word' id='word_1_64' title='bbox 1439 607 1757 665; x_wconf 82' lang='grc' dir='ltr'><em>προςφερούσης,</em></span> <span class='ocrx_word' id='word_1_65' title='bbox 1788 608 1857 649; x_wconf 84' lang='grc' dir='ltr'><em>καὶ</em></span> 
     </span>
     <span class='ocr_line' id='line_1_10' title="bbox 340 674 1859 735; baseline -0.005 -13"><span class='ocrx_word' id='word_1_66' title='bbox 340 679 461 728; x_wconf 69' lang='grc' dir='ltr'><em>αὐτοῦ</em></span> <span class='ocrx_word' id='word_1_67' title='bbox 489 678 581 722; x_wconf 72' lang='grc' dir='ltr'><em>αὐτὸ</em></span> <span class='ocrx_word' id='word_1_68' title='bbox 604 679 720 721; x_wconf 89' lang='grc' dir='ltr'><em>πάλιν</em></span> <span class='ocrx_word' id='word_1_69' title='bbox 743 679 1000 732; x_wconf 78' lang='grc' dir='ltr'><em>κομιζομένου</em></span> <span class='ocrx_word' id='word_1_70' title='bbox 1033 675 1097 718; x_wconf 70' lang='grc' dir='ltr'><em>ἀπ’</em></span> <span class='ocrx_word' id='word_1_71' title='bbox 1120 675 1239 730; x_wconf 72' lang='grc' dir='ltr'><em>αὐτῆς</em></span> <span class='ocrx_word' id='word_1_72' title='bbox 1263 679 1302 718; x_wconf 84' lang='grc' dir='ltr'><em>έν</em></span> <span class='ocrx_word' id='word_1_73' title='bbox 1321 683 1367 735; x_wconf 80' lang='grc' dir='ltr'><em>τῇ</em></span> <span class='ocrx_word' id='word_1_74' title='bbox 1391 676 1595 719; x_wconf 70' lang='grc' dir='ltr'><em>ἀναστάσει</em></span> <span class='ocrx_word' id='word_1_75' title='bbox 1614 681 1683 718; x_wconf 85' lang='grc' dir='ltr'><em>τοῦ</em></span> <span class='ocrx_word' id='word_1_76' title='bbox 1710 674 1859 728; x_wconf 82' lang='grc' dir='ltr'><em>μνήμα-</em></span> 
     </span>
     <span class='ocr_line' id='line_1_11' title="bbox 338 740 1860 800; baseline -0.004 -10"><span class='ocrx_word' id='word_1_77' title='bbox 338 766 425 799; x_wconf 83' lang='grc' dir='ltr'><em>τος,</em></span> <span class='ocrx_word' id='word_1_78' title='bbox 456 749 523 789; x_wconf 82' lang='grc' dir='ltr'><em>καὶ</em></span> <span class='ocrx_word' id='word_1_79' title='bbox 549 749 733 800; x_wconf 84' lang='grc' dir='ltr'><em>μένοντος</em></span> <span class='ocrx_word' id='word_1_80' title='bbox 759 745 832 788; x_wconf 77' lang='grc' dir='ltr'><em>σῦν</em></span> <span class='ocrx_word' id='word_1_81' title='bbox 853 740 934 794; x_wconf 85' lang='grc' dir='ltr'><em>τοῖς</em></span> <span class='ocrx_word' id='word_1_82' title='bbox 963 751 1159 798; x_wconf 81' lang='grc' dir='ltr'><em>μαθηταῖς</em></span> <span class='ocrx_word' id='word_1_83' title='bbox 1186 745 1471 798; x_wconf 83' lang='grc' dir='ltr'><em>τεσσαράκοντα</em></span> <span class='ocrx_word' id='word_1_84' title='bbox 1501 743 1668 798; x_wconf 73' lang='grc' dir='ltr'><em>ἡμέρας,</em></span> <span class='ocrx_word' id='word_1_85' title='bbox 1701 744 1767 784; x_wconf 85' lang='grc' dir='ltr'><em>καὶ</em></span> <span class='ocrx_word' id='word_1_86' title='bbox 1797 743 1860 784; x_wconf 79' lang='grc' dir='ltr'><em>ἐπὶ</em></span> 
     </span>
     <span class='ocr_line' id='line_1_12' title="bbox 339 811 1860 873; baseline -0.004 -16"><span class='ocrx_word' id='word_1_87' title='bbox 339 821 392 873; x_wconf 82' lang='grc' dir='ltr'><em>τῷ</em></span> <span class='ocrx_word' id='word_1_88' title='bbox 425 817 518 857; x_wconf 90' lang='grc' dir='ltr'><em>τέλει</em></span> <span class='ocrx_word' id='word_1_89' title='bbox 546 821 614 869; x_wconf 83' lang='grc' dir='ltr'><em>τῆς</em></span> <span class='ocrx_word' id='word_1_90' title='bbox 642 819 902 868; x_wconf 83' lang='grc' dir='ltr'><em>πεντηκοστῆς</em></span> <span class='ocrx_word' id='word_1_91' title='bbox 929 814 1172 867; x_wconf 85' lang='grc' dir='ltr'><em>εἰςφέροντος</em></span> <span class='ocrx_word' id='word_1_92' title='bbox 1202 811 1296 854; x_wconf 81' lang='grc' dir='ltr'><em>αὕτὸ</em></span> <span class='ocrx_word' id='word_1_93' title='bbox 1328 815 1380 861; x_wconf 85' lang='grc' dir='ltr'><em>εἰς</em></span> <span class='ocrx_word' id='word_1_94' title='bbox 1404 812 1451 853; x_wconf 77' lang='grc' dir='ltr'><em>τά</em></span> <span class='ocrx_word' id='word_1_95' title='bbox 1477 812 1691 866; x_wconf 77' lang='grc' dir='ltr'><em>ἐπουράνια</em></span> <span class='ocrx_word' id='word_1_96' title='bbox 1711 815 1766 868; x_wconf 77' lang='grc' dir='ltr'><em>τῷ</em></span> <span class='ocrx_word' id='word_1_97' title='bbox 1789 828 1860 851; x_wconf 90' lang='grc' dir='ltr'><em>πα-</em></span> 
     </span>
     <span class='ocr_line' id='line_1_13' title="bbox 340 876 1858 938; baseline -0.004 -12"><span class='ocrx_word' id='word_1_98' title='bbox 340 885 401 938; x_wconf 85' lang='grc' dir='ltr'><em>τρὶ</em></span> <span class='ocrx_word' id='word_1_99' title='bbox 424 883 467 926; x_wconf 76' lang='grc' dir='ltr'><em>τὸ</em></span> <span class='ocrx_word' id='word_1_100' title='bbox 495 883 744 938; x_wconf 83' lang='grc' dir='ltr'><em>πρωτότοκον</em></span> <span class='ocrx_word' id='word_1_101' title='bbox 767 887 844 923; x_wconf 77' lang='grc' dir='ltr'><em>τῶν</em></span> <span class='ocrx_word' id='word_1_102' title='bbox 866 881 1147 936; x_wconf 81' lang='grc' dir='ltr'><em>πρωτοτόκων,</em></span> <span class='ocrx_word' id='word_1_103' title='bbox 1177 878 1202 934; x_wconf 65' lang='grc' dir='ltr'><em>’ἡ</em></span> <span class='ocrx_word' id='word_1_104' title='bbox 1226 879 1378 935; x_wconf 79' lang='grc' dir='ltr'><em>άπαρχή</em></span> <span class='ocrx_word' id='word_1_105' title='bbox 1398 878 1424 933; x_wconf 77' lang='grc' dir='ltr'><em>ἦ</em></span> <span class='ocrx_word' id='word_1_106' title='bbox 1446 879 1555 935; x_wconf 84' lang='grc' dir='ltr'><em>άγία,</em></span> <span class='ocrx_word' id='word_1_107' title='bbox 1585 878 1628 921; x_wconf 79' lang='grc' dir='ltr'><em>τὸ</em></span> <span class='ocrx_word' id='word_1_108' title='bbox 1654 877 1806 933; x_wconf 88' lang='grc' dir='ltr'><em>δράγμα</em></span> <span class='ocrx_word' id='word_1_109' title='bbox 1836 876 1858 920; x_wconf 78' lang='grc' dir='ltr'>ὃ</span> 
     </span>
     <span class='ocr_line' id='line_1_14' title="bbox 341 946 1861 1006; baseline -0.004 -13"><span class='ocrx_word' id='word_1_110' title='bbox 341 951 526 1006; x_wconf 74' lang='grc' dir='ltr'><em>ἐδράξατο</em></span> <span class='ocrx_word' id='word_1_111' title='bbox 550 950 625 992; x_wconf 79' lang='grc' dir='ltr'><em>άπὸ</em></span> <span class='ocrx_word' id='word_1_112' title='bbox 649 953 832 1006; x_wconf 87' lang='grc' dir='ltr'><em>Μαρίας,</em></span> <span class='ocrx_word' id='word_1_113' title='bbox 862 948 888 1003; x_wconf 75' lang='grc' dir='ltr'>ἡ</span> <span class='ocrx_word' id='word_1_114' title='bbox 911 948 1186 1004; x_wconf 82' lang='grc' dir='ltr'><em>άγκαλισθεῖσα</em></span> <span class='ocrx_word' id='word_1_115' title='bbox 1209 950 1247 989; x_wconf 84' lang='grc' dir='ltr'><em>ἐν</em></span> <span class='ocrx_word' id='word_1_116' title='bbox 1268 953 1364 1006; x_wconf 77' lang='grc' dir='ltr'><em>θεῷ,</em></span> <span class='ocrx_word' id='word_1_117' title='bbox 1397 946 1419 989; x_wconf 80' lang='grc' dir='ltr'>ὁ</span> <span class='ocrx_word' id='word_1_118' title='bbox 1439 946 1588 1002; x_wconf 78' lang='grc' dir='ltr'><em>καρπὸς</em></span> <span class='ocrx_word' id='word_1_119' title='bbox 1610 952 1678 999; x_wconf 83' lang='grc' dir='ltr'><em>τῆς</em></span> <span class='ocrx_word' id='word_1_120' title='bbox 1698 949 1861 996; x_wconf 80' lang='grc' dir='ltr'><em>κοιλίας,</em></span> 
     </span>
     <span class='ocr_line' id='line_1_15' title="bbox 340 1012 1860 1073; baseline -0.005 -12"><span class='ocrx_word' id='word_1_121' title='bbox 340 1018 366 1073; x_wconf 75' lang='grc' dir='ltr'>ἡ</span> <span class='ocrx_word' id='word_1_122' title='bbox 388 1018 539 1073; x_wconf 76' lang='grc' dir='ltr'><em>άπαρχή</em></span> <span class='ocrx_word' id='word_1_123' title='bbox 560 1024 627 1072; x_wconf 83' lang='grc' dir='ltr'><em>τῆς</em></span> <span class='ocrx_word' id='word_1_124' title='bbox 651 1018 741 1060; x_wconf 72' lang='grc' dir='ltr'><em>ἅλω.</em></span> <span class='ocrx_word' id='word_1_125' title='bbox 784 1016 925 1059; x_wconf 76' lang='grc' dir='ltr'><em>Οὐκέτι</em></span> <span class='ocrx_word' id='word_1_126' title='bbox 946 1016 1018 1072; x_wconf 81' lang='grc' dir='ltr'><em>γάρ</em></span> <span class='ocrx_word' id='word_1_127' title='bbox 1042 1015 1134 1069; x_wconf 80' lang='grc' dir='ltr'><em>μετά</em></span> <span class='ocrx_word' id='word_1_128' title='bbox 1158 1014 1432 1070; x_wconf 76' lang='grc' dir='ltr'><em>Πεντηκοστήν</em></span> <span class='ocrx_word' id='word_1_129' title='bbox 1453 1014 1494 1056; x_wconf 77' lang='grc' dir='ltr'><em>τὸ</em></span> <span class='ocrx_word' id='word_1_130' title='bbox 1520 1015 1714 1070; x_wconf 86' lang='grc' dir='ltr'><em>δρέπανον</em></span> <span class='ocrx_word' id='word_1_131' title='bbox 1737 1012 1860 1068; x_wconf 75' lang='grc' dir='ltr'><em>ἄπαρ-</em></span> 
     </span>
     <span class='ocr_line' id='line_1_16' title="bbox 340 1079 1861 1144; baseline -0.005 -15"><span class='ocrx_word' id='word_1_132' title='bbox 340 1087 413 1141; x_wconf 79' lang='grc' dir='ltr'><em>χήν</em></span> <span class='ocrx_word' id='word_1_133' title='bbox 433 1092 515 1144; x_wconf 80' lang='grc' dir='ltr'><em>θεῷ</em></span> <span class='ocrx_word' id='word_1_134' title='bbox 541 1087 759 1141; x_wconf 82' lang='grc' dir='ltr'><em>προςφέρει.</em></span> <span class='ocrx_word' id='word_1_135' title='bbox 823 1084 960 1126; x_wconf 76' lang='grc' dir='ltr'><em>Οὐκέτι</em></span> <span class='ocrx_word' id='word_1_136' title='bbox 990 1084 1063 1140; x_wconf 80' lang='grc' dir='ltr'><em>γάρ</em></span> <span class='ocrx_word' id='word_1_137' title='bbox 1093 1082 1262 1138; x_wconf 80' lang='grc' dir='ltr'><em>Χριστός</em></span> <span class='ocrx_word' id='word_1_138' title='bbox 1293 1082 1557 1136; x_wconf 67' lang='grc' dir='ltr'><em>ἀποθνήσκει,</em></span> <span class='ocrx_word' id='word_1_139' title='bbox 1587 1082 1761 1130; x_wconf 88' lang='grc' dir='ltr'><em>θάνατος</em></span> <span class='ocrx_word' id='word_1_140' title='bbox 1795 1079 1861 1122; x_wconf 82' lang='grc' dir='ltr'><em>αὕ-</em></span> 
     </span>
     <span class='ocr_line' id='line_1_17' title="bbox 342 1149 1860 1209; baseline -0.005 -12"><span class='ocrx_word' id='word_1_141' title='bbox 342 1160 411 1197; x_wconf 89' lang='grc' dir='ltr'><em>τοῦ</em></span> <span class='ocrx_word' id='word_1_142' title='bbox 438 1153 566 1197; x_wconf 72' lang='grc' dir='ltr'><em>οὐκέτι</em></span> <span class='ocrx_word' id='word_1_143' title='bbox 591 1153 774 1209; x_wconf 77' lang='grc' dir='ltr'><em>κυριεύει,</em></span> <span class='ocrx_word' id='word_1_144' title='bbox 803 1151 901 1194; x_wconf 79' lang='grc' dir='ltr'><em>κατά</em></span> <span class='ocrx_word' id='word_1_145' title='bbox 924 1151 966 1194; x_wconf 80' lang='grc' dir='ltr'><em>τὸ</em></span> <span class='ocrx_word' id='word_1_146' title='bbox 989 1153 1259 1207; x_wconf 87' lang='grc' dir='ltr'><em>γεγραμμένον.</em></span> <span class='ocrx_word' id='word_1_147' title='bbox 1321 1153 1399 1192; x_wconf 83' lang='grc' dir='ltr'><em>Καὶ</em></span> <span class='ocrx_word' id='word_1_148' title='bbox 1423 1149 1518 1207; x_wconf 77' lang='grc' dir='ltr'><em>ὁρᾷς</em></span> <span class='ocrx_word' id='word_1_149' title='bbox 1542 1149 1644 1192; x_wconf 89' lang='grc' dir='ltr'><em>πόσα</em></span> <span class='ocrx_word' id='word_1_150' title='bbox 1668 1154 1768 1191; x_wconf 92' lang='grc' dir='ltr'><em>θεοῦ</em></span> <span class='ocrx_word' id='word_1_151' title='bbox 1790 1167 1860 1202; x_wconf 89' lang='grc' dir='ltr'><em>μυ-</em></span> 
     </span>
     <span class='ocr_line' id='line_1_18' title="bbox 343 1215 1863 1277; baseline -0.004 -13"><span class='ocrx_word' id='word_1_152' title='bbox 343 1221 479 1277; x_wconf 82' lang='grc' dir='ltr'><em>στήρια</em></span> <span class='ocrx_word' id='word_1_153' title='bbox 501 1221 724 1277; x_wconf 82' lang='grc' dir='ltr'><em>προετύπου</em></span> <span class='ocrx_word' id='word_1_154' title='bbox 750 1226 766 1250; x_wconf 79' lang='lat'>³</span> <span class='ocrx_word' id='word_1_155' title='bbox 781 1220 912 1274; x_wconf 88' lang='grc' dir='ltr'><em>νόμος,</em></span> <span class='ocrx_word' id='word_1_156' title='bbox 943 1222 1008 1262; x_wconf 82' lang='grc' dir='ltr'><em>καὶ</em></span> <span class='ocrx_word' id='word_1_157' title='bbox 1031 1219 1199 1274; x_wconf 79' lang='grc' dir='ltr'><em>ἐπλήρου</em></span> <span class='ocrx_word' id='word_1_158' title='bbox 1223 1218 1264 1260; x_wconf 78' lang='grc' dir='ltr'><em>τὸ</em></span> <span class='ocrx_word' id='word_1_159' title='bbox 1291 1217 1526 1273; x_wconf 77' lang='grc' dir='ltr'><em>εὐαγγέλιον·</em></span> <span class='ocrx_word' id='word_1_160' title='bbox 1557 1217 1685 1259; x_wconf 87' lang='grc' dir='ltr'><em>πόθεν</em></span> <span class='ocrx_word' id='word_1_161' title='bbox 1706 1218 1759 1267; x_wconf 77' lang='grc' dir='ltr'><em>δὲ,</em></span> <span class='ocrx_word' id='word_1_162' title='bbox 1791 1215 1863 1258; x_wconf 76' lang='grc' dir='ltr'><em>οὐκ</em></span> 
     </span>
     <span class='ocr_line' id='line_1_19' title="bbox 342 1285 1863 1343; baseline -0.004 -11"><span class='ocrx_word' id='word_1_163' title='bbox 342 1292 477 1343; x_wconf 73' lang='grc' dir='ltr'><em>ἔχομεν</em></span> <span class='ocrx_word' id='word_1_164' title='bbox 503 1291 651 1332; x_wconf 81' lang='grc' dir='ltr'><em>τούτων</em></span> <span class='ocrx_word' id='word_1_165' title='bbox 682 1291 801 1338; x_wconf 80' lang='grc' dir='ltr'><em>δεῖξαι</em></span> <span class='ocrx_word' id='word_1_166' title='bbox 832 1287 901 1341; x_wconf 81' lang='grc' dir='ltr'><em>τήν</em></span> <span class='ocrx_word' id='word_1_167' title='bbox 926 1287 1157 1341; x_wconf 80' lang='grc' dir='ltr'><em>σαφήνειαν,</em></span> <span class='ocrx_word' id='word_1_168' title='bbox 1189 1285 1287 1327; x_wconf 77' lang='grc' dir='ltr'><em>4διά</em></span> <span class='ocrx_word' id='word_1_169' title='bbox 1315 1285 1357 1327; x_wconf 75' lang='grc' dir='ltr'><em>τό</em></span> <span class='ocrx_word' id='word_1_170' title='bbox 1392 1285 1444 1339; x_wconf 79' lang='grc' dir='ltr'><em>μὴ</em></span> <span class='ocrx_word' id='word_1_171' title='bbox 1473 1288 1526 1335; x_wconf 89' lang='grc' dir='ltr'><em>εἰς</em></span> <span class='ocrx_word' id='word_1_172' title='bbox 1555 1285 1699 1334; x_wconf 90' lang='grc' dir='ltr'><em>πλάτος</em></span> <span class='ocrx_word' id='word_1_173' title='bbox 1729 1286 1863 1339; x_wconf 86' lang='grc' dir='ltr'><em>φέρειν</em></span> 
     </span>
     <span class='ocr_line' id='line_1_20' title="bbox 343 1354 1865 1412; baseline -0.002 -13"><span class='ocrx_word' id='word_1_174' title='bbox 343 1356 411 1399; x_wconf 77' lang='grc' dir='ltr'><em>τόν</em></span> <span class='ocrx_word' id='word_1_175' title='bbox 440 1357 565 1412; x_wconf 88' lang='grc' dir='ltr'><em>λόγον.</em></span> <span class='ocrx_word' id='word_1_176' title='bbox 625 1356 699 1398; x_wconf 61' lang='lat' dir='ltr'><em>Aa&amp;</em></span> <span class='ocrx_word' id='word_1_177' title='bbox 733 1358 796 1398; x_wconf 81' lang='grc' dir='ltr'><em>ἐπὶ</em></span> <span class='ocrx_word' id='word_1_178' title='bbox 822 1355 892 1409; x_wconf 76' lang='grc' dir='ltr'><em>τήν</em></span> <span class='ocrx_word' id='word_1_179' title='bbox 922 1354 1162 1397; x_wconf 84' lang='grc' dir='ltr'><em>άκολουθίαν</em></span> <span class='ocrx_word' id='word_1_180' title='bbox 1193 1354 1308 1395; x_wconf 87' lang='grc' dir='ltr'><em>πάλιν</em></span> <span class='ocrx_word' id='word_1_181' title='bbox 1339 1355 1620 1408; x_wconf 84' lang='grc' dir='ltr'><em>ε’πιστρεπτέον.</em></span> <span class='ocrx_word' id='word_1_182' title='bbox 1683 1357 1865 1396; x_wconf 83' lang='grc' dir='ltr'><em>Φαίνεται</em></span> 
     </span>
     <span class='ocr_line' id='line_1_21' title="bbox 344 1420 1865 1477; baseline -0.003 -10"><span class='ocrx_word' id='word_1_183' title='bbox 344 1426 385 1467; x_wconf 83' lang='grc' dir='ltr'><em>δὲ</em></span> <span class='ocrx_word' id='word_1_184' title='bbox 410 1423 486 1466; x_wconf 82' lang='grc' dir='ltr'><em>άπό</em></span> <span class='ocrx_word' id='word_1_185' title='bbox 515 1442 551 1466; x_wconf 88' lang='grc' dir='ltr'><em>τε</em></span> <span class='ocrx_word' id='word_1_186' title='bbox 574 1430 651 1466; x_wconf 84' lang='grc' dir='ltr'><em>τῶν</em></span> <span class='ocrx_word' id='word_1_187' title='bbox 679 1423 854 1477; x_wconf 87' lang='grc' dir='ltr'><em>σταχύων</em></span> <span class='ocrx_word' id='word_1_188' title='bbox 887 1424 950 1464; x_wconf 79' lang='grc' dir='ltr'><em>καὶ</em></span> <span class='ocrx_word' id='word_1_189' title='bbox 983 1421 1061 1464; x_wconf 82' lang='grc' dir='ltr'><em>άπό</em></span> <span class='ocrx_word' id='word_1_190' title='bbox 1095 1427 1164 1464; x_wconf 86' lang='grc' dir='ltr'><em>τοῦ</em></span> <span class='ocrx_word' id='word_1_191' title='bbox 1203 1420 1354 1474; x_wconf 85' lang='grc' dir='ltr'><em>άμητοῦ</em></span> <span class='ocrx_word' id='word_1_192' title='bbox 1383 1422 1449 1462; x_wconf 89' lang='grc' dir='ltr'><em>καὶ</em></span> <span class='ocrx_word' id='word_1_193' title='bbox 1480 1426 1559 1463; x_wconf 80' lang='grc' dir='ltr'><em>τῶν</em></span> <span class='ocrx_word' id='word_1_194' title='bbox 1592 1427 1781 1475; x_wconf 79' lang='grc' dir='ltr'><em>μαθητῶν</em></span> <span class='ocrx_word' id='word_1_195' title='bbox 1813 1420 1865 1470; x_wconf 71' lang='grc' dir='ltr'><em>ὥς</em></span> 
     </span>
     <span class='ocr_line' id='line_1_22' title="bbox 344 1488 1865 1547; baseline -0.002 -13"><span class='ocrx_word' id='word_1_196' title='bbox 344 1492 436 1544; x_wconf 78' lang='grc' dir='ltr'><em>μετά</em></span> <span class='ocrx_word' id='word_1_197' title='bbox 471 1497 547 1534; x_wconf 86' lang='grc' dir='ltr'><em>τῶν</em></span> <span class='ocrx_word' id='word_1_198' title='bbox 573 1491 856 1547; x_wconf 86' lang='grc' dir='ltr'><em>τεσσαράκοντα</em></span> <span class='ocrx_word' id='word_1_199' title='bbox 886 1489 1042 1545; x_wconf 75' lang='grc' dir='ltr'><em>ἡμερῶν</em></span> <span class='ocrx_word' id='word_1_200' title='bbox 1074 1489 1288 1544; x_wconf 78' lang='grc' dir='ltr'><em>πειρασμὸν</em></span> <span class='ocrx_word' id='word_1_201' title='bbox 1319 1494 1440 1530; x_wconf 88' lang='grc' dir='ltr'><em>ταῦτα</em></span> <span class='ocrx_word' id='word_1_202' title='bbox 1467 1488 1593 1531; x_wconf 89' lang='grc' dir='ltr'><em>πάντα</em></span> <span class='ocrx_word' id='word_1_203' title='bbox 1625 1492 1813 1545; x_wconf 87' lang='grc' dir='ltr'><em>διηγεῖται</em></span> <span class='ocrx_word' id='word_1_204' title='bbox 1842 1488 1865 1531; x_wconf 79' lang='grc' dir='ltr'><em>ὅ</em></span> 
     </span>
     <span class='ocr_line' id='line_1_23' title="bbox 341 1557 1182 1614; baseline -0.004 -12"><span class='ocrx_word' id='word_1_205' title='bbox 341 1558 529 1614; x_wconf 83' lang='grc' dir='ltr'><em>Ἰωάννης</em></span> <span class='ocrx_word' id='word_1_206' title='bbox 559 1561 623 1601; x_wconf 88' lang='grc' dir='ltr'><em>καὶ</em></span> <span class='ocrx_word' id='word_1_207' title='bbox 651 1565 835 1611; x_wconf 84' lang='grc' dir='ltr'><em>Λουκᾶς,</em></span> <span class='ocrx_word' id='word_1_208' title='bbox 867 1560 933 1601; x_wconf 88' lang='grc' dir='ltr'><em>καὶ</em></span> <span class='ocrx_word' id='word_1_209' title='bbox 964 1561 1004 1600; x_wconf 86' lang='grc' dir='ltr'><em>οἱ</em></span> <span class='ocrx_word' id='word_1_210' title='bbox 1031 1557 1182 1607; x_wconf 89' lang='grc' dir='ltr'><em>πάντες.</em></span> 
     </span>
    </p>
   </div>
   <div class='ocr_carea' id='block_1_4' title="bbox 344 1690 1868 2563">
    <p class='ocr_par' dir='ltr' id='par_1_4' title="bbox 344 1690 1868 2563">
     <span class='ocr_line' id='line_1_24' title="bbox 469 1690 1866 1748; baseline -0.003 -11"><span class='ocrx_word' id='word_1_211' title='bbox 469 1694 552 1737; x_wconf 79' lang='grc' dir='ltr'><em>Οὐκ</em></span> <span class='ocrx_word' id='word_1_212' title='bbox 584 1697 784 1738; x_wconf 82' lang='grc' dir='ltr'><em>αἰδοῦνται</em></span> <span class='ocrx_word' id='word_1_213' title='bbox 817 1695 857 1736; x_wconf 81' lang='grc' dir='ltr'><em>δὲ</em></span> <span class='ocrx_word' id='word_1_214' title='bbox 891 1693 1007 1736; x_wconf 86' lang='grc' dir='ltr'><em>πάλιν</em></span> <span class='ocrx_word' id='word_1_215' title='bbox 1041 1696 1081 1736; x_wconf 84' lang='grc' dir='ltr'><em>οἷ</em></span> <span class='ocrx_word' id='word_1_216' title='bbox 1111 1698 1278 1736; x_wconf 88' lang='grc' dir='ltr'><em>τοιοῦτοι</em></span> <span class='ocrx_word' id='word_1_217' title='bbox 1307 1692 1404 1735; x_wconf 79' lang='grc' dir='ltr'><em>κατά</em></span> <span class='ocrx_word' id='word_1_218' title='bbox 1438 1697 1516 1734; x_wconf 81' lang='grc' dir='ltr'><em>τῶν</em></span> <span class='ocrx_word' id='word_1_219' title='bbox 1547 1690 1625 1734; x_wconf 63' lang='lat' dir='ltr'><em>«End</em></span> <span class='ocrx_word' id='word_1_220' title='bbox 1655 1697 1724 1734; x_wconf 89' lang='grc' dir='ltr'><em>τοῦ</em></span> <span class='ocrx_word' id='word_1_221' title='bbox 1754 1691 1866 1748; x_wconf 80' lang='grc' dir='ltr'><em>άγίου</em></span> 
     </span>
     <span class='ocr_line' id='line_1_25' title="bbox 344 1759 1868 1818; baseline -0.001 -13"><span class='ocrx_word' id='word_1_222' title='bbox 344 1761 536 1805; x_wconf 83' lang='grc' dir='ltr'><em>Ἰωάννου</em></span> <span class='ocrx_word' id='word_1_223' title='bbox 570 1765 779 1818; x_wconf 84' lang='grc' dir='ltr'><em>εἰρημένων</em></span> <span class='ocrx_word' id='word_1_224' title='bbox 815 1762 1115 1815; x_wconf 77' lang='grc' dir='ltr'><em>ἐξοπλιζόμενοι,</em></span> <span class='ocrx_word' id='word_1_225' title='bbox 1154 1765 1368 1815; x_wconf 84' lang='grc' dir='ltr'><em>νομίζοντες</em></span> <span class='ocrx_word' id='word_1_226' title='bbox 1403 1760 1454 1814; x_wconf 78' lang='grc' dir='ltr'><em>μή</em></span> <span class='ocrx_word' id='word_1_227' title='bbox 1486 1778 1540 1813; x_wconf 84' lang='grc' dir='ltr'><em>πη</em></span> <span class='ocrx_word' id='word_1_228' title='bbox 1574 1759 1648 1814; x_wconf 67' lang='grc' dir='ltr'><em>ἄρα</em></span> <span class='ocrx_word' id='word_1_229' title='bbox 1682 1759 1868 1803; x_wconf 78' lang='grc' dir='ltr'><em>δύνανται</em></span> 
     </span>
     <span class='ocr_line' id='line_1_26' title="bbox 344 1826 1866 1886; baseline -0.002 -14"><span class='ocrx_word' id='word_1_230' title='bbox 344 1830 414 1883; x_wconf 82' lang='grc' dir='ltr'><em>τήν</em></span> <span class='ocrx_word' id='word_1_231' title='bbox 442 1830 629 1884; x_wconf 85' lang='grc' dir='ltr'><em>άλήθειαν</em></span> <span class='ocrx_word' id='word_1_232' title='bbox 658 1830 902 1886; x_wconf 83' lang='grc' dir='ltr'><em>άνατρέπειν,</em></span> <span class='ocrx_word' id='word_1_233' title='bbox 933 1829 1005 1872; x_wconf 75' lang='grc' dir='ltr'><em>οὐκ</em></span> <span class='ocrx_word' id='word_1_234' title='bbox 1037 1829 1179 1878; x_wconf 79' lang='grc' dir='ltr'><em>εἰδότες</em></span> <span class='ocrx_word' id='word_1_235' title='bbox 1204 1829 1260 1871; x_wconf 75' lang='grc' dir='ltr'><em>ὅτι</em></span> <span class='ocrx_word' id='word_1_236' title='bbox 1287 1827 1380 1872; x_wconf 83' lang='grc' dir='ltr'><em>καθ’</em></span> <span class='ocrx_word' id='word_1_237' title='bbox 1405 1830 1553 1870; x_wconf 74' lang='grc' dir='ltr'><em>ἑαυτῶν</em></span> <span class='ocrx_word' id='word_1_238' title='bbox 1587 1833 1729 1881; x_wconf 83' lang='grc' dir='ltr'><em>μᾶλλον</em></span> <span class='ocrx_word' id='word_1_239' title='bbox 1759 1826 1866 1870; x_wconf 82' lang='grc' dir='ltr'><em>ὁπλί-</em></span> 
     </span>
     <span class='ocr_line' id='line_1_27' title="bbox 346 1895 1868 1954; baseline -0.002 -15"><span class='ocrx_word' id='word_1_240' title='bbox 346 1903 492 1949; x_wconf 84' lang='grc' dir='ltr'><em>ζονται,</em></span> <span class='ocrx_word' id='word_1_241' title='bbox 529 1898 626 1954; x_wconf 74' lang='grc' dir='ltr'><em>ἥπερ</em></span> <span class='ocrx_word' id='word_1_242' title='bbox 656 1898 753 1940; x_wconf 81' lang='grc' dir='ltr'><em>κατά</em></span> <span class='ocrx_word' id='word_1_243' title='bbox 782 1904 850 1951; x_wconf 85' lang='grc' dir='ltr'><em>τῆς</em></span> <span class='ocrx_word' id='word_1_244' title='bbox 880 1897 1016 1953; x_wconf 66' lang='grc' dir='ltr'><em>’ὑγιοῦς</em></span> <span class='ocrx_word' id='word_1_245' title='bbox 1046 1901 1304 1946; x_wconf 84' lang='grc' dir='ltr'><em>διδασκαλίας.</em></span> <span class='ocrx_word' id='word_1_246' title='bbox 1367 1896 1570 1938; x_wconf 86' lang='grc' dir='ltr'><em>Φάσκουσι</em></span> <span class='ocrx_word' id='word_1_247' title='bbox 1597 1897 1640 1937; x_wconf 79' lang='grc' dir='ltr'><em>δὲ</em></span> <span class='ocrx_word' id='word_1_248' title='bbox 1672 1895 1769 1937; x_wconf 78' lang='grc' dir='ltr'><em>κατά</em></span> <span class='ocrx_word' id='word_1_249' title='bbox 1798 1901 1868 1950; x_wconf 86' lang='grc' dir='ltr'><em>τῆς</em></span> 
     </span>
     <span class='ocr_line' id='line_1_28' title="bbox 344 1962 1865 2019; baseline -0.001 -13"><span class='ocrx_word' id='word_1_250' title='bbox 344 1964 650 2018; x_wconf 79' lang='grc' dir='ltr'><em>Ἀποκαλύψεως</em></span> <span class='ocrx_word' id='word_1_251' title='bbox 674 1968 766 2007; x_wconf 80' lang='grc' dir='ltr'><em>τάδε</em></span> <span class='ocrx_word' id='word_1_252' title='bbox 789 1967 1039 2019; x_wconf 82' lang='grc' dir='ltr'><em>χλευάζοντες.</em></span> <span class='ocrx_word' id='word_1_253' title='bbox 1105 1969 1150 2006; x_wconf 89' lang='grc' dir='ltr'><em>Τι’</em></span> <span class='ocrx_word' id='word_1_254' title='bbox 1172 1983 1236 2018; x_wconf 88' lang='grc' dir='ltr'><em>με,</em></span> <span class='ocrx_word' id='word_1_255' title='bbox 1268 1967 1409 2017; x_wconf 80' lang='grc' dir='ltr'><em>φησὶν,</em></span> <span class='ocrx_word' id='word_1_256' title='bbox 1442 1962 1585 2016; x_wconf 80' lang='grc' dir='ltr'><em>ω’φελεῖ</em></span> <span class='ocrx_word' id='word_1_257' title='bbox 1605 1962 1631 2016; x_wconf 77' lang='grc' dir='ltr'>ἡ</span> <span class='ocrx_word' id='word_1_258' title='bbox 1652 1962 1865 2005; x_wconf 79' lang='grc' dir='ltr'><em>Ἀποκάλυ-</em></span> 
     </span>
     <span class='ocr_line' id='line_1_29' title="bbox 347 2030 1866 2089; baseline -0.001 -15"><span class='ocrx_word' id='word_1_259' title='bbox 347 2045 420 2086; x_wconf 85' lang='grc' dir='ltr'><em>ψις</em></span> <span class='ocrx_word' id='word_1_260' title='bbox 445 2032 659 2085; x_wconf 84' lang='grc' dir='ltr'><em>Ἰωάννου,</em></span> <span class='ocrx_word' id='word_1_261' title='bbox 690 2033 851 2089; x_wconf 82' lang='grc' dir='ltr'><em>λέγουσά</em></span> <span class='ocrx_word' id='word_1_262' title='bbox 881 2051 946 2086; x_wconf 91' lang='grc' dir='ltr'><em>μοι</em></span> <span class='ocrx_word' id='word_1_263' title='bbox 974 2035 1062 2088; x_wconf 87' lang='grc' dir='ltr'><em>περὶ</em></span> <span class='ocrx_word' id='word_1_264' title='bbox 1088 2033 1182 2074; x_wconf 78' lang='grc' dir='ltr'><em>ἑπτά</em></span> <span class='ocrx_word' id='word_1_265' title='bbox 1211 2033 1378 2089; x_wconf 85' lang='grc' dir='ltr'><em>άγγέλων</em></span> <span class='ocrx_word' id='word_1_266' title='bbox 1407 2034 1472 2074; x_wconf 84' lang='grc' dir='ltr'><em>καὶ</em></span> <span class='ocrx_word' id='word_1_267' title='bbox 1504 2030 1598 2073; x_wconf 76' lang='grc' dir='ltr'><em>ἑπτά</em></span> <span class='ocrx_word' id='word_1_268' title='bbox 1628 2034 1866 2086; x_wconf 87' lang='grc' dir='ltr'><em>σαλπίγγων,·</em></span> 
     </span>
     <span class='ocr_line' id='line_1_30' title="bbox 349 2097 1867 2157; baseline -0.002 -14"><span class='ocrx_word' id='word_1_269' title='bbox 349 2100 420 2143; x_wconf 75' lang='grc' dir='ltr'><em>οῦκ</em></span> <span class='ocrx_word' id='word_1_270' title='bbox 442 2101 605 2152; x_wconf 84' lang='grc' dir='ltr'><em>εἰδότες,</em></span> <span class='ocrx_word' id='word_1_271' title='bbox 636 2107 719 2150; x_wconf 76' lang='grc' dir='ltr'><em>πῶς</em></span> <span class='ocrx_word' id='word_1_272' title='bbox 742 2100 932 2156; x_wconf 85' lang='grc' dir='ltr'><em>άναγκαία</em></span> <span class='ocrx_word' id='word_1_273' title='bbox 954 2103 1020 2142; x_wconf 86' lang='grc' dir='ltr'><em>καὶ</em></span> <span class='ocrx_word' id='word_1_274' title='bbox 1041 2099 1212 2155; x_wconf 80' lang='grc' dir='ltr'><em>ω’φέλιμα</em></span> <span class='ocrx_word' id='word_1_275' title='bbox 1237 2106 1396 2143; x_wconf 89' lang='grc' dir='ltr'><em>τοιαῦτα</em></span> <span class='ocrx_word' id='word_1_276' title='bbox 1422 2098 1592 2155; x_wconf 68' lang='grc' dir='ltr'><em>’ὑπῆρξεν</em></span> <span class='ocrx_word' id='word_1_277' title='bbox 1615 2101 1656 2141; x_wconf 79' lang='grc' dir='ltr'><em>ἐν</em></span> <span class='ocrx_word' id='word_1_278' title='bbox 1677 2104 1724 2157; x_wconf 78' lang='grc' dir='ltr'><em>τῇ</em></span> <span class='ocrx_word' id='word_1_279' title='bbox 1746 2097 1867 2154; x_wconf 78' lang='grc' dir='ltr'><em>ὀρθό-</em></span> 
     </span>
     <span class='ocr_line' id='line_1_31' title="bbox 348 2164 1868 2226; baseline -0.001 -16"><span class='ocrx_word' id='word_1_280' title='bbox 348 2187 431 2222; x_wconf 88' lang='grc' dir='ltr'><em>τητι</em></span> <span class='ocrx_word' id='word_1_281' title='bbox 458 2175 526 2212; x_wconf 89' lang='grc' dir='ltr'><em>τοῦ</em></span> <span class='ocrx_word' id='word_1_282' title='bbox 549 2170 807 2225; x_wconf 81' lang='grc' dir='ltr'><em>κηρύγματος.</em></span> <span class='ocrx_word' id='word_1_283' title='bbox 855 2168 958 2210; x_wconf 59' lang='grc' dir='ltr'><em>’Ὀσα</em></span> <span class='ocrx_word' id='word_1_284' title='bbox 992 2167 1063 2223; x_wconf 76' lang='grc' dir='ltr'><em>γάρ</em></span> <span class='ocrx_word' id='word_1_285' title='bbox 1086 2164 1136 2222; x_wconf 75' lang='grc' dir='ltr'><em>ἦν</em></span> <span class='ocrx_word' id='word_1_286' title='bbox 1164 2171 1204 2210; x_wconf 83' lang='grc' dir='ltr'><em>έν</em></span> <span class='ocrx_word' id='word_1_287' title='bbox 1229 2168 1336 2226; x_wconf 81' lang='grc' dir='ltr'><em>νόμῳ</em></span> <span class='ocrx_word' id='word_1_288' title='bbox 1365 2169 1431 2209; x_wconf 84' lang='grc' dir='ltr'><em>καὶ</em></span> <span class='ocrx_word' id='word_1_289' title='bbox 1466 2169 1505 2209; x_wconf 79' lang='grc' dir='ltr'><em>ἐν</em></span> <span class='ocrx_word' id='word_1_290' title='bbox 1531 2166 1751 2222; x_wconf 81' lang='grc' dir='ltr'><em>προφήταις</em></span> <span class='ocrx_word' id='word_1_291' title='bbox 1780 2181 1868 2209; x_wconf 89' lang='grc' dir='ltr'><em>σκο-</em></span> 
     </span>
     <span class='ocr_line' id='line_1_32' title="bbox 347 2233 1866 2292; baseline -0.001 -14"><span class='ocrx_word' id='word_1_292' title='bbox 347 2236 449 2278; x_wconf 76' lang='grc' dir='ltr'><em>τεινά</em></span> <span class='ocrx_word' id='word_1_293' title='bbox 484 2239 550 2279; x_wconf 86' lang='grc' dir='ltr'><em>καὶ</em></span> <span class='ocrx_word' id='word_1_294' title='bbox 584 2237 870 2292; x_wconf 79' lang='grc' dir='ltr'><em>αἰνιγματώδη,</em></span> <span class='ocrx_word' id='word_1_295' title='bbox 910 2241 1031 2277; x_wconf 86' lang='grc' dir='ltr'><em>ταῦτα</em></span> <span class='ocrx_word' id='word_1_296' title='bbox 1064 2235 1085 2278; x_wconf 78' lang='grc' dir='ltr'><em>ὅ</em></span> <span class='ocrx_word' id='word_1_297' title='bbox 1116 2236 1254 2290; x_wconf 75' lang='grc' dir='ltr'><em>κύριος</em></span> <span class='ocrx_word' id='word_1_298' title='bbox 1291 2235 1515 2292; x_wconf 73' lang='grc' dir='ltr'><em>ᾤκονόμησε</em></span> <span class='ocrx_word' id='word_1_299' title='bbox 1550 2234 1615 2277; x_wconf 73' lang='grc' dir='ltr'><em>διά</em></span> <span class='ocrx_word' id='word_1_300' title='bbox 1648 2240 1719 2277; x_wconf 90' lang='grc' dir='ltr'><em>τοῦ</em></span> <span class='ocrx_word' id='word_1_301' title='bbox 1754 2233 1866 2290; x_wconf 85' lang='grc' dir='ltr'><em>άγίου</em></span> 
     </span>
     <span class='ocr_line' id='line_1_33' title="bbox 348 2301 1866 2361; baseline -0.001 -15"><span class='ocrx_word' id='word_1_302' title='bbox 348 2304 567 2358; x_wconf 85' lang='grc' dir='ltr'><em>πνεύματος</em></span> <span class='ocrx_word' id='word_1_303' title='bbox 599 2307 652 2353; x_wconf 89' lang='grc' dir='ltr'><em>εἰς</em></span> <span class='ocrx_word' id='word_1_304' title='bbox 681 2303 791 2358; x_wconf 77' lang='grc' dir='ltr'><em>ἡμῶν</em></span> <span class='ocrx_word' id='word_1_305' title='bbox 816 2307 1008 2359; x_wconf 88' lang='grc' dir='ltr'><em>σωτηρίαν</em></span> <span class='ocrx_word' id='word_1_306' title='bbox 1033 2308 1086 2361; x_wconf 79' lang='grc' dir='ltr'><em>τῷ</em></span> <span class='ocrx_word' id='word_1_307' title='bbox 1108 2304 1233 2361; x_wconf 81' lang='grc' dir='ltr'><em>δούλῳ</em></span> <span class='ocrx_word' id='word_1_308' title='bbox 1255 2303 1376 2346; x_wconf 74' lang='grc' dir='ltr'><em>αὑτοῦ</em></span> <span class='ocrx_word' id='word_1_309' title='bbox 1400 2302 1566 2360; x_wconf 82' lang='grc' dir='ltr'><em>Ἰωάννῃ</em></span> <span class='ocrx_word' id='word_1_310' title='bbox 1597 2301 1866 2354; x_wconf 69' lang='grc' dir='ltr'><em>ἀποκαλύψαι,</em></span> 
     </span>
     <span class='ocr_line' id='line_1_34' title="bbox 348 2367 1864 2425; baseline -0.002 -11"><span class='ocrx_word' id='word_1_311' title='bbox 348 2371 393 2413; x_wconf 80' lang='grc' dir='ltr'><em>τά</em></span> <span class='ocrx_word' id='word_1_312' title='bbox 418 2375 536 2414; x_wconf 81' lang='grc' dir='ltr'><em>ἐκεῖσε</em></span> <span class='ocrx_word' id='word_1_313' title='bbox 559 2371 733 2414; x_wconf 81' lang='grc' dir='ltr'><em>σκοτεινά</em></span> <span class='ocrx_word' id='word_1_314' title='bbox 759 2367 834 2414; x_wconf 71' lang='grc' dir='ltr'><em>ὧδε</em></span> <span class='ocrx_word' id='word_1_315' title='bbox 867 2375 920 2421; x_wconf 85' lang='grc' dir='ltr'><em>εἰς</em></span> <span class='ocrx_word' id='word_1_316' title='bbox 946 2371 1184 2425; x_wconf 76' lang='grc' dir='ltr'><em>πνευματικά</em></span> <span class='ocrx_word' id='word_1_317' title='bbox 1209 2374 1274 2414; x_wconf 87' lang='grc' dir='ltr'><em>καὶ</em></span> <span class='ocrx_word' id='word_1_318' title='bbox 1300 2374 1439 2425; x_wconf 77' lang='grc' dir='ltr'><em>ἔκδηλα</em></span> <span class='ocrx_word' id='word_1_319' title='bbox 1470 2370 1678 2425; x_wconf 85' lang='grc' dir='ltr'><em>κηρύττων.</em></span> <span class='ocrx_word' id='word_1_320' title='bbox 1740 2374 1864 2411; x_wconf 85' lang='grc' dir='ltr'><em>Πνευ-</em></span> 
     </span>
     <span class='ocr_line' id='line_1_35' title="bbox 350 2438 1865 2497; baseline -0.003 -15"><span class='ocrx_word' id='word_1_321' title='bbox 350 2446 520 2493; x_wconf 83' lang='grc' dir='ltr'><em>ματικῶς</em></span> <span class='ocrx_word' id='word_1_322' title='bbox 544 2442 584 2482; x_wconf 81' lang='grc' dir='ltr'><em>δὲ</em></span> <span class='ocrx_word' id='word_1_323' title='bbox 605 2439 697 2494; x_wconf 68' lang='grc' dir='ltr'><em>’ἡμῖν</em></span> <span class='ocrx_word' id='word_1_324' title='bbox 717 2439 764 2481; x_wconf 75' lang='grc' dir='ltr'><em>τοὶ</em></span> <span class='ocrx_word' id='word_1_325' title='bbox 786 2439 884 2481; x_wconf 74' lang='grc' dir='ltr'><em>αὐτά</em></span> <span class='ocrx_word' id='word_1_326' title='bbox 907 2438 1108 2497; x_wconf 66' lang='grc' dir='ltr'><em>ᾠκονόμει.</em></span> <span class='ocrx_word' id='word_1_327' title='bbox 1169 2442 1247 2481; x_wconf 88' lang='grc' dir='ltr'><em>Καὶ</em></span> <span class='ocrx_word' id='word_1_328' title='bbox 1270 2442 1311 2481; x_wconf 80' lang='grc' dir='ltr'><em>ἐκ</em></span> <span class='ocrx_word' id='word_1_329' title='bbox 1335 2438 1533 2494; x_wconf 85' lang='grc' dir='ltr'><em>δερμάτων</em></span> <span class='ocrx_word' id='word_1_330' title='bbox 1555 2439 1622 2491; x_wconf 80' lang='grc' dir='ltr'><em>μὲν</em></span> <span class='ocrx_word' id='word_1_331' title='bbox 1643 2438 1727 2480; x_wconf 85' lang='grc' dir='ltr'><em>τότε</em></span> <span class='ocrx_word' id='word_1_332' title='bbox 1750 2455 1865 2479; x_wconf 88' lang='grc' dir='ltr'><em>κατα-</em></span> 
     </span>
     <span class='ocr_line' id='line_1_36' title="bbox 351 2504 1866 2563; baseline -0.003 -13"><span class='ocrx_word' id='word_1_333' title='bbox 351 2508 522 2559; x_wconf 81' lang='grc' dir='ltr'><em>σκευάζει</em></span> <span class='ocrx_word' id='word_1_334' title='bbox 550 2507 619 2562; x_wconf 80' lang='grc' dir='ltr'><em>τήν</em></span> <span class='ocrx_word' id='word_1_335' title='bbox 645 2507 812 2562; x_wconf 78' lang='grc' dir='ltr'><em>σκηνὴν,</em></span> <span class='ocrx_word' id='word_1_336' title='bbox 841 2513 918 2549; x_wconf 82' lang='grc' dir='ltr'><em>τῶν</em></span> <span class='ocrx_word' id='word_1_337' title='bbox 950 2507 1149 2562; x_wconf 86' lang='grc' dir='ltr'><em>δερμάτων</em></span> <span class='ocrx_word' id='word_1_338' title='bbox 1172 2506 1564 2563; x_wconf 76' lang='grc' dir='ltr'><em>ἥρυθροδανωμένων</em></span> <span class='ocrx_word' id='word_1_339' title='bbox 1594 2507 1660 2548; x_wconf 84' lang='grc' dir='ltr'><em>καὶ</em></span> <span class='ocrx_word' id='word_1_340' title='bbox 1688 2504 1866 2547; x_wconf 72' lang='grc' dir='ltr'><em>’ὖακινθί-</em></span> 
     </span>
    </p>
   </div>
   <div class='ocr_carea' id='block_1_5' title="bbox 309 2568 1866 2633">
    <p class='ocr_par' dir='ltr' id='par_1_5' title="bbox 309 2568 1866 2633">
     <span class='ocr_line' id='line_1_37' title="bbox 309 2568 1866 2633; baseline -0.002 -16"><span class='ocrx_word' id='word_1_341' title='bbox 309 2578 311 2581; x_wconf 77' lang='grc'><strong>’</strong></span> <span class='ocrx_word' id='word_1_342' title='bbox 351 2594 448 2627; x_wconf 89' lang='grc' dir='ltr'><em>νων,</em></span> <span class='ocrx_word' id='word_1_343' title='bbox 491 2578 557 2618; x_wconf 84' lang='grc' dir='ltr'><em>καὶ</em></span> <span class='ocrx_word' id='word_1_344' title='bbox 587 2575 633 2617; x_wconf 76' lang='grc' dir='ltr'><em>τά</em></span> <span class='ocrx_word' id='word_1_345' title='bbox 656 2577 761 2629; x_wconf 78' lang='grc' dir='ltr'><em>ἑξῆς,</em></span> <span class='ocrx_word' id='word_1_346' title='bbox 799 2578 866 2617; x_wconf 79' lang='grc' dir='ltr'><em>’ἵνα</em></span> <span class='ocrx_word' id='word_1_347' title='bbox 897 2578 1000 2633; x_wconf 80' lang='grc' dir='ltr'><em>δείξῃ</em></span> <span class='ocrx_word' id='word_1_348' title='bbox 1029 2574 1100 2628; x_wconf 76' lang='grc' dir='ltr'><em>τὴν</em></span> <span class='ocrx_word' id='word_1_349' title='bbox 1130 2575 1277 2629; x_wconf 75' lang='grc' dir='ltr'><em>σκηνήν</em></span> <span class='ocrx_word' id='word_1_350' title='bbox 1308 2578 1428 2617; x_wconf 82' lang='grc' dir='ltr'><em>ἐκεῖσε</em></span> <span class='ocrx_word' id='word_1_351' title='bbox 1459 2573 1600 2628; x_wconf 72' lang='grc' dir='ltr'><em>σκηνὴν</em></span> <span class='ocrx_word' id='word_1_352' title='bbox 1633 2574 1702 2626; x_wconf 84' lang='grc' dir='ltr'><em>μὲν</em></span> <span class='ocrx_word' id='word_1_353' title='bbox 1731 2568 1866 2623; x_wconf 75' lang='grc' dir='ltr'><em>οὖσαν,</em></span> 
     </span>
    </p>
   </div>
   <div class='ocr_carea' id='block_1_6' title="bbox 353 2639 1868 2959">
    <p class='ocr_par' dir='ltr' id='par_1_6' title="bbox 353 2639 1868 2959">
     <span class='ocr_line' id='line_1_38' title="bbox 353 2639 1866 2698; baseline -0.002 -14"><span class='ocrx_word' id='word_1_354' title='bbox 353 2642 637 2697; x_wconf 83' lang='grc' dir='ltr'><em>άποδεχομένην</em></span> <span class='ocrx_word' id='word_1_355' title='bbox 672 2645 714 2687; x_wconf 82' lang='grc' dir='ltr'><em>δὲ</em></span> <span class='ocrx_word' id='word_1_356' title='bbox 746 2643 817 2697; x_wconf 76' lang='grc' dir='ltr'><em>τήν</em></span> <span class='ocrx_word' id='word_1_357' title='bbox 845 2643 1079 2697; x_wconf 88' lang='grc' dir='ltr'><em>τελειοτάτην</em></span> <span class='ocrx_word' id='word_1_358' title='bbox 1111 2643 1257 2696; x_wconf 78' lang='grc' dir='ltr'><em>σκηνὴν</em></span> <span class='ocrx_word' id='word_1_359' title='bbox 1287 2648 1356 2685; x_wconf 86' lang='grc' dir='ltr'><em>τοῦ</em></span> <span class='ocrx_word' id='word_1_360' title='bbox 1389 2647 1572 2698; x_wconf 86' lang='grc' dir='ltr'><em>Χριστοῦ.</em></span> <span class='ocrx_word' id='word_1_361' title='bbox 1631 2642 1764 2695; x_wconf 87' lang='grc' dir='ltr'><em>Δέρμα</em></span> <span class='ocrx_word' id='word_1_362' title='bbox 1793 2639 1866 2695; x_wconf 83' lang='grc' dir='ltr'><em>γάρ</em></span> 
     </span>
     <span class='ocr_line' id='line_1_39' title="bbox 353 2709 1866 2768; baseline -0.002 -16"><span class='ocrx_word' id='word_1_363' title='bbox 353 2710 429 2752; x_wconf 85' lang='grc' dir='ltr'><em>άπὸ</em></span> <span class='ocrx_word' id='word_1_364' title='bbox 458 2711 634 2765; x_wconf 80' lang='grc' dir='ltr'><em>σώματος</em></span> <span class='ocrx_word' id='word_1_365' title='bbox 661 2716 803 2768; x_wconf 89' lang='grc' dir='ltr'><em>γίνεται</em></span> <span class='ocrx_word' id='word_1_366' title='bbox 827 2710 963 2766; x_wconf 82' lang='grc' dir='ltr'><em>νεκρὸν</em></span> <span class='ocrx_word' id='word_1_367' title='bbox 988 2710 1053 2762; x_wconf 78' lang='grc' dir='ltr'><em>ὂν,</em></span> <span class='ocrx_word' id='word_1_368' title='bbox 1085 2709 1138 2759; x_wconf 74' lang='grc' dir='ltr'><em>ὥς</em></span> <span class='ocrx_word' id='word_1_369' title='bbox 1161 2709 1248 2752; x_wconf 78' lang='grc' dir='ltr'><em>σκιά</em></span> <span class='ocrx_word' id='word_1_370' title='bbox 1273 2710 1451 2763; x_wconf 80' lang='grc' dir='ltr'><em>σώματος</em></span> <span class='ocrx_word' id='word_1_371' title='bbox 1474 2715 1632 2761; x_wconf 84' lang='grc' dir='ltr'><em>ζῶντος·</em></span> <span class='ocrx_word' id='word_1_372' title='bbox 1668 2710 1732 2750; x_wconf 80' lang='grc' dir='ltr'><em>ἵνα</em></span> <span class='ocrx_word' id='word_1_373' title='bbox 1762 2710 1866 2765; x_wconf 81' lang='grc' dir='ltr'><em>δείξῃ</em></span> 
     </span>
     <span class='ocr_line' id='line_1_40' title="bbox 354 2773 1868 2834; baseline -0.001 -14"><span class='ocrx_word' id='word_1_374' title='bbox 354 2778 510 2832; x_wconf 82' lang='grc' dir='ltr'><em>σώματα</em></span> <span class='ocrx_word' id='word_1_375' title='bbox 545 2777 642 2821; x_wconf 78' lang='grc' dir='ltr'><em>εἶναι</em></span> <span class='ocrx_word' id='word_1_376' title='bbox 671 2778 741 2833; x_wconf 80' lang='grc' dir='ltr'><em>τήν</em></span> <span class='ocrx_word' id='word_1_377' title='bbox 773 2779 918 2834; x_wconf 76' lang='grc' dir='ltr'><em>σκηνήν</em></span> <span class='ocrx_word' id='word_1_378' title='bbox 947 2784 1015 2821; x_wconf 87' lang='grc' dir='ltr'><em>τοῦ</em></span> <span class='ocrx_word' id='word_1_379' title='bbox 1044 2783 1164 2829; x_wconf 87' lang='grc' dir='ltr'><em>θεοῦ,</em></span> <span class='ocrx_word' id='word_1_380' title='bbox 1205 2778 1336 2831; x_wconf 81' lang='grc' dir='ltr'><em>ἐπειδὴ</em></span> <span class='ocrx_word' id='word_1_381' title='bbox 1363 2777 1435 2833; x_wconf 78' lang='grc' dir='ltr'><em>γάρ</em></span> <span class='ocrx_word' id='word_1_382' title='bbox 1470 2780 1510 2819; x_wconf 83' lang='grc' dir='ltr'><em>ἐν</em></span> <span class='ocrx_word' id='word_1_383' title='bbox 1541 2776 1712 2830; x_wconf 76' lang='grc' dir='ltr'><em>σώμασιν</em></span> <span class='ocrx_word' id='word_1_384' title='bbox 1742 2773 1868 2831; x_wconf 83' lang='grc' dir='ltr'><em>άγίοις</em></span> 
     </span>
     <span class='ocr_line' id='line_1_41' title="bbox 396 2866 1866 2913; baseline -0.002 -10"><span class='ocrx_word' id='word_1_385' title='bbox 396 2871 427 2903; x_wconf 73' lang='lat' dir='ltr'><em>Q.</em></span> <span class='ocrx_word' id='word_1_386' title='bbox 449 2869 599 2912; x_wconf 65' lang='grc' dir='ltr'><em>ποιήσεις</em></span> <span class='ocrx_word' id='word_1_387' title='bbox 622 2874 686 2904; x_wconf 79' lang='lat' dir='ltr'><em>cod.</em></span> <span class='ocrx_word' id='word_1_388' title='bbox 710 2874 838 2913; x_wconf 71' lang='lat' dir='ltr'><strong><em>Rhediq.</em></strong></span> <span class='ocrx_word' id='word_1_389' title='bbox 1130 2869 1183 2910; x_wconf 67' lang='grc' dir='ltr'><em>ξαν.</em></span> <span class='ocrx_word' id='word_1_390' title='bbox 1215 2869 1275 2910; x_wconf 67' lang='grc' dir='ltr'><em>τὴν</em></span> <span class='ocrx_word' id='word_1_391' title='bbox 1310 2867 1511 2913; x_wconf 49' lang='lat' dir='ltr'><em>&amp;amintam</em></span> <span class='ocrx_word' id='word_1_392' title='bbox 1558 2866 1613 2903; x_wconf 78' lang='grc' dir='ltr'><em>διὰ</em></span> <span class='ocrx_word' id='word_1_393' title='bbox 1646 2866 1683 2902; x_wconf 81' lang='grc' dir='ltr'><em>τὸ</em></span> <span class='ocrx_word' id='word_1_394' title='bbox 1719 2866 1764 2910; x_wconf 76' lang='grc' dir='ltr'><em>μή</em></span> <span class='ocrx_word' id='word_1_395' title='bbox 1802 2872 1866 2900; x_wconf 79' lang='lat' dir='ltr'><strong><em>cett.</em></strong></span> 
     </span>
     <span class='ocr_line' id='line_1_42' title="bbox 396 2915 1867 2959; baseline -0.001 -11"><span class='ocrx_word' id='word_1_396' title='bbox 396 2916 427 2949; x_wconf 80' lang='lat'><em>3.</em></span> <span class='ocrx_word' id='word_1_397' title='bbox 454 2918 556 2948; x_wconf 82' lang='lat' dir='ltr'><strong><em>Scribe</em></strong></span> <span class='ocrx_word' id='word_1_398' title='bbox 581 2915 597 2950; x_wconf 80' lang='grc' dir='ltr'>ὁ</span> <span class='ocrx_word' id='word_1_399' title='bbox 621 2917 729 2959; x_wconf 78' lang='grc' dir='ltr'><em>νόμος.</em></span> <span class='ocrx_word' id='word_1_400' title='bbox 1132 2917 1215 2948; x_wconf 82' lang='lat' dir='ltr'><strong><em>Unde</em></strong></span> <span class='ocrx_word' id='word_1_401' title='bbox 1250 2917 1378 2955; x_wconf 65' lang='lat' dir='ltr'><strong><em>forfasse</em></strong></span> <span class='ocrx_word' id='word_1_402' title='bbox 1425 2917 1572 2947; x_wconf 80' lang='lat' dir='ltr'><strong><em>Petavius</em></strong></span> <span class='ocrx_word' id='word_1_403' title='bbox 1604 2915 1704 2946; x_wconf 79' lang='lat' dir='ltr'><strong><em>deesse</em></strong></span> <span class='ocrx_word' id='word_1_404' title='bbox 1749 2915 1867 2953; x_wconf 81' lang='lat' dir='ltr'><em>aliquid</em></span> 
     </span>
    </p>
   </div>
   <div class='ocr_carea' id='block_1_7' title="bbox 356 2957 1381 3052">
    <p class='ocr_par' dir='ltr' id='par_1_7' title="bbox 356 2957 1381 3052">
     <span class='ocr_line' id='line_1_43' title="bbox 398 2957 1381 3004; baseline -0.002 -11"><span class='ocrx_word' id='word_1_405' title='bbox 398 2959 428 2993; x_wconf 75' lang='lat'><em>4.</em></span> <span class='ocrx_word' id='word_1_406' title='bbox 466 2963 561 3001; x_wconf 71' lang='lat' dir='ltr'><em>Vulyo</em></span> <span class='ocrx_word' id='word_1_407' title='bbox 582 2967 664 2993; x_wconf 72' lang='lat' dir='ltr'><em>extat,</em></span> <span class='ocrx_word' id='word_1_408' title='bbox 683 2965 858 2994; x_wconf 76' lang='lat' dir='ltr'><em>distinctum</em></span> <span class='ocrx_word' id='word_1_409' title='bbox 888 2960 924 2995; x_wconf 82' lang='grc' dir='ltr'><em>τὸ</em></span> <span class='ocrx_word' id='word_1_410' title='bbox 949 2957 1086 3004; x_wconf 67' lang='grc' dir='ltr'><em>εὖοιγγέ-</em></span> <span class='ocrx_word' id='word_1_411' title='bbox 1132 2963 1304 3001; x_wconf 72' lang='lat' dir='ltr'><strong><em>suspicatus</em></strong></span> <span class='ocrx_word' id='word_1_412' title='bbox 1326 2964 1381 2992; x_wconf 78' lang='lat' dir='ltr'><em>esc·</em></span> 
     </span>
     <span class='ocr_line' id='line_1_44' title="bbox 356 3003 1086 3052; baseline -0.001 -11"><span class='ocrx_word' id='word_1_413' title='bbox 356 3009 437 3048; x_wconf 77' lang='grc' dir='ltr'><em>λιον;</em></span> <span class='ocrx_word' id='word_1_414' title='bbox 469 3003 570 3040; x_wconf 58' lang='grc' dir='ltr'><em>πόΰεν</em></span> <span class='ocrx_word' id='word_1_415' title='bbox 594 3005 630 3042; x_wconf 81' lang='grc' dir='ltr'><em>δὲ</em></span> <span class='ocrx_word' id='word_1_416' title='bbox 658 3005 717 3041; x_wconf 68' lang='grc' dir='ltr'><em>οὖν.</em></span> <span class='ocrx_word' id='word_1_417' title='bbox 741 3006 855 3052; x_wconf 76' lang='grc' dir='ltr'><em>ἔχομεν</em></span> <span class='ocrx_word' id='word_1_418' title='bbox 876 3005 1000 3041; x_wconf 78' lang='grc' dir='ltr'><em>τούτων</em></span> <span class='ocrx_word' id='word_1_419' title='bbox 1019 3010 1086 3042; x_wconf 77' lang='grc' dir='ltr'><em>δεῖ-</em></span> 
     </span>
    </p>
   </div>
  </div>
 </body>
</html>
