2030 3324
356 213 435 253 652
920 218 1080 251 SANCTI
1104 219 1328 252 EPIPHANH

358 298 528 348 νομίσειε
557 294 625 337 τόν
652 294 791 349 κύριον
814 292 947 348 ἡμῶν,
988 292 1080 335 ἄλλά
1102 296 1146 335 αἱ
1165 293 1246 337 ἅνω
1265 297 1431 351 αἱρέσεις
1460 299 1504 338 αἱ
1523 296 1599 350 ἤδη
1621 302 1896 350 σημανθεῖσαι,

355 365 395 404 οἱ
417 364 507 416 περὶ
532 361 739 417 Κήρινθον
772 363 839 403 καὶ
860 360 1079 416 Μήρινθον
1104 365 1171 403 καὶ
1191 361 1368 415 Ἐβίωνα,
1426 363 1537 406 Ἀλλά
1569 362 1663 417 μετά
1687 369 1756 406 τοῦ
1772 363 1893 421 Ἀνὴρ

356 431 512 479 πάντως
534 430 594 472 ὅτι
617 429 920 483 ἠσφαλισμὲνως
942 431 1009 470 καὶ
1030 428 1168 483 κύριον
1190 428 1309 471 αὐτὸν
1333 433 1460 472 ἰ’σασιν
1485 434 1525 474 οἱ
1545 431 1730 484 ἀληθινοὶ
1750 433 1893 483 πιστοὶ,

358 496 411 547 ὥς
433 499 500 539 καὶ
517 496 704 550 Ἰωάννης
727 503 925 551 μαρτυρεῖ,
946 496 999 538 ‘¹0
1023 494 1246 549 άκηκόαμεν
1267 496 1460 551 ἆπαρχῆς,
1484 501 1550 542 ἵνα
1570 502 1660 556 εἴπῃ
1680 498 1748 541 τὸν
1770 496 1897 554 α’παρ-

354 570 424 618 χῆς
449 564 562 616 ὅντα,
594 564 662 607 τόν
691 562 861 619 άόρατον
885 563 983 606 θεὸν
1005 563 1142 619 λόγον,
1175 563 1220 605 ὃν
1242 564 1467 618 ἠκούσαμεν
1490 568 1532 607 ἐν
1559 569 1688 615 θείαις
1709 573 1894 621 γραφαῖς,

358 635 398 675 ἐν
420 632 646 688 προφήταις
675 631 1047 687 καταγγελλόμενον,
1094 634 1134 674 ἐν
1173 631 1331 689 οὐρανῷ
1362 630 1659 685 ἐξυμνούμενον.
1722 635 1802 676 Καὶ
1831 632 1896 676 διὰ

355 706 494 751 τοῦτο,
530 699 582 741 uO
608 701 648 741 ἐν
674 699 773 757 άρχῇ
801 698 1045 753 ἠκούσαμεν,
1077 701 1143 741 καὶ
1167 698 1421 752 ἐθεασάμεθα
1444 706 1527 748 τοῖς
1553 699 1800 754 ὀφθαλμοῖς,
1830 703 1896 743 ἵνα

356 766 437 809 ἅνω
469 767 511 809 td
537 766 749 820 άκηκοέναι
774 765 872 808 θεόν
895 764 1121 824 ὁμολογήσῃ·
1145 769 1182 816 ἐξ
1204 765 1402 821 ὑπαρχῆς,
1442 766 1485 808 τὸ
1517 767 1558 808 δὲ
1587 769 1802 822 ἑωρακέναι
1831 768 1898 810 α’ν-

356 842 525 890 θρωπον
553 833 711 893 σημάνῃ
750 835 795 876 ὃν
827 835 895 876 καὶ
929 832 952 876 ὅ
975 833 1190 887 βαπτιστὴς
1211 833 1391 887 Ἰωάννης
1423 835 1500 887 ἔφη
1525 833 1603 885 ὅτι,
1642 833 1788 877 Ὀπίσω
1820 853 1897 889 μου

356 906 502 958 ἔρχεται
537 900 658 958 α’νήρ,
688 904 755 944 καὶ
781 901 843 954 τὸ,
887 904 944 942 Αἱ
972 908 1095 957 χεῖρες
1121 900 1231 955 ἡμῶν
1264 901 1548 955 ἐψηλάφησαν,
1590 904 1656 943 ἰ’να
1677 901 1775 944 θεὸν
1796 901 1898 945 ἅνω-

355 978 430 1014 θεν
452 970 609 1029 σημάνῃ
644 973 712 1012 καὶ
736 969 955 1024 ἄνθρωπον
989 967 1134 1024 ὁρατὸν
1158 968 1347 1027 ὑποδείξῃ
1380 967 1462 1011 α’πό
1488 972 1652 1024 Μαρίας
1677 972 1899 1025 γεγεννημέ-

355 1057 444 1091 νον,
475 1041 542 1081 καὶ
568 1041 609 1081 ἐκ
640 1043 789 1093 νεκρῶν
821 1035 1041 1079 ἀναστάντα
1065 1039 1225 1089 τέλειον,
1269 1036 1321 1091 μή
1356 1036 1677 1090 ἇποβαλλόμενον
1710 1036 1753 1080 τὸ
1785 1037 1900 1093 ἅγιον

355 1112 496 1156 σκεῦος
519 1107 542 1149 ὃ
566 1109 722 1160 εἴληφε,
754 1107 822 1147 καὶ
850 1104 921 1158 τήν
944 1108 1089 1147 τελείαν
1114 1104 1235 1147 αὐτοῦ
1261 1104 1592 1160 ἐνανθρώπησιν,
1624 1104 1719 1147 άλλοὶ
1742 1104 1807 1148 διὰ
1828 1110 1899 1148 τοῦ

356 1176 657 1228 ἐψηλαφηκέναι
678 1172 749 1227 τὴν
774 1171 965 1228 πλευράν,
996 1172 1064 1215 τόν
1091 1190 1129 1214 τε
1151 1172 1274 1215 τύπον
1300 1178 1377 1214 τῶν
1402 1172 1528 1225 ἥλων,
1569 1171 1616 1214 τά
1648 1176 1737 1227 τρία
1769 1171 1899 1226 46μο-

356 1242 501 1300 λογήσῃ
523 1240 866 1296 α’παρασαλεύτως.
931 1239 1047 1282 Οὕτω
1072 1258 1138 1292 μοι
1161 1242 1228 1282 καὶ
1254 1242 1430 1282 ἐνταῦθα
1451 1239 1548 1282 νόει·
1590 1239 1633 1281 vd
1656 1240 1736 1292 ὅτι,
1772 1236 1900 1290 Oi‘jvo'g

357 1313 459 1353 ἐστιν
483 1310 529 1351 ὃν
562 1307 673 1351 εἶπον
702 1306 796 1360 ύμῖν
829 1307 887 1349 ὅτι
925 1306 1050 1349 ὀπίσω
1076 1325 1154 1360 μου
1176 1309 1322 1361 ἔρχεται
1347 1305 1470 1361 άνήρ,
1511 1309 1578 1348 ἵνα
1608 1306 1680 1360 τὴν
1710 1309 1900 1362 ἕνσαρκον

357 1377 514 1435 σημάνῃ
535 1378 776 1430 παρουσίαν,
809 1374 891 1426 ὅτι,
933 1379 1100 1430 Πρῶτος
1123 1392 1200 1428 μου
1220 1370 1287 1428 ἧν,
1318 1377 1383 1416 ἵνα
1403 1374 1474 1428 τὴν
1495 1373 1668 1428 θεότητα
1696 1373 1898 1434 ὗποδείξῃ,

356 1445 436 1496 ὅτι,
481 1443 568 1500 Πρὸ
596 1446 692 1497 ἐμοῦ
716 1444 877 1498 ἐγένετο.
935 1441 1000 1483 Ἐν
1019 1446 1072 1499 τῷ
1098 1442 1234 1500 κόσμῳ
1262 1442 1334 1498 γάρ
1360 1437 1423 1496 ἧν,
1456 1444 1555 1495 φησὶ
1578 1441 1620 1485 τὸ
1644 1442 1756 1498 ὃῖγιον
1787 1441 1898 1499 εὐαγ-

356 1514 502 1569 γέλιον,
547 1513 613 1553 καὶ
654 1509 676 1552 ὁ
705 1510 852 1564 κόσμος
889 1508 937 1552 δι’
969 1510 1095 1552 αὐτοῦ
1127 1511 1300 1565 ἐγένετο,
1347 1512 1414 1552 καὶ
1446 1508 1469 1552 ὅ
1497 1509 1645 1563 κόσμος
1673 1509 1794 1553 αὐτὸν
1824 1511 1900 1553 οὐκ

356 1582 465 1636 ἔγνω.

173 1928 261 1970 Κεφ.
284 1927 351 1970 μα’.
464 1921 520 1960 Εἰ
539 1920 580 1960 δὲ
606 1920 647 1960 ἐν
668 1918 804 1976 κόσμῳ
835 1913 884 1972 ἦν
906 1917 982 1973 πρὸ
1009 1922 1080 1960 τοῦ
1101 1916 1289 1972 Ἰωάννην
1311 1923 1551 1974 γεννηθῆναι
1582 1918 1646 1959 καὶ
1670 1916 1898 1972 συλληφθή-

356 2005 441 2039 ναι,
472 1986 550 2040 πρὸ
577 1985 698 2028 αὐτοῦ
722 1987 878 2042 γέγονεν
902 1988 942 2028 ἐν
964 1985 1117 2044 κόσμῳ,
1158 1986 1207 2027 οὗ
1229 1987 1318 2041 περὶ
1355 1993 1368 2016 ¹
1386 1989 1565 2037 κτίσεως,
1603 1983 1651 2026 ού
1675 1985 1766 2039 περὶ
1785 1983 1897 2038 ποιή-

358 2069 454 2103 σεως
481 2057 703 2108 σημαίνων,
736 2052 828 2094 άλλοὶ
851 2052 950 2095 κατά
977 2053 1046 2107 τὴν
1075 2059 1211 2109 χρῆσιν
1233 2054 1282 2107 ἣν
1305 2052 1528 2107 ὁμωνύμως
1553 2051 1742 2094 εἰώθασιν
1765 2055 1806 2094 οἱ
1832 2050 1898 2093 ἅν-

355 2129 516 2177 θρωποι
542 2123 683 2177 λέγειν,
723 2119 934 2176 Έγενόμην
960 2123 1000 2163 ἐν
1021 2119 1326 2175 Ἰεροσολύμοις,
1368 2119 1581 2177 Ἑγενόμην
1610 2122 1651 2162 ἐν
1675 2122 1898 2173 Βαβυλῶνι,

350 2189 567 2245 Ἐγενόμην
595 2191 636 2231 ἐν
661 2191 918 2246 2Αιήθιοπία,
959 2187 1170 2244 Ἐγενόμην
1196 2191 1237 2231 ἐν
1264 2189 1560 2245 Ἀλεξανδρεία,
1601 2186 1649 2229 οὗ
1679 2191 1803 2229 κτίσιν
1832 2201 1900 2242 ση-

195 2280 262 2306 pag.
281 2272 342 2300 τω.
362 2261 511 2311 μαίνων
534 2259 724 2308 ἐνταῦθα,
755 2255 848 2298 ἄλλά
873 2259 1052 2310 ἐπίβασίν
1077 2274 1115 2298 τε
1138 2258 1206 2297 καὶ
1239 2259 1469 2311 παρουσίαν.
1535 2254 1587 2297 Td
1617 2254 1711 2310 γάρ,
1748 2252 1899 2311 Ἑγενό·

786 2323 840 2340 Ἃ,
894 2325 946 2339 1¹!

356 2343 432 2379 μην
456 2327 496 2367 ἐν
519 2328 746 2378 Βαβυλῶνι,
777 2343 802 2376 η
825 2342 864 2365 εν
889 2342 1004 2381 ετερω
1026 2323 1158 2381 τόπῳ,
1191 2323 1250 2366 ὅτι
1265 2319 1430 2365 ῗΗλθον.
1495 2322 1581 2378 Πρὸ
1608 2325 1707 2376 ἐμοῦ
1727 2317 1800 2364 οῦν
1820 2323 1898 2377 ἐγέ-

357 2410 457 2443 νετο,
488 2395 554 2434 ἵνα
578 2395 682 2450 δείξῃ
706 2393 771 2433 ἐπὶ
792 2397 860 2445 τῆς
881 2396 952 2446 γῆς
970 2391 1039 2444 τήν
1062 2397 1133 2433 τοῦ
1154 2391 1274 2447 λόγου
1297 2390 1358 2433 άεὶ
1379 2393 1571 2447 ἐπίβασιν,
1601 2392 1669 2432 καὶ
1689 2389 1747 2441 τό,
1782 2394 1899 2445 Πρῶ-

355 2460 420 2508 τός
444 2477 522 2512 μου
545 2455 614 2513 ἦν,
645 2462 710 2501 ἵνα
734 2462 839 2517 δείξῃ
861 2458 932 2512 τὴν
953 2458 1125 2512 θεότητα
1159 2456 1221 2501 αἐὶ
1253 2455 1396 2510 οὖσαν,
1433 2457 1505 2500 3τό
1539 2459 1603 2509 δὲ,
1639 2458 1792 2499 Ὀπίσω
1821 2475 1898 2510 μου

357 2527 579 2581 ἐρχόμενον,
610 2530 677 2569 ἵνα
702 2529 807 2585 δείξῃ
830 2526 899 2580 τὴν
916 2526 1108 2580 σύλληψιν
1130 2526 1222 2581 μετά
1248 2526 1316 2569 τόν
1337 2524 1533 2579 Ἰωάννην.
1581 2527 1659 2566 Καὶ
1681 2523 1744 2566 διά
1767 2529 1898 2576 τοῦτο,

354 2593 451 2650 Ἐγώ
477 2594 591 2648 φωνὴ
611 2599 786 2648 βοῶντος
814 2596 855 2636 ἐν
878 2599 927 2652 τῇ
952 2594 1082 2651 ἐρήμῳ
1097 2629 1107 2646 ,
1139 2594 1386 2648 ἕτοιμαστική
1413 2592 1527 2647 φωνὴ
1549 2597 1618 2646 τῆς
1639 2597 1718 2634 τῶν
1740 2590 1899 2646 ἅνθρω-

358 2680 445 2704 πων
470 2661 605 2716 ἀκοῆς.
651 2667 822 2717 Πρῶτον
844 2661 917 2717 γάρ
940 2661 1219 2717 ἀδιάρθρωτον
1241 2661 1430 2704 εἰώθασιν
1454 2664 1494 2703 οἷ
1512 2664 1736 2712 φωνοῦντες
1758 2656 1895 2701 οἷποδι-

359 2729 474 2771 δόναι
502 2729 640 2784 φωνὴν
660 2728 873 2783 ἠχήεσσαν,
915 2728 1175 2783 άπομήκοθεν
1206 2734 1415 2777 καλοῦντες
1444 2727 1538 2776 τούς
1565 2745 1601 2769 τι
1628 2728 1785 2780 ἔχοντας
1808 2725 1898 2782 παρ’

357 2794 521 2838 4αύτῶν
549 2797 728 2849 ἀκούειν,
758 2798 825 2839 καὶ
851 2796 948 2839 ἐπάν
980 2799 1121 2839 ἐκεῖνοι
1145 2803 1215 2851 τῆς
1243 2802 1382 2850 φωνῆς
1412 2794 1610 2838 άκούσωσι
1643 2793 1790 2847 μόνης,
1831 2795 1899 2835 καὶ

358 2862 531 2905 δώσουσι
563 2863 630 2905 τὸν
664 2870 762 2906 νοῦν
790 2869 862 2906 τοῦ
893 2863 1072 2916 ἀκούειν,
1116 2866 1184 2907 καὶ
1219 2863 1450 2917 ἓτοιμάσωσι
1479 2860 1550 2915 τὴν
1573 2859 1717 2913 ἀκοὴν,
1759 2860 1845 2902 τότε
1875 2859 1898 2903 ὅ

401 2964 457 3019 s}-
484 2964 687 3009 ὁμολογήσει
734 2969 823 3000 codd.
868 2977 941 3001 mss.
987 2971 1014 3000 et
1059 2970 1108 3000 ed.
1203 2967 1279 2999 CAP.
1301 2967 1452 2998 XLI.-
1483 2965 1509 2997 1.
1535 2961 1690 3007 κτήσεως
1704 2965 1899 2997 habentlibri

356 3021 456 3051 prmc.
1156 3021 1270 3045 omnes.
