2066 3319
572 164 747 195 PANARn
776 164 856 195 Lm.
880 165 918 195 n.
941 165 1045 196 Tou.
1068 166 1092 196 1.
1118 166 1245 197 mun.
1270 166 1325 197 Η.
1638 159 1712 196 105

181 244 248 285 lex
273 242 527 297 praescribit:
570 244 794 281 Numerobz's
824 244 895 282 te'be'
913 247 984 282 ΙἸΙ
1012 246 1276 291 hebdomadas,
1311 261 1358 284 ea·
1387 261 1457 298 quo
1488 248 1915 298 manipulumLexi1.23‚15.

181 312 382 357 obtuleris,
416 312 462 348 ab
485 325 527 349 ea
547 313 606 349 die
627 312 851 362 qztasilleem
878 315 914 350 [ἠ
940 320 1097 363 segetem
1123 316 1287 351 nisset-es:
1319 322 1354 351 el
1378 315 1581 353 celebrabis
1604 317 1715 366 septi—

183 394 276 419 mam
307 380 564 418 hebdomadem
595 381 688 417 diem
706 381 850 432 festum
881 383 1026 419 domiuo
1051 384 1116 419 (leo
1144 389 1227 427 te10,·
1261 381 1396 434 quibus
1419 381 1548 421 verbis
1574 381 1715 422 Pente-

181 455 315 488 costen
342 447 499 486 indicat.
563 445 716 486 Etenim
743 455 826 501 post
854 448 1087 488 immolatum
1117 447 1264 488 Pascha
1298 449 1396 487 intra
1433 451 1584 489 tertium
1616 451 1713 490 diem

182 515 311 556 offerri
342 514 573 568 manipulum
610 514 786 566 iubebat;
829 522 867 555 ut
898 516 1088 555 benedicti
1124 517 1224 555 illins
1259 515 1439 570 manipuli
1473 518 1717 558 adumbraret

182 583 387 637 imaginem
411 582 472 636 qui
498 597 517 621 a
542 583 703 622 mortuis
736 583 930 623 excitatns
960 591 999 623 et
1030 599 1049 623 a
1079 591 1181 623 terra
1209 585 1488 637 quodammodo
1516 587 1574 625 die
1607 587 1716 626 tertia

183 659 242 691 est
265 650 440 700 oblatus,
476 651 575 690 unde
601 664 684 690 eum
712 651 748 690 in
776 652 836 690 illa
865 652 909 691 de
935 652 1112 705 sepulcro
1138 652 1424 691 resurrectione
1457 656 1714 708 recuperavit.

183 717 276 759 Inde
300 716 380 758 XL
408 718 542 758 diebus
569 733 652 758 cum
688 718 885 772 discipulis
917 727 1088 759 moratus
1117 726 1312 773 postremo
1341 720 1410 760 sub
1439 722 1550 760 linem
1576 720 1716 762 Pente-

183 794 312 827 costes
339 787 501 826 eundem
530 786 627 842 patri
652 787 884 827 coelestibus
912 788 948 826 in
975 787 1178 826 domiciliis
1206 787 1362 837 obtulit,
1397 788 1458 841 qni
1488 796 1545 828 est
1577 790 1718 844 primo-

183 855 337 909 genitus
373 868 393 894 e
429 855 718 909 primogenitis,
754 855 944 909 primitiae
975 862 1159 905 sanctae,
1200 856 1416 910 manipulus
1449 871 1468 896 e
1493 855 1621 897 Maria
1654 860 1718 899 de-

183 926 322 974 sectus,
359 923 475 963 fascis
497 923 534 962 in
557 924 627 962 deo
650 923 968 977 comprehensus,
1003 924 1148 963 fructus
1171 925 1335 973 ventris,
1369 939 1483 965 areae
1508 926 1713 980 primitiae.

180 990 321 1046 Neque
356 991 456 1031 enim
495 998 579 1045 post
609 989 870 1031 Pentecosten
906 992 1110 1045 deputatae
1146 992 1242 1032 falce
1283 994 1472 1047 primitiae
1505 994 1720 1034 offeruntur

183 1061 360 1114 amplius.
423 1057 562 1113 Quare
584 1073 708 1113 neque
741 1062 913 1099 Christus
940 1063 1010 1099 iam
1040 1063 1213 1108 moritur,
1248 1076 1347 1100 mors
1369 1065 1407 1101 εἰ
1428 1065 1529 1101 ultra
1551 1078 1623 1102 non
1653 1067 1718 1103 clo-

181 1130 408 1175 minabitur,
461 1134 503 1167 ut
535 1128 718 1182 scriptum
758 1136 831 1167 est.
904 1126 1035 1167 Iamne
1073 1127 1182 1168 vides
1217 1137 1308 1183 quot
1340 1130 1377 1169 in
1417 1130 1500 1183 lege
1534 1133 1720 1186 mysteria

181 1196 395 1250 significata
425 1196 525 1246 sint,
559 1195 597 1235 in
625 1195 830 1249 evangelio
863 1197 1061 1251 perfecta?
1121 1195 1278 1250 Quanta
1305 1212 1418 1252 porro
1449 1200 1491 1238 ad
1521 1213 1603 1239 cam
1637 1215 1717 1240 rcm

182 1265 384 1320 perspicue
411 1264 676 1304 declarandam
706 1272 1020 1317 argumentorum
1053 1266 1161 1319 copia
1193 1267 1387 1321 suppetit?
1448 1266 1525 1309 Sed
1560 1283 1606 1308 ne
1638 1269 1719 1308 lon-

182 1333 267 1387 gius
295 1340 481 1373 excurrat
512 1333 659 1382 oratio,
697 1334 741 1372 ad
767 1332 802 1372 id
831 1334 929 1387 quod
959 1333 1069 1373 initio
1102 1336 1339 1389 propositum
1369 1344 1450 1376 erat
1481 1337 1717 1378 redeundum

182 1402 293 1441 nobis
318 1408 392 1441 est.
457 1400 576 1455 lgitur
599 1407 779 1455 quantum
806 1415 857 1441 ex
882 1401 999 1455 spicis
1023 1402 1097 1443 illis
1122 1410 1159 1442 et.
1186 1417 1312 1444 messe
1337 1418 1381 1444 ac
1408 1405 1603 1460 discipulis
1627 1421 1717 1446 con-

183 1469 301 1510 iicere
329 1484 556 1524 possumus,
590 1477 749 1524 apparet
774 1470 874 1509 illam
901 1469 1074 1521 loannis,
1109 1469 1242 1511 Lucae
1265 1479 1560 1528 ceterorumque
1586 1488 1719 1515 narra-

182 1536 325 1578 tionem
353 1539 397 1578 ad
423 1537 458 1577 id
485 1545 633 1592 tempus
656 1538 754 1592 qnod
780 1538 926 1578 dierum
951 1536 1030 1578 XL
1058 1540 1308 1580 tentationem
1334 1548 1507 1581 secutum
1541 1549 1601 1582 est
1632 1556 1719 1583 esse

182 1607 442 1647 referendam.

293 1674 452 1715 Atcnim
485 1675 598 1714 iidem
631 1675 685 1714 illi
718 1675 814 1715 citra
851 1675 1031 1729 pudorem
1070 1675 1173 1715 illum
1209 1690 1296 1716 sese
1335 1677 1522 1718 adversus
1559 1677 1717 1720 Ioannis

181 1743 451 1783 auctoritatem
478 1743 709 1796 accingunt,
743 1750 782 1783 et
805 1744 839 1783 id
865 1758 978 1783 unum
1006 1744 1199 1798 cogitant,
1235 1751 1275 1784 ut
1300 1745 1426 1799 aliqua
1448 1760 1498 1786 ex
1524 1754 1654 1801 parte,
1688 1749 1718 1788 si

184 1811 348 1867 possint,
382 1812 586 1851 veritatem
614 1818 814 1861 evertant3
850 1825 921 1852 nec
942 1811 1159 1865 intelligunt
1180 1821 1315 1853 contra
1337 1815 1567 1870 semetipsos
1593 1816 1719 1870 potius

182 1894 293 1934 qnam
326 1887 460 1920 contra
490 1880 682 1920 sinceram
713 1880 924 1920 doctrinam
958 1894 1041 1920 eam
1072 1894 1113 1920 se
1145 1882 1469 1935 oppugnationem
1502 1884 1716 1938 suscipere.

183 1945 332 1989 Contra
366 1948 629 2003 Apocalypsin
666 1948 794 2002 itaque
829 1962 873 1988 ea
908 1949 1051 1989 iactare
1084 1963 1150 2004 per
1186 1950 1388 1990 ludibrium
1423 1952 1569 1992 solent:
1618 1950 1719 2006 Quid

184 2030 261 2067 me,
291 2016 484 2070 inquiunt,
519 2015 673 2057 loannis
694 2017 954 2072 Apocalypsis
977 2018 1098 2066 iuvat,
1128 2032 1211 2057 cum
1237 2019 1326 2058 mihi
1354 2017 1427 2059 Vll
1454 2021 1631 2074 angelos,
1663 2028 1719 2061 to-

185 2085 378 2139 tidemque
400 2085 510 2124 tubas
532 2086 836 2126 commemorat?
882 2085 958 2127 Sed
985 2101 1094 2140 quam
1118 2086 1211 2126 haec
1236 2088 1455 2128 necessaria
1482 2089 1573 2137 sint,
1600 2104 1718 2143 quan-

184 2161 338 2207 tumque
360 2153 407 2193 ad
431 2150 644 2194 Christiani
672 2153 860 2207 dogmatis
888 2154 1150 2195 sinceritatem
1178 2158 1404 2206 conserant,
1439 2157 1568 2196 miseri
1598 2157 1718 2197 homi-

183 2236 252 2262 nes
277 2222 474 2276 ignorant.
538 2221 639 2262 Nam
666 2236 928 2276 quaecumque
953 2223 990 2262 in
1014 2223 1098 2276 lege
1124 2237 1169 2263 ac
1199 2223 1396 2278 prophetis
1423 2232 1532 2265 erant
1554 2225 1718 2265 obse-nra

183 2291 244 2331 vel
279 2290 538 2345 aenigmatum
574 2290 785 2331 involucris
821 2291 1010 2341 obducta,
1057 2292 1150 2332 haec
1187 2293 1231 2331 ad
1269 2307 1510 2333 communem
1544 2301 1716 2334 nostrum

183 2358 352 2400 omnium
379 2359 540 2399 salutem
568 2359 660 2398 deus
684 2373 800 2399 servo
823 2373 894 2399 suo
917 2357 1054 2399 loanni
1080 2361 1266 2414 singulari
1293 2362 1450 2415 quadam
1479 2362 1719 2415 providentia

183 2427 367 2480 detegere
391 2427 533 2478 voluit,
568 2434 610 2467 ut
632 2441 728 2481 quac
759 2427 965 2468 tenebrosa
991 2428 1068 2468 illic
1096 2437 1207 2469 erant
1233 2437 1270 2469 et
1295 2430 1443 2478 abdita,
1480 2430 1538 2469 hic
1565 2421 1718 2484 spirita‘-

184 2496 256 2536 lem
285 2510 329 2535 ac
361 2495 563 2536 clariorem
588 2496 624 2535 in
655 2496 807 2535 modum
841 2497 1079 2537 conformata
1113 2505 1362 2553 proponeret.
1424 2496 1622 2551 Siquidem
1653 2513 1719 2539 ve-

185 2571 290 2604 teres
321 2564 407 2603 illae
434 2578 568 2604 omnes
602 2564 788 2617 imagines
817 2571 974 2619 propter
1007 2580 1077 2605 nos
1108 2565 1270 2620 spiritali
1307 2567 1416 2619 plane
1448 2573 1538 2606 sunt
1570 2568 1718 2607 ratione

185 2632 409 2686 dispositae.
473 2631 590 2672 Velut
624 2633 722 2686 quod
755 2632 1042 2674 tabernaculum
1072 2649 1123 2674 ex
1153 2635 1356 2674 rubricatis
1390 2641 1424 2674 ct
1459 2634 1718 2689 hyacinthinis

187 2700 348 2754 pellibus
372 2708 680 2754 coagmentatum
705 2700 890 2753 legimus,
924 2716 968 2742 ac
993 2703 1024 2742 si
1049 2717 1121 2756 qua
1146 2710 1232 2743 sunt
1259 2702 1341 2742 eius
1367 2703 1523 2755 generis
1547 2705 1636 2753 alia,
1672 2718 1717 2744 eo

185 2768 393 2823 pertinent,
419 2769 516 2809 utin
539 2769 649 2809 huius
669 2768 958 2809 tabernaculum
979 2778 1184 2810 venturum
1208 2783 1294 2810 esse
1316 2778 1563 2812 monstraret.
1599 2770 1716 2812 Pellis

186 2837 322 2891 qnippe
357 2837 518 2878 mortuis
551 2837 778 2892 corporibus
803 2838 1040 2888 detrahitur,
1076 2853 1119 2878 ac
1145 2839 1200 2878 sic
1228 2845 1404 2891 tanquam
1428 2840 1603 2880 vivorum
1635 2856 1715 2881 um-

187 2903 254 2944 bra
278 2919 407 2946 comes
431 2913 503 2946 est.
567 2904 609 2946 ln
633 2920 708 2960 quo
730 2920 893 2961 corpora
916 2914 1048 2947 nostra
1076 2907 1134 2946 dci
1164 2919 1250 2946 esse
1280 2906 1567 2949 tabernaculum
1591 2910 1716 2950 decla-

1738 1076 1823 1104 Rom.
1841 1077 1866 1111 8,
1887 1077 1910 1104 9.

1732 1641 1736 1644 ”
1777 1640 1843 1682 (Ἃρ

1742 1663 1890 1718 xx‘x'n.

1738 2032 1826 2067 Apoc.
1841 2032 1868 2067 S,
1887 2033 1912 2060 2.

1738 2649 1883 2683 ΕῑοιΙ.25,
1895 2652 1920 2678 5.
