2066 3319
558 195 741 228 PANARH
765 195 907 227 L113.11.
933 195 1040 227 ToM.
1064 196 1087 226 ῐ.
1113 195 1387 227 HAER.LX111.
1663 185 1739 225 221

202 281 262 325 et,
294 277 380 326 Ego
401 289 482 313 sum
507 277 576 327 qui
594 289 699 314 sum:
746 288 793 315 ne
819 273 903 329 quis
932 274 1048 314 lilium
1073 288 1117 315 ac
1142 275 1318 330 spiritum
1351 281 1527 315 sanctum
1561 274 1743 328 abneget,

201 342 249 383 ob
273 343 334 393 id,
367 345 493 390 Pater,
528 342 667 397 inquit,
701 358 802 382 meas
824 346 943 382 maior·
964 358 1018 381 mc
1040 351 1116 382 est:
1152 350 1212 394 et,
1251 347 1299 383 L'c
1318 351 1546 395 cognoscant
1570 352 1604 383 te
1624 346 1741 382 solum
1757 339 1949 403 {gna-¹¹⁴7&

200 425 325 451 verum
350 414 470 460 deum,
505 418 543 450 et
565 426 669 464 quem
693 414 967 450 mz'seletc'lesum
993 414 1195 450 Christum.
1259 411 1350 451 Non
1378 413 1478 466 quod
1504 413 1603 453 lilius
1625 426 1742 453 verus
1908 404 1911 407 .

201 480 295 520 deus
319 480 476 520 minime
502 479 574 530 sit,
607 480 676 520 sed
707 489 747 520 ut
770 480 930 520 eandem
958 480 995 520 in
1022 479 1206 520 unitatem
1235 480 1417 519 trinitatis
1451 495 1590 521 nomen
1625 481 1745 521 conii-

199 548 300 599 ciat,
335 556 373 590 et
394 563 416 589 a
439 549 598 590 deorum
623 549 867 589 multitudine
891 549 937 589 ad
965 562 1078 589 unam
1107 548 1346 588 divinitatem
1371 548 1566 589 hominum
1595 549 1745 590 animos

199 625 418 658 convertat.

313 684 427 740 Quod
454 685 486 726 si
520 699 655 726 errore
688 685 818 741 lapsus
851 685 990 739 aliquis
1016 685 1237 733 existimet,
1273 699 1388 724 unum
1416 686 1539 726 solum
1571 686 1643 726 dici
1677 701 1743 727 ve-
1770 684 1949 728 Cap.v111.

198 768 282 795 rum
318 755 454 805 deum,
490 753 670 795 nimirum
704 761 876 809 patrem,
912 753 1026 793 lilium
1055 767 1151 793 vero
1183 767 1271 793 esse
1296 754 1472 807 quidem,
1507 768 1582 794 non
1618 762 1743 796 tamen

198 837 359 875 verum,
394 823 468 864 alia
499 822 599 863 hunc
624 822 775 863 ratione
801 822 1020 873 convincit,
1055 822 1142 862 dum
1168 822 1218 862 ita
1239 822 1432 876 loquitur:
1467 825 1551 874 Ego
1575 838 1655 862 sum
1679 826 1747 863 lux
1760 817 1947 889 Igafffffivfl·

196 906 306 940 vera,
343 907 436 945 quae
455 894 644 931 illuminat
662 907 800 931 omnem
824 893 1004 930 hominem
1031 894 1231 930 venientem
1255 894 1292 929 in
1315 893 1414 930 smne
1436 894 1624 931 memdam.
1681 890 1741 932 De

197 967 306 1015 patre
332 974 426 1001 vero
451 961 503 1001 ita
523 960 714 1015 loquitur:
749 964 849 999 Dens
875 962 943 999 [απ
967 968 1035 999 est.
1099 958 1187 999 Nec
1213 958 1334 1009 dixit,
1368 961 1456 998 Lua-
1484 974 1595 1008 ve1·a;
1630 967 1670 1000 ut
1695 974 1744 1001 ex

196 1042 244 1069 eo
267 1029 366 1083 quod
393 1036 431 1069 et
454 1033 569 1069 Deum
594 1044 739 1077 verum,
775 1036 814 1069 et
842 1032 972 1067 Veram
997 1031 1113 1068 lucem
1140 1028 1364 1082 appellavit,
1400 1035 1474 1069 lam
1502 1029 1622 1084 patris
1649 1029 1746 1069 divi-

196 1097 356 1138 nitatem
383 1098 475 1149 filio,
511 1112 621 1153 quam
643 1098 709 1138 filii
733 1097 831 1152 patri
860 1097 1060 1152 aequalem
1085 1097 1408 1151 intelligeremus.
1472 1098 1602 1152 Atque
1626 1111 1676 1138 ex
1700 1112 1745 1138 eo

197 1166 296 1220 quod
326 1173 363 1207 et
390 1173 500 1220 pater
524 1167 614 1217 lux,
649 1173 688 1207 et
710 1167 803 1207 deus
830 1166 1047 1221 appellatur
1073 1166 1196 1216 filius,
1231 1179 1357 1220 neque
1387 1166 1447 1206 hic
1471 1165 1568 1207 Veri
1602 1181 1743 1207 nomen

195 1234 386 1275 adiectum
412 1235 484 1286 sit,
519 1236 619 1290 quod
649 1236 802 1290 quidem
825 1248 991 1275 neeesse
1015 1249 1092 1275 non
1117 1241 1216 1284 erat,
1252 1249 1298 1275 eo
1322 1235 1422 1289 quod
1447 1235 1551 1276 nulla
1579 1237 1678 1276 l'oret
1699 1236 1744 1276 de

197 1317 241 1343 ea
265 1317 308 1344 re
335 1303 539 1345 dubitatio.
603 1303 676 1345 His
705 1304 806 1344 enim
832 1303 1017 1354 vocibus,
1051 1307 1126 1342 Dei
1149 1317 1193 1344 ac
1218 1307 1354 1351 Lucis,
1390 1305 1564 1359 perfecta
1590 1305 1745 1345 eadem-

196 1385 269 1427 que
296 1373 560 1427 germanitas,
595 1380 635 1413 ut
664 1372 717 1413 ita
747 1373 893 1423 dicam,
928 1372 1047 1428 patris
1077 1387 1163 1413 cum
1194 1373 1296 1423 filio,
1333 1380 1370 1413 et
1399 1373 1462 1413 tilii
1499 1387 1582 1413 cum
1617 1381 1740 1429 patre,

196 1440 399 1496 perspicue
424 1441 657 1482 declaratur.
722 1439 867 1496 Sieque
889 1441 1015 1482 onuiis
1040 1449 1128 1482 tuae
1156 1441 1335 1481 falsitatis
1358 1440 1511 1481 insania
1537 1442 1740 1482 refellitur.

194 1507 316 1550 Pater
336 1509 524 1564 siquidem
551 1517 660 1565 pater
688 1517 768 1559 est,
804 1517 841 1550 et
866 1509 966 1550 filius
992 1510 1112 1560 lilius,
1147 1516 1185 1550 et
1210 1510 1369 1564 spiritus
1395 1516 1554 1551 sanetus
1585 1510 1744 1565 spiritus

198 1585 381 1629 sanctus,
416 1592 538 1632 eaque
561 1579 644 1633 ipsa
673 1578 850 1630 trinitas,
885 1578 1009 1619 deitas
1033 1592 1133 1628 uua,
1169 1592 1243 1618 una
1266 1579 1413 1632 gloria,
1448 1593 1600 1633 unaque
1623 1579 1744 1619 ‹loini-

199 1647 319 1688 natio.
384 1644 458 1688 Cui
483 1647 629 1702 gloria,
666 1647 810 1699 honor,
845 1647 1070 1703 imperium,
1106 1647 1204 1702 patri
1232 1647 1270 1687 in
1299 1647 1399 1698 filio,
1434 1647 1512 1688 filio
1544 1648 1581 1688 in
1614 1655 1740 1703 patre,

197 1729 282 1756 cum
315 1722 451 1756 sancto
483 1716 619 1770 spiritu
652 1715 692 1756 in
723 1716 854 1757 secula
885 1715 1130 1766 seculorum,
1167 1715 1309 1756 Amen.

309 1782 390 1826 Sed
415 1792 618 1839 postquam
649 1784 830 1825 haeresin
864 1784 977 1825 istam
1004 1784 1112 1824 velut
1144 1783 1284 1839 lyben,
1320 1791 1386 1825 aut
1411 1784 1624 1835 molurum,
1659 1785 1744 1826 sive

194 1854 368 1908 elopem,
402 1861 469 1894 aut
495 1854 595 1894 aliud
622 1853 812 1908 quoddam
841 1853 1128 1894 atrocissimum
1152 1853 1347 1908 serpentis
1378 1867 1525 1908 genus,
1561 1855 1660 1909 quod
1688 1862 1743 1894 ta-

195 1936 283 1962 men
308 1922 401 1962 nihil
429 1936 501 1963 nos
524 1922 718 1963 morsibus
741 1922 822 1963 suis
846 1923 1003 1963 laedere
1028 1922 1174 1976 potuit,
1209 1922 1478 1974 discussimus,
1513 1937 1559 1963 ac
1584 1930 1744 1964 sanctae

195 1990 379 2032 trinitatis
410 2005 482 2047 ope
514 2006 557 2032 ac
583 1991 727 2032 virtute
759 1991 1032 2046 protrivimus,
1067 1991 1112 2031 ad
1141 1991 1309 2046 reliquas
1339 1992 1516 2032 oratione
1549 2000 1740 2047 promota,

194 2060 359 2101 eundem
392 2061 498 2115 prius
531 2060 686 2115 inopiae
716 2067 874 2101 nostrae
901 2074 945 2100 ac
970 2060 1167 2100 tenuitatis
1194 2060 1411 2101 adiutorem
1439 2061 1552 2101 deum
1583 2061 1743 2102 invoce-

194 2142 302 2180 mus,
338 2129 448 2170 cuius
474 2129 669 2185 praesidio
697 2129 785 2170 freti
817 2142 915 2183 quae
940 2128 987 2169 ab
1019 2142 1248 2183 unaquaque
1282 2129 1434 2170 haeresi
1467 2130 1647 2171 dicuntur
1677 2137 1744 2170 aut

194 2197 290 2238 fiunt
320 2197 435 2239 simul
466 2212 552 2239 cum
584 2212 718 2239 eorum
751 2197 1017 2239 confutatione
1049 2211 1268 2253 proponere
1301 2198 1510 2253 possimus.

489 2348 890 2397 ADVERSUS
930 2347 1450 2398 ORIGENIANOS

193 2429 393 2493 priores,
431 2430 505 2492 qui
530 2434 573 2477 et
593 2429 735 2478 Foedi
759 2429 1067 2489 nominantur,
1105 2446 1213 2491 quae
1237 2435 1305 2478 est
1328 2429 1524 2478 haeresis
1547 2428 1738 2489 XLIII„

817 2510 912 2560 sive
947 2509 1121 2558 LXIII.

307 2609 495 2653 Nonnulli
519 2621 630 2663 sunt,
665 2626 761 2667 quos
785 2609 996 2668 Origenios
1022 2612 1237 2667 appellant,
1271 2625 1370 2666 quae
1404 2610 1599 2652 hominum
1630 2619 1737 2652 secta
1764 2610 1842 2654 Cap.
1867 2612 1890 2644 s·

196 2693 272 2720 non
303 2694 580 2735 usquequaque
613 2681 859 2732 diffunditur,
902 2681 1083 2737 proximo
1118 2688 1244 2722 tamen
1278 2681 1364 2720 loeo
1397 2687 1483 2734 post
1512 2680 1737 2736 superiores

194 2747 280 2788 illas
304 2748 399 2789 haec
427 2749 600 2790 haeresis
625 2749 810 2790 occurrit.
875 2748 954 2791 Sed
977 2764 1142 2805 quanam
1166 2750 1211 2790 de
1237 2763 1373 2790 caussa
1393 2745 1570 2803 Origenii
1594 2763 1738 2790 vocen-

197 2823 281 2867 tur,
316 2818 482 2858 nondum
511 2818 622 2873 plane
646 2818 839 2873 comperi,
874 2825 1092 2859 utrumnam
1120 2818 1166 2859 ab
1188 2816 1363 2872 Origene
1389 2817 1639 2869 Adamantio,
1674 2819 1736 2872 qui

197 2893 455 2939 cognomento
481 2887 714 2942 Syntactes,
750 2886 821 2927 hoc
853 2894 912 2928 est
936 2885 1206 2936 Lucubrator,
1243 2892 1300 2926 est
1334 2885 1479 2938 dietus,
1513 2900 1560 2926 an
1592 2886 1637 2927 ab
1669 2887 1739 2926 ali-

197 2967 271 3008 quo
293 2953 438 3005 altero,
472 2956 595 3010 quod,
629 2963 670 2996 ut
695 2955 800 3007 dixi,
835 2955 988 3010 penitus
1015 2955 1176 3009 ignoro,
1212 2968 1282 2994 nee
1307 2953 1409 2995 alind
1434 2962 1588 3010 praeter
1612 2955 1737 3011 ipsum

244 3043 320 3076 CAP.
347 3046 371 3077 1.
396 3064 437 3069 —
489 3047 516 3079 1.
544 3049 642 3089 Vulgo
665 3045 771 3081 πάντι.
