2066 3319
535 191 715 225 PANARn
741 191 823 223 [ΑΒ.
841 192 882 224 n.
906 192 1013 225 ToM.
1036 193 1060 224 1.
1086 192 1216 224 HAER.
1240 192 1362 224 wa.
1636 182 1715 223 355

182 273 361 323 abolere,
395 272 462 312 sed
486 271 523 312 id
547 278 676 311 tamen
700 271 844 323 noluit,
879 286 954 326 qno
980 279 1039 323 tc,
1075 273 1244 323 furiose,
1280 271 1546 312 convinceret.
1610 268 1718 323 Quo-

182 341 288 382 circa
311 341 409 381 idem
434 347 511 380 tum
533 354 672 394 corpus
698 347 897 380 ostensum
926 347 1007 390 est,
1042 341 1140 395 qnod
1170 341 1207 380 in
1240 341 1384 380 tumulo
1421 339 1548 380 triduo
1580 353 1719 379 conse-

183 409 326 465 pultum
358 410 505 458 fuerat,
549 423 593 449 ac
626 423 710 448 cum
747 408 831 463 ipso
865 410 902 449 in
939 410 1229 449 resurrectione
1259 409 1502 449 suscitatum.
1567 406 1719 463 Quippe

182 492 295 529 ossa,
329 477 465 532 pellem
490 491 707 531 carnesque
734 477 1037 529 demonstravit,
1070 485 1111 518 ut
1136 478 1260 527 dixit,
1300 480 1426 516 IsQ'dete
1449 480 1619 530 quomam
1646 480 1721 529 spi-

180 550 279 586 ritus
301 561 450 585 carnem
479 554 515 585 et
543 560 627 585 ossa
652 561 725 586 non
757 548 887 595 habet,
923 549 1023 586 sieut
1051 561 1106 585 me
1138 548 1266 584 videtis
1300 546 1449 584 habere.
1515 543 1720 598 Quomodo

181 615 300 670 igitur
324 614 464 655 clausis
486 613 611 655 ianuis
634 614 774 666 subiit,
810 616 881 655 nisi
903 622 944 655 ut
969 628 1109 669 corpus
1135 627 1221 654 esse
1249 614 1348 667 qnod
1375 615 1609 668 aspicerent,
1645 628 1722 654 non

182 682 381 739 spiritum,
424 683 627 739 probaret,
670 684 736 724 sed
772 684 944 739 spiritale
978 691 1104 723 tamen
1137 683 1305 736 corpus?
1365 681 1607 736 Quamquam
1641 689 1724 722 erat

181 752 272 793 illud
300 767 386 793 cnm
413 751 538 792 anima
562 758 602 792 et
631 751 857 804 divinitate,
892 759 1048 806 totaque
1073 752 1170 791 adeo
1200 750 1365 790 hominis
1393 758 1528 791 natura
1563 751 1723 791 coniun-

183 828 300 862 ctum.
366 819 444 862 Sed
471 820 645 876 spiritale
673 828 780 872 erat,
815 828 856 861 ut
880 820 985 871 dixi,
1021 827 1059 860 et
1086 820 1185 874 quod
1211 833 1384 859 crassum
1410 820 1498 859 olim
1527 826 1611 860 erat
1635 820 1725 859 snb-

183 889 248 930 tile
274 889 480 940 redditum,
509 890 686 944 quodque
710 889 747 929 in
774 903 928 929 crucem
951 895 1074 930 actum
1101 896 1216 942 atque
1241 888 1451 928 obnoxium
1474 889 1614 938 fuerat,
1642 888 1725 928 nnl-

182 958 256 999 lius
288 958 450 1013 amplius
479 959 662 1012 potestati
696 958 936 1009 subiectum,
978 965 1092 1012 atque
1125 957 1179 997 ita
1211 972 1295 997 cum
1331 956 1533 997 divinitate
1564 955 1724 997 coniun-

184 1034 308 1078 ctum,
343 1041 389 1066 ac
415 1018 537 1066 veluti
572 1033 852 1082 temperatum,
895 1033 934 1067 ut
966 1041 1041 1067 non
1075 1026 1236 1081 amplius
1269 1025 1429 1066 dissolvi
1460 1033 1613 1081 posset,
1656 1026 1723 1066 sed

184 1096 320 1136 mortis
351 1109 495 1151 expers
519 1095 557 1136 in
590 1095 867 1151 sempiternum
891 1102 1082 1136 maneret.
1143 1097 1328 1134 Surreaeit
1352 1098 1446 1134 enim
1475 1097 1647 1134 Christus
1677 1103 1928 1141 eoe1.Cor.15‚2⁰.

183 1167 360 1212 mortuis,
389 1167 581 1217 primitiae
605 1167 889 1214 dormientium5
922 1180 995 1204 non
1019 1166 1178 1217 amplius
1200 1167 1374 1212 moritur,
1409 1179 1510 1203 mors
1535 1166 1597 1203 illi
1624 1166 1725 1203 ultra

183 1248 256 1273 non
286 1235 550 1273 dominabitur.

297 1303 428 1357 Atque
456 1309 494 1343 ut
520 1302 612 1342 illud
642 1301 860 1356 intelligas,
894 1317 1006 1356 quam
1039 1301 1086 1342 ob
1115 1316 1292 1343 caussam
1320 1305 1511 1355 primitiae
1541 1304 1724 1341 dormien-

186 1375 275 1411 tium
291 1374 462 1411 Christus
483 1371 711 1426 appelletur,
739 1371 892 1412 tametsi
915 1386 989 1411 non
1011 1371 1043 1411 is
1065 1371 1209 1426 primus
1228 1371 1396 1411 omnium
1415 1370 1651 1421 surrexerit,
1672 1394 1726 1400 —

187 1454 273 1481 nam
301 1448 390 1480 ante
415 1440 539 1496 ipsum
563 1438 746 1480 Lazarus
774 1453 843 1495 per
870 1454 955 1480 eum
989 1441 1185 1480 excitatus
1216 1441 1364 1490 fuerat,
1399 1454 1470 1480 nec
1500 1454 1576 1480 non
1608 1447 1646 1479 et
1670 1439 1728 1479 vi-

186 1509 285 1549 duae
312 1509 434 1560 filius,
470 1509 591 1549 etalii
615 1508 791 1563 quidam,
832 1509 927 1549 adde
959 1516 997 1549 et
1023 1509 1229 1549 nonnullos
1253 1509 1299 1548 ab
1322 1507 1407 1548 Elia
1432 1516 1545 1563 atque
1568 1507 1727 1549 Elisaeo

186 1576 291 1618 vitae
318 1577 547 1618 restitutos:
592 1585 632 1617 ut
662 1577 753 1618 illud
784 1577 902 1631 igitur
936 1577 1154 1631 intelligas,
1188 1577 1245 1617 sic
1277 1576 1439 1617 habeto:
1475 1592 1559 1618 curn
1592 1591 1728 1617 omnes

186 1644 242 1685 illi
275 1646 336 1700 qni
369 1645 641 1686 resurrexisse
675 1646 854 1686 dicuntur
886 1646 1025 1686 iterum
1055 1645 1196 1686 mortni
1230 1646 1330 1697 sint,
1362 1645 1502 1686 merito
1531 1644 1728 1687 Christum

183 1717 373 1766 primitias
402 1714 586 1769 appellari
610 1717 891 1763 dormientium,
928 1714 990 1769 qui
1018 1721 1267 1769 posteaquam
1290 1715 1511 1755 resurrexit
1541 1729 1616 1755 non
1648 1728 1729 1755 am-

189 1783 286 1838 plius
310 1783 488 1834 moritur,
523 1797 620 1838 quae
647 1791 707 1824 est.
731 1784 858 1824 futura
884 1782 1185 1824 resurrectionis
1208 1783 1325 1835 ratio,
1359 1798 1469 1838 quam
1496 1783 1598 1824 illius
1622 1785 1728 1824 vitae

190 1858 228 1891 et
253 1852 501 1892 humanitatis
523 1852 714 1892 beneficio
739 1866 1038 1907 consequemur.
1102 1849 1353 1893 Cumxautcm
1380 1853 1432 1892 sit
1453 1852 1516 1892 ille
1538 1855 1730 1904 primitiae

189 1924 469 1969 dormientium,
507 1920 700 1975 integrum
724 1920 806 1962 eius
831 1935 970 1976 corpus
995 1935 1079 1961 cum
1104 1920 1329 1971 divinitate,
1365 1920 1436 1961 hoc
1462 1927 1522 1961 est
1550 1921 1729 1975 quicquid

190 1990 235 2031 ad
263 1997 498 2045 assumptam
523 1989 797 2031 humanitatem
823 1990 984 2041 attinet,
1019 1990 1260 2040 resurrexit,
1295 1989 1388 2030 nihil
1419 1996 1460 2030 ut
1490 1990 1646 2030 omuino
1677 2003 1728 2030 ex

189 2073 236 2100 ea
257 2059 434 2100 relictum
459 2058 530 2110 sit,
564 2073 642 2099 non
665 2073 804 2113 corpus
829 2065 894 2099 aut
915 2058 1103 2099 eiusmodi
1126 2058 1320 2113 quiddam.
1383 2061 1468 2098 Non
1501 2062 1595 2098 enim
1625 2061 1730 2098 dere-

191 2131 336 2182 linques
359 2130 518 2167 animam
545 2142 660 2167 meam
685 2131 722 2167 in
747 2130 916 2181 inferno,
951 2141 1018 2167 nee
1042 2128 1148 2167 dabis
1171 2135 1341 2167 sanetum
1367 2135 1468 2167 tuum
1494 2131 1618 2167 videre
1647 2143 1731 2166 cor-

190 2201 411 2250 ruptionem.
475 2194 550 2238 Ubi
572 2197 671 2250 quod
701 2197 746 2237 de
772 2196 899 2236 anima
923 2196 961 2236 in
985 2197 1139 2237 inferno
1164 2196 1318 2248 dicitur,
1353 2211 1430 2237 non
1455 2211 1541 2237 esse
1571 2197 1730 2236 destitu-

190 2274 268 2307 tam
291 2265 504 2321 significat3
536 2274 705 2305 sanetum
730 2272 856 2306 autem
879 2265 1041 2315 addidit,
1075 2272 1117 2306 ut
1138 2273 1314 2306 sanctum
1342 2280 1481 2321 corpus
1506 2265 1732 2305 ostenderet

192 2335 292 2391 quod
322 2334 611 2390 corruptionem
638 2349 715 2375 non
738 2334 856 2385 vidit,
890 2334 958 2374 sed
985 2341 1072 2389 post
1099 2334 1264 2374 triduum
1294 2335 1558 2389 incorruptum
1591 2340 1631 2374 et
1660 2334 1730 2374 im-

191 2403 426 2445 mortalitate
457 2402 496 2443 in
528 2412 729 2444 aeternum
761 2403 974 2459 praeditum
1007 2402 1196 2444 surrexit.

307 2471 372 2513 Tu
409 2485 504 2513 vero
535 2472 630 2512 haec
663 2479 797 2513 nostra
835 2486 999 2527 corpora
1033 2478 1209 2512 scorteas
1243 2485 1332 2512 esse
1364 2471 1513 2511 tunicas
1545 2472 1726 2522 affirmas,

193 2555 278 2582 cum
308 2541 344 2581 id
380 2540 569 2581 orationis
595 2554 838 2595 consequens
864 2540 988 2582 series
1018 2541 1182 2582 refellat.
1248 2538 1326 2581 Sed
1356 2539 1450 2580 haec
1476 2540 1522 2580 ab
1554 2539 1630 2581 illis
1663 2540 1729 2580 tibi

193 2609 431 2661 seminibus,
466 2624 629 2664 quorum
654 2623 706 2650 ex
737 2608 937 2664 gentilium
972 2609 1251 2665 superstitione
1275 2622 1320 2648 ac
1351 2608 1490 2648 fabulis
1520 2616 1627 2650 satus
1658 2623 1729 2650 ex-

193 2678 353 2734 cepisti,
387 2678 530 2718 iniecta
558 2677 712 2719 videtur
743 2677 894 2733 opinio:
930 2693 1001 2719 nec
1028 2693 1105 2719 non
1134 2685 1172 2718 et
1201 2691 1251 2717 ex
1278 2676 1392 2730 impia
1422 2676 1485 2717 illa
1520 2678 1729 2718 ratiocina-

195 2748 298 2788 tione
321 2746 541 2801 iufidelique
565 2747 611 2787 de
635 2747 923 2788 resurrectione
950 2748 1150 2803 dogmate,
1185 2745 1283 2799 qnod
1306 2745 1343 2785 in
1370 2752 1406 2785 te
1430 2745 1596 2787 indidem
1621 2746 1730 2787 exci-

196 2822 316 2856 tatum
351 2824 432 2865 est,
474 2822 513 2856 et
545 2830 567 2856 a
599 2814 790 2868 Graecis,
833 2817 896 2871 qui
933 2830 980 2857 eo
1015 2823 1051 2857 te
1088 2815 1355 2864 deduxerunt,
1400 2821 1460 2854 cst
1495 2816 1726 2870 profectum.

1774 1314 1853 1355 Cap.

1758 1358 1865 1392 LXV.

1749 2072 1856 2108 1²2.15‚
1877 2074 1917 2102 10.

196 2887 384 2924 Animalis
408 2887 517 2933 enim,
550 2885 689 2939 inquit,
721 2887 827 2925 homo
849 2900 921 2925 non
945 2888 1047 2937 capit
1064 2898 1107 2924 ea
1129 2897 1222 2936 quae
1243 2890 1331 2921 sunt
1352 2885 1532 2935 spiritus5
1564 2886 1727 2923 stultitia
1746 2890 1842 2918 1.C0r-
1853 2892 1879 2922 2¹,
1894 2891 1931 2917 Η-

198 2955 291 2992 enim
314 2961 371 2993 est
393 2956 472 3002 illi,
506 2956 593 3007 quia
623 2957 849 3006 spffitaliter
873 2957 1122 2994 examinatur.
1187 2949 1402 2992 Enimvero
1433 2951 1465 2992 si
1493 2959 1582 2992 ante
1608 2951 1729 2993 viola-

200 3027 278 3060 tum
299 3022 517 3063 mandatum
542 3021 695 3064 tunicae
718 3023 851 3078 primis
872 3022 1015 3064 nostris
1036 3020 1258 3077 parentibus
1277 3027 1409 3061 essent
1432 3019 1599 3071 oblatae,
1636 3034 1731 3060 non-

1357 3092 1409 3132 23
1436 3089 1458 3114 '⁹‘
