2066 3319
210 1520 276 1547 pag.
296 1511 354 1538 494.

372 191 448 229 174
931 198 1092 231 SANGTI
1114 199 1339 231 EPJPHANH

1307 280 1324 288 ω

368 278 494 327 μαίων
520 272 711 329 ὑπῆρχεν,
744 275 785 315 ἐν
811 279 936 331 καιρῷ
964 279 1033 316 τοῦ
1058 278 1230 331 διωγμοῦ
1253 293 1322 317 του
1353 280 1366 304 ¹
1382 274 1456 330 πρὸ
1483 277 1713 328 Μαξιμίνου
1744 276 1897 330 γενομέ-

369 360 438 383 νου
471 343 650 397 πρώτου·
692 341 788 395 τάχα
825 340 935 396 οἶμαι
957 346 1102 385 Δεκίου
1133 343 1217 385 τότε
1250 339 1321 397 ἧν,
1352 342 1378 396 ἦ
1402 340 1665 397 Αὕρηλιανοῦ.
1722 341 1827 385 'And
1860 343 1902 384 δὲ

367 414 436 462 τῆς
470 409 706 463 προφάσεως
738 415 807 464 τῆς
842 412 883 452 ἐν
913 415 966 468 τῷ
998 413 1155 468 διωγμῷ
1185 410 1492 465 παραπεσόντων
1522 409 1714 466 ἐπάρματι
1748 409 1900 464 οἷρθεὶς,

368 476 449 530 ἅμα
471 484 552 526 τοῖς
577 483 596 506 2
611 479 866 533 ἐπαγομένοις
888 477 992 536 αὐτῷ
1019 477 1071 532 μή
1095 478 1264 533 θελήσας
1288 484 1526 533 κοινωνῆσαι
1546 485 1627 528 τοῖς
1646 483 1902 532 μετανοοῦσιν

369 543 447 586 άπό
471 550 541 586 τοῦ
565 548 760 601 διωγμοῦ,
793 549 847 595 εἰς
869 549 1015 601 αἵρεσιν
1036 547 1179 600 ταύτην
1210 553 1225 577 ³
1240 549 1465 602 τέτραπται,
1495 549 1615 602 λέγων
1635 546 1687 600 μή
1709 545 1806 588 εἶναι
1829 561 1901 589 σω·

366 616 522 669 τηρίαν,
555 612 647 655 ἄλλα
673 617 764 667 μίαν
794 614 1019 667 μετάνοιαν,
1052 613 1146 668 μετά
1178 615 1219 656 δὲ
1249 614 1292 657 τό
1319 614 1482 671 λουτρόν
1512 616 1648 668 μηκέτι
1673 614 1902 656 4δύνασθαι

368 683 561 723 ἐλεεῖσθαι
591 681 945 738 παραπεπτωκότα.

484 819 563 859 Καὶ
585 816 699 860 αὐτοὶ
723 820 766 861 δέ
787 836 917 873 φαμεν
947 817 1044 861 εἶναι
1075 818 1278 873 μετάνοιαν
1304 822 1415 873 μίαν,
1446 820 1514 861 καὶ
1546 818 1610 860 διά
1636 824 1803 876 λουτροῦ
1829 837 1900 861 πα·

371 890 603 943 λιγγενεσίας
629 886 805 940 5ταύτης
831 889 1014 943 γενέσθαι
1039 887 1110 941 τήν
1134 891 1346 942 σωτηρίαν,
1379 886 1454 929 ἀλλ’
1476 885 1549 929 οὐκ
1573 885 1811 943 άναιροῦμεν
1833 886 1904 941 τὴν

368 958 440 997 τοῦ
469 960 570 997 θεοῦ
604 959 930 1011 φιλανθρωπίαν,
970 955 1115 1005 εἰδότες
1140 955 1182 997 τὸ
1215 955 1397 1012 κήρυγμα
1427 961 1495 1009 τῆς
1525 954 1713 1008 ἀληθείας
1741 957 1808 998 καὶ
1837 954 1905 998 τὸν

369 1025 474 1065 ἔλεον
505 1028 575 1065 τοῦ
601 1023 814 1074 δεσπότου,
852 1025 918 1065 καὶ
946 1023 988 1065 τό
1019 1023 1264 1080 συγγνωστόν
1291 1030 1360 1078 τῆς
1390 1023 1568 1076 φύσεως,
1608 1022 1651 1066 w*
1685 1023 1905 1078 εὕρίπιστον

370 1096 440 1144 τῆς
459 1096 613 1145 ψυχῆς,
644 1090 685 1134 τό
711 1090 874 1141 ἀσθενὲς
895 1097 963 1146 τῆς
994 1091 1158 1147 σαρκός,
1190 1091 1232 1134 τό
1257 1091 1523 1146 πολύβλυστον
1552 1097 1622 1146 τῆς
1649 1097 1726 1134 τῶν
1755 1096 1905 1134 πολλῶν

370 1157 599 1215 ἀνθρώπων
624 1159 853 1213 αἰσθήσεως.
915 1159 1027 1202 Διότι
1055 1159 1184 1209 οὐδεὶς
1206 1159 1496 1215 ἀναμάρτητος,
1527 1162 1594 1202 καὶ
1614 1159 1796 1215 καθαρὸς
1825 1158 1902 1202 οἷπὸ

371 1226 520 1279 ῥύπου,
553 1226 635 1270 οὐδ’
663 1227 711 1269 ἂν
737 1231 839 1281 6μία
863 1226 989 1283 ἡμέρα
1017 1226 1039 1269 ὁ
1069 1231 1157 1281 βίος
1188 1227 1308 1270 αὐτοῦ
1333 1230 1396 1270 ἐπὶ
1428 1233 1497 1282 τῆς
1528 1234 1609 1284 γῆς.
1673 1230 1752 1270 Καὶ
1781 1226 1807 1282 ’ἡ
1836 1228 1905 1282 μὲν

369 1298 489 1337 τελεία
522 1295 705 1349 μετάνοια
737 1297 779 1337 ἐν
809 1300 862 1353 τῷ
893 1301 1044 1352 λουτρῷ
1075 1295 1263 1350 τυγχάνει.
1323 1299 1378 1337 Εἰ
1405 1298 1448 1337 δέ
1474 1314 1532 1345 τις
1560 1297 1798 1352 παρέπεσεν,
1831 1293 1904 1338 οὐκ

371 1362 527 1405 ἅπόλλει
553 1368 691 1405 τοῦτον
713 1361 738 1416 ἡ
759 1362 849 1418 ἁγία
870 1368 942 1405 τοῦ
961 1367 1062 1405 θεοῦ
1092 1365 1290 1416 ἐκκλησία·
1330 1367 1467 1406 δίδωσι
1489 1363 1563 1419 γάρ
1588 1364 1808 1416 ἐπάνοδον,
1837 1365 1903 1406 καὶ

371 1431 464 1485 μετοῖ·
499 1430 570 1484 τήν
601 1430 809 1484 μετάνοιαν
839 1430 912 1484 την
945 1432 1202 1484 μεταμέλειαν.
1268 1435 1329 1489 Τῷ
1366 1431 1440 1487 γάρ
1474 1431 1579 1473 Κάϊν
1609 1431 1714 1474 εἶπεν
1743 1430 1765 1474 ὅ
1794 1430 1904 1483 θεδς,

361 1500 578 1553 ”Ημαρτες,
609 1498 822 1553 ἡσύχασον,
854 1500 921 1540 καὶ
946 1503 998 1556 τῷ
1025 1504 1297 1556 παραλυτικῷ,
1325 1497 1456 1551 Ἰδοῦ,
1487 1498 1600 1555 ὑγιής
1625 1501 1804 1555 γέγονας,
1835 1517 1905 1554 μη-

371 1569 450 1610 κέτι
472 1566 677 1624 ἁμάρτανε.
724 1568 804 1608 Καὶ
829 1569 985 1622 Πέτρον
1003 1565 1252 1609 οἷνακαλεῖται
1270 1565 1293 1609 ό
1309 1566 1447 1621 κύριος
1467 1567 1560 1622 μετα
1579 1567 1621 1610 τό
1643 1566 1906 1624 ἀρνήσασθαι,

372 1638 437 1677 καὶ
471 1634 557 1677 ἀντὶ
584 1641 662 1678 τῶν
691 1640 811 1691 τριῶν
840 1633 1038 1689 ἄρνησεων
1063 1638 1146 1691 τρὶς
1172 1634 1291 1677 αὐτόν
1314 1641 1584 1692 προςκαλεῖται
1607 1638 1661 1684 εἰς
1687 1633 1906 1692 ὁμολογίαν,

371 1703 542 1761 Ἀγαπᾷς
571 1721 639 1758 με,
674 1705 820 1760 Πέτρε,
854 1707 921 1746 καί
950 1719 1068 1758 φησι,
1103 1707 1296 1758 Ποίμαινε
1325 1703 1372 1746 τά
1402 1703 1584 1760 πρόβατά
1614 1722 1702 1758 μου.

485 1908 654 1962 Σφάλλει
678 1909 718 1950 δὲ
738 1908 883 1958 αὐτούς
905 1909 949 1952 τὸ
972 1908 1091 1965 ῥητὸν
1112 1914 1183 1952 τοῦ
1204 1907 1423 1951 ἀποστόλου
1446 1910 1662 1964 εἰρημένον,
1692 1907 1906 1951 Ἀδύνατον

371 1976 464 2026 τοὺς
488 1976 591 2027 ἅπαξ
618 1978 889 2029 φωτισθέντας
916 1979 983 2020 καὶ
1006 1977 1126 2020 καλὸν
1148 1979 1413 2034 γευσαμένους
1441 1982 1541 2019 θεοῦ
1562 1980 1688 2032 ῥῆμα,
1721 1976 1906 2032 δυνάμεις

370 2063 410 2088 τε
431 2050 501 2088 τοῦ
522 2047 726 2099 μέλλοντος
749 2048 912 2098 αἰῶνος,
942 2047 1008 2088 καὶ
1030 2045 1343 2101 παραπεσόντας,
1375 2044 1491 2088 πάλιν
1510 2044 1781 2098 ἀνακαινίζειν,
1811 2043 1902 2088 ἄνα-

379 2119 644 2169 σταυροῦντας
667 2115 819 2162 ἑαυτοῖς
842 2114 910 2156 τόν
931 2113 1018 2157 υῖὸν
1043 2120 1114 2157 τοῦ
1142 2119 1265 2166 θεοῦ,
1297 2115 1362 2156 καὶ
1391 2117 1825 2170 παραδειγματίζοντας·
1856 2118 1906 2170 γῆ

373 2181 446 2237 γάρ
479 2180 505 2236 η’
536 2186 680 2224 πιοῦσα
705 2181 773 2224 τόν
800 2180 862 2224 ἐπ’
882 2182 1004 2237 αὐτῆς
1030 2182 1214 2231 πολλάκις
1237 2182 1442 2236 ἐρχόμενον
1463 2180 1597 2234 ὑετόν,
1629 2183 1695 2224 καὶ
1725 2185 1906 2224 τίκτουσα

373 2249 544 2304 βοτάνην
571 2249 734 2293 εὔθετον
764 2252 924 2300 ἐκείνοις
954 2249 1002 2293 δι’
1027 2250 1097 2300 οὓς
1124 2253 1192 2293 καὶ
1217 2257 1459 2307 γεωργεῖται,
1490 2249 1774 2304 μεταλαμβάνει
1799 2249 1904 2292 εὐλο-

374 2322 484 2374 γίας,
522 2320 742 2375 ἐκφέρουσα
773 2319 815 2360 δὲ
848 2317 1028 2369 ἀκάνθας
1060 2321 1128 2361 καὶ
1160 2319 1383 2375 τριβόλους,
1421 2317 1610 2372 ἀδόκιμος
1638 2319 1705 2360 καὶ
1733 2317 1906 2374 κατάρας

376 2387 511 2442 ἐγγύς,
543 2382 591 2441 ἧς
614 2386 656 2429 vd
680 2388 786 2436 τέλος
811 2389 866 2436 εἰς
886 2393 1035 2430 καῦσιν.
1096 2389 1176 2430 Καὶ
1200 2387 1273 2443 γάρ
1297 2392 1351 2445 τῷ
1374 2387 1442 2441 μὲν
1464 2385 1546 2429 ὅντι
1569 2385 1660 2435 τούς
1682 2385 1786 2436 ἅπαξ
1813 2384 1906 2428 ἄνα-

376 2457 652 2504 καινισθέντας
676 2457 744 2498 καὶ
763 2455 1061 2510 παραπεσόντας
1080 2454 1338 2506 ἀνακαινίζειν
1359 2454 1566 2497 ἀδύνατον.
1630 2453 1729 2496 Οὔτε
1752 2452 1825 2510 γάρ
1850 2455 1905 2496 ἔτι

377 2522 655 2579 γεννηθήσεται
682 2523 869 2579 Χριστὸς,
899 2526 964 2565 ἵνα
993 2529 1205 2582 σταυρωθῇ
1231 2522 1328 2579 ὑπὲρ
1352 2521 1486 2577 ἡμῶν,
1517 2522 1607 2564 οὔτε
1636 2521 1906 2577 ἆ-νασταυροῦν

377 2592 540 2634 δύναταί
558 2610 613 2642 τις
634 2591 702 2634 τόν
722 2591 810 2634 υἵόν
827 2596 895 2634 τοῦ
918 2596 1030 2642 θεοῦ,
1061 2591 1130 2633 τόν
1155 2593 1287 2646 μηκέτι
1306 2590 1605 2647 σταυρούμενον,
1637 2589 1725 2633 οὔτε
1741 2589 1905 2632 δύναταί

376 2678 434 2709 τις
459 2659 621 2717 λουτρόν
646 2660 825 2715 δεύτερον
855 2659 1084 2713 λαμβάνειν,
1113 2663 1158 2702 ἓν
1182 2661 1256 2715 γάρ
1285 2661 1363 2702 ἐστι
1385 2659 1427 2701 τὸ
1457 2658 1675 2713 βάπτισμα,
1706 2659 1773 2700 καὶ
1798 2656 1853 2707 εἷς
1882 2655 1906 2699 ὅ

379 2728 635 2783 ε’γκαινισμός.
692 2727 803 2770 Ἀλλοὶ
828 2727 950 2776 εὐθύς
971 2729 1146 2782 ἐπιφέρει
1167 2727 1238 2781 τήν
1258 2731 1408 2770 τούτων
1430 2729 1532 2769 ἰἀσιν
1558 2725 1580 2768 ό
1606 2726 1715 2782 ἅγιος
1737 2725 1902 2768 οἷπόστο-

377 2801 463 2849 λος,
499 2796 570 2851 τὴν
603 2799 808 2851 ἐκκλησίαν
834 2795 1044 2852 ἰατρεύων,
1082 2797 1149 2838 καὶ
1179 2801 1256 2838 τῶν
1288 2795 1409 2850 αὐτῆς
1441 2799 1565 2849 μελῶν
1589 2793 1902 2848 ἐπιμελούμενος,

423 2924 498 2955 CAP.
527 2926 547 2956 Ι.
573 2943 615 2948 -
664 2924 692 2957 1.
718 2921 779 2958 ὕπὸ
804 2926 935 2956 correxit
957 2925 1014 2957 Ios.
1037 2925 1113 2956 Sca·
1203 2921 1235 2954 2.
1262 2919 1354 2968 αὐτῷ
1385 2921 1552 2965 ἑπομένοις
1573 2919 1621 2964 μὴ
1647 2918 1814 2965 ςΒελῆσοισι
1836 2921 1905 2954 cod.

375 2970 461 3010 lz‘9cr.
512 2971 557 3001 An
587 2972 689 3009 potius
720 2967 804 3011 πρὸς
826 2968 1039 3011 Μαξιμίνουῖ)
1076 2987 1115 2992 -
1165 2969 1264 3000 Venel-

375 3012 437 3057 πρό
460 3014 516 3047 τοῦ
530 3013 713 3057 Μαξιμίνου
737 3017 847 3055 leyicur
866 3017 897 3047 in
914 3016 981 3047 cod.
996 3016 1116 3047 Veneto.
