2066 3319
478 171 660 203 PANARH
683 171 767 203 Liss.
788 173 826 204 tt.
849 173 957 205 ToM.
982 175 1020 205 ιι.
1049 174 1178 206 men.
1200 174 1322 206 vat.
1599 168 1678 206 513

244 249 323 292 Sed
359 251 403 290 ad
439 250 539 290 illam
576 250 783 291 salvatoris
819 265 955 292 vocem
990 251 1248 294 Manichacus
1283 253 1548 306 adhaerescit,
1592 269 1678 295 cum

127 319 189 360 ille
215 317 330 369 dixit,
365 320 496 358 Simile
519 326 576 357 est
597 334 754 370 regnam
777 321 964 358 coelorum
996 323 1140 360 leomme'
1157 325 1268 373 patri
1277 324 1453 373 fimu'le'as
1480 325 1548 374 (μα’
1568 326 1677 361 semi-

126 390 229 427 navit
255 390 293 425 ιἸι
325 401 421 438 agro
454 402 522 426 suo
547 387 679 426 bonnm
711 402 832 426 semen
846 404 857 426 :
904 403 985 426 eum
1009 398 1131 428 aulem
1154 393 1361 428 domuit-em
1384 392 1570 438 lamam-s,
1606 394 1677 429 im·-

128 458 246 495 mieus
272 456 380 493 homo
404 458 525 502 venit,
561 462 598 492 et
621 458 818 494 senze'uam'l
842 459 996 495 zt'zam'a
1011 474 1023 495 .·
1070 465 1145 496 mm
1168 461 1223 495 sie
1245 461 1283 495 ei
1301 462 1404 496 serve·
1431 461 1550 497 loc-ute·
1576 467 1677 505 snut,

126 525 262 563 Nonne
287 524 419 561 bouum
447 537 568 561 semen
600 526 798 561 seminasti
824 527 860 562 e‘u
895 529 1019 574 agro?
1077 527 1162 575 Ego
1192 540 1276 563 vero
1297 529 1496 573 seminavi,
1531 541 1683 578 respon-

125 594 193 630 de't.
263 592 366 630 Unde
397 594 519 641 z'gw'lm·
554 593 740 630 zizamh?
780 594 982 638 Inimicus,
1019 592 1163 646 inquit,
1203 595 1310 631 homo
1343 596 1412 631 hoe
1435 596 1549 645 scell.
1614 597 1687 632 (lai

125 661 246 706 servi,
283 662 368 706 Vis,
404 662 600 711 inquiunt,
636 673 782 707 eamus,
817 667 855 697 et
879 663 1109 711 eoelt'lyyemus
1133 663 1320 699 zizania?
1365 663 1506 711 Quibus
1533 664 1597 700 ille
1625 664 1681 699 (Ιί-

125 730 205 775 sit,
241 728 353 774 N0n5
386 742 433 765 lte
442 728 554 779 sorte
578 730 812 778 etlilyumles
834 730 989 765 zizania
1014 742 1087 765 mm
1113 736 1148 766 et
1173 732 1339 767 triticum
1363 733 1584 781 ‹¹.1·le'17›eli.s·:
1618 732 1684 767 setl

125 799 237 834 sinite
260 809 377 847 usqne
398 797 449 833 ml
471 803 612 847 tempus
635 798 783 842 messis,
818 803 855 833 el
879 797 998 833 tlt'eam
1022 797 1269 843 messot’z'bzm,
1307 799 1485 848 Colltge'le
1509 800 1678 842 ze'zamh,

126 872 163 903 et
186 865 303 915 ligole
325 877 368 902 ea
394 866 431 902 ιή
444 865 680 916 jasciculos,
718 866 883 901 trz'le'eum
909 871 1031 902 aulem
1056 867 1246 903 reeonde'le
1270 868 1306 903 e'lz
1331 867 1480 912 horreo,
1516 873 1552 903 el
1570 880 1683 916 prae-

123 939 259 984 parate
289 934 445 970 ziz-ania
481 934 532 970 ad
559 932 847 970 comburendum
872 934 957 982 igni
983 933 1280 982 z‘neoelz'ngm'bilt'.
1344 931 1557 986 Discipulis
1589 946 1684 972 vero

127 999 230 1040 domi
257 999 310 1039 ita
332 998 560 1053 rogantibus
575 1030 585 1050 ,
619 1002 690 1038 Die
714 1000 820 1048 nobis
838 1000 1059 1050 parabolam
1079 1003 1335 1047 zizaniorum,
1370 1000 1581 1054 explicavit
1602 999 1681 1050 ille,

128 1081 177 1109 ue
212 1067 329 1108 ullam
363 1066 568 1121 impostori
600 1067 883 1121 oppugnandae
918 1067 1096 1108 veritatis
1139 1067 1387 1108 occasionem
1427 1067 1682 1121 relinqueret.

129 1133 263 1190 Quare
287 1135 491 1191 perspicue
520 1135 698 1176 dominus
725 1135 779 1176 ita
808 1136 1041 1190 respondet:
1093 1139 1169 1186 Qui
1190 1137 1346 1183 boman,
1382 1135 1530 1190 inquit,
1563 1150 1684 1174 semen

127 1207 344 1252 seminavit,
388 1206 480 1243 deus
513 1211 589 1251 est,
637 1218 732 1255 aget·
762 1211 820 1242 est
850 1206 1033 1252 numidas,
1078 1207 1235 1244 zizania
1271 1206 1365 1243 mali
1391 1206 1556 1242 homines
1579 1211 1681 1251 sunt,

129 1275 304 1312 mimicus
329 1275 435 1311 homo
459 1280 517 1311 est
539 1273 712 1311 diabolus
725 1302 735 1320 ,
771 1287 952 1311 messores
977 1275 1126 1324 angeli,
1162 1275 1292 1311 messis
1314 1275 1395 1324 Ipsa
1418 1275 1685 1311 consummatio

128 1343 269 1389 seculi,
306 1344 470 1380 triticum
500 1354 617 1392 porro
658 1343 734 1379 viri
767 1341 866 1379 boni.
933 1338 1032 1381 Cum
1065 1340 1185 1394 igitur
1211 1340 1390 1380 dominus
1421 1340 1570 1394 angelis
1604 1339 1685 1380 suis

130 1409 400 1465 praeceperit,
446 1408 481 1448 hi
519 1408 706 1448 collectos
740 1408 778 1447 in
815 1422 931 1448 unum
963 1415 1216 1463 peccatoreS,
1260 1422 1303 1448 ac
1335 1422 1458 1462 regno
1486 1408 1684 1448 coelorum

130 1477 316 1518 exclusos
354 1476 662 1517 concremandos
699 1476 867 1516 tradent.
932 1476 1247 1516 Animadvertite
1282 1489 1454 1529 quaeso,
1498 1483 1687 1530 quotquot

1729 255 1808 297 Cap.

1716 300 1840 330 lxvi.

1715 343 1831 370 Minu.

1733 378 1781 412 13,
1802 378 1843 403 ²⁸.

130 1545 224 1586 estis
249 1545 426 1585 veritatis
455 1544 542 1594 lilii,
578 1557 843 1598 quaecumque
873 1558 998 1584 novus
1030 1544 1092 1584 ille
1120 1542 1264 1584 Iannes
1293 1557 1338 1583 ac
1369 1541 1521 1584 lambre
1551 1543 1682 1584 dicere
1699 1544 1807 1573 ²·Tim-
1828 1546 1890 1577 ³2⁸-

132 1613 382 1668 aggreditur,
428 1619 563 1653 contra
596 1612 764 1667 seipsum
790 1612 984 1666 proferre.
1049 1610 1206 1652 Etenim
1231 1626 1316 1651 cum
1344 1611 1407 1651 ille
1434 1612 1616 1652 mundum
1640 1613 1685 1652 ad

131 1682 244 1722 deum
268 1687 448 1736 spectare
473 1687 612 1734 neget,
648 1687 783 1720 contra
817 1680 992 1720 salvator
1022 1679 1094 1720 lioc
1119 1680 1205 1720 loco
1231 1687 1270 1719 et
1293 1693 1427 1733 agrum
1456 1693 1544 1719 esse
1576 1694 1687 1720 muu-

132 1749 219 1790 dum
247 1748 545 1804 interpretatur,
581 1755 618 1788 et
639 1755 786 1803 patrem
812 1747 975 1788 familias
997 1748 1157 1802 agrique
1182 1747 1378 1787 dominum
1401 1755 1549 1802 patrem
1574 1761 1684 1788 suum

132 1817 325 1873 appellat,
366 1816 429 1871 qui
456 1817 597 1857 bonum
630 1816 721 1856 illud
756 1829 889 1856 semen
923 1815 1265 1871 proseminaverit.
1327 1813 1470 1869 Neque
1494 1829 1590 1856 vero
1622 1823 1690 1856 aut

133 1901 155 1927 a
179 1885 409 1941 corporibus
433 1885 599 1936 animas,
636 1891 702 1924 aut
728 1884 774 1925 ab
802 1884 1004 1924 animabus
1025 1898 1189 1939 corpora
1212 1883 1434 1938 separavit,
1468 1884 1534 1924 sed
1561 1883 1688 1923 inimi—

135 1969 221 1996 cum
248 1954 442 1994 hominem
478 1953 633 1993 zizania
659 1952 888 1994 consevisse
925 1959 1080 2003 narrat,
1114 1952 1187 1992 hoc
1214 1958 1275 1992 est
1299 1951 1534 2006 depravatos
1566 1951 1689 1992 homi-

132 2036 218 2063 nes.
280 2020 370 2062 Nec
400 2021 577 2062 homines
600 2022 708 2076 ipsos
734 2021 900 2062 seorsim
927 2022 973 2061 de
1005 2020 1233 2076 corporibus
1264 2019 1437 2074 accepit,
1472 2021 1541 2061 sed
1565 2020 1688 2060 malos

133 2090 311 2131 homines
343 2090 578 2131 coniunctim
606 2090 788 2145 appellat.
852 2088 911 2130 lta
944 2089 1087 2130 bonum
1122 2102 1259 2129 semen
1291 2102 1312 2128 e
1349 2088 1547 2128 contrario
1580 2095 1690 2143 pater

134 2158 300 2200 familias
333 2158 372 2199 in
408 2173 503 2213 agro
529 2172 600 2199 suo
632 2158 823 2210 seminat,
859 2157 982 2198 bonos
1010 2156 1193 2199 videlicet
1215 2156 1416 2208 homines,
1453 2171 1528 2196 non
1551 2156 1687 2196 horum

134 2228 326 2268 duntaxat
345 2226 520 2278 animas,
556 2227 623 2267 sed
649 2226 789 2277 bonos,
823 2226 996 2281 inquam,
1029 2239 1194 2281 corpore
1217 2225 1421 2279 animaque
1444 2231 1685 2265 constantes.

135 2293 333 2349 Quocirca
368 2303 443 2336 tam
467 2295 562 2335 deus
589 2295 731 2335 bonum
758 2294 798 2335 in
829 2294 1048 2335 hominibus
1077 2294 1252 2335 doctrina
1281 2308 1351 2334 sua
1376 2307 1488 2347 quam
1514 2292 1690 2332 diabolus

134 2364 235 2404 mala
270 2364 405 2405 iisdem
439 2363 476 2403 in
513 2363 734 2404 hominibus
765 2362 1011 2418 improbitate
1045 2377 1116 2404 sua
1142 2362 1330 2403 conserit.
1396 2360 1690 2415 Quamcumque

134 2446 230 2474 vero
257 2446 328 2473 nos
351 2432 388 2472 in
417 2439 565 2487 partem
589 2439 808 2483 vertamus,
843 2431 1012 2472 radicem
1037 2431 1239 2486 pravitatis
1264 2429 1407 2470 nullam
1429 2428 1688 2483 reperiemus,

135 2500 203 2541 sed
227 2514 274 2541 ea
296 2500 419 2541 solum
446 2514 565 2555 opera
597 2514 697 2555 quae
730 2514 751 2541 a
784 2499 896 2540 nobis
934 2506 1224 2555 perpetrantur.
1286 2499 1347 2538 Ac
1372 2511 1419 2537 ne
1445 2496 1690 2537 zizaniorum

137 2568 289 2623 quidem
322 2575 431 2610 satus
460 2569 563 2609 illius
597 2582 736 2610 caussa
769 2567 945 2609 diabolus
976 2575 1059 2618 est,
1102 2566 1232 2608 statim
1266 2565 1368 2606 enim
1405 2565 1494 2605 illud
1520 2564 1688 2614 additur,

139 2640 230 2677 Cum
264 2640 475 2677 dormirent
497 2639 676 2677 homines.
739 2635 834 2678 Non
874 2636 994 2688 dixit,
1040 2633 1140 2677 Cum
1179 2633 1367 2674 dormiret
1396 2631 1689 2688 paterfamilias.

137 2811 189 2842 bat
213 2805 364 2851 εὔκρινεῐ.
400 2809 487 2840 Libri
501 2809 612 2840 habent
633 2803 670 2841 ου’
684 2806 796 2850 κρίνει.
829 2809 892 2840 Pro
938 2806 1110 2846 νοεῐσὲαι,
1136 2805 1210 2836 ibid.
1233 2813 1302 2844 cop.
1326 2803 1378 2838 17.
1402 2801 1563 2848 ἐκρύβετο
1587 2802 1619 2837 ἐν
1643 2803 1692 2845 τῷ

139 2850 274 2899 ἀκριβοῖ
299 2856 399 2894 possis
433 2856 525 2885 etiam
557 2849 593 2886 ου’
621 2852 748 2897 κρύβει.
798 2855 893 2885 Verbo
940 2848 1047 2894 ἀγρῷ.

139 2898 256 2943 κρύβω
289 2899 344 2943 (de
375 2909 436 2940 quo
467 2900 506 2939 cs.
537 2900 666 2930 Lobech.
699 2899 743 2930 ad
775 2899 892 2937 Phryn.
986 2902 1016 2929 4.
1039 2891 1057 2928 ‘c'
1079 2897 1172 2948 vulfio
1193 2896 1287 2925 abest.

136 2955 170 2984 p.
192 2944 288 2988 317.)
314 2954 391 2976 usus
410 2947 451 2975 εει
475 2945 672 2984 Epiphanius
693 2946 785 2975 etiam
810 2944 893 2974 haer.
987 2943 1016 2974 ὁ.
1043 2937 1074 2983 γ’
1098 2952 1154 2974 ουν
1177 2941 1244 2972 cod.
1271 2941 1332 2972 len.
1356 2941 1476 2981 ubique.

139 2986 205 3029 34,
232 2989 281 3021 15.
314 2987 347 3023 ἐν
367 2992 436 3027 τοῖς
462 2988 663 3032 σπλάγχνοις
686 2987 895 3033 κρυβομένην

217 3042 333 3079 Corpus
352 3043 533 3072 tiaereseol.
554 3043 591 3071 lt.
610 3044 636 3072 2.
1368 3044 1420 3084 33
