2066 3319
456 183 635 219 PANARn
660 188 742 219 Lm.
764 188 802 220 n.
825 189 930 220 Toxi.
952 191 977 221 1.
1004 190 1132 222 naen.
1155 190 1277 222 inv.
1558 182 1637 222 323

102 267 254 308 modum
280 265 468 306 orationis
492 267 695 306 excedam.
761 266 845 307 Hoc
867 268 939 307 iam
966 270 1065 309 enim
1094 270 1233 309 intueri
1264 270 1440 323 potestis,
1476 270 1637 321 iudices,

103 334 200 374 haec
224 334 387 388 apostoli
412 334 555 374 verba:
589 337 674 386 Ego
696 337 856 374 vivebam
882 340 961 375 sine
981 340 1062 388 lege
1082 340 1296 389 (ιΙιίμιαητΙο,
1333 352 1383 378 ex
1410 338 1570 393 epistola
1595 339 1639 378 ad

100 400 324 453 Romanos,
358 415 599 456 nequaquam
623 403 670 442 ad
695 417 780 443 eam
806 405 908 444 vitae
932 406 1120 445 rationem
1149 419 1261 460 posse
1288 408 1500 446 convenire
1526 421 1638 460 qnam

100 477 189 511 ante
221 484 361 525 corpus
389 470 515 510 anima
549 479 759 511 consecuta
788 473 924 523 suerit,
959 481 999 513 ut
1024 487 1075 513 ex
1103 474 1429 526 consequentibns
1462 483 1636 528 apparet.

100 536 275 578 Tametsi
300 539 481 592 egregius
506 539 569 579 ille
601 540 774 580 medicus
799 554 1001 581 sacrorum
1029 541 1237 581 verborum
1267 541 1450 581 detractis
1482 542 1641 595 reliquis

100 606 264 661 apostoli
295 613 461 647 mentem
492 608 537 647 ad
563 606 783 661 opinionem
813 622 922 648 suam
947 609 1140 649 violenter
1165 610 1383 649 transferre
1415 613 1638 651 contendat.

99 672 143 714 ln
165 689 240 728 quo
265 689 395 730 parum
424 675 595 726 medice,
629 675 706 716 imo
728 690 824 716 vero
849 677 1069 731 pueriliter,
1104 690 1193 716 sese
1215 677 1353 730 gessit.
1417 676 1515 718 Cum
1540 679 1641 718 enim

99 743 156 783 sic
183 750 362 797 tanquam
388 757 593 798 corporum
621 744 792 784 membra
818 746 863 784 ad
888 745 1080 799 propriam
1106 745 1399 784 commissuram
1424 760 1467 785 ac
1493 745 1642 787 iunctu-

99 825 180 852 ram
204 813 499 853 accommodare
524 812 716 862 debuerit,
750 819 791 852 ut
813 811 965 865 integra
990 826 1035 852 ac
1058 813 1186 853 nativa
1213 812 1388 867 corporis
1413 813 1532 867 figura
1560 828 1642 853 ser-

102 887 237 930 vetur,
272 894 293 921 e
320 880 517 921 contrario
541 880 757 935 scripturae
783 881 958 935 neglecta
983 880 1086 921 serie
1118 882 1291 921 mutilum
1323 895 1465 936 corpus
1497 881 1640 933 effecit,

100 948 258 1004 perinde
284 963 328 989 ac
353 947 498 1004 Scytha
528 949 668 989 hostile
698 962 839 1003 corpus
871 949 1081 989 crudeliter
1109 949 1345 1001 conficiens,
1381 949 1642 989 membratim-

99 1031 172 1071 que
209 1017 434 1058 concidens.
504 1015 583 1058 Sed
617 1016 712 1057 haec
744 1017 862 1058 missa
897 1017 1098 1057 faciamus.
1168 1018 1326 1058 Atenim
1361 1018 1512 1068 dicent,
1559 1016 1642 1058 Cur

100 1085 193 1125 haec
227 1085 273 1126 ab
299 1085 475 1139 apostolo
501 1086 747 1141 pronuntiata
773 1092 884 1135 sunt,
919 1085 951 1125 si
977 1092 1015 1125 tu
1040 1086 1086 1125 ad
1119 1100 1204 1126 eum
1238 1087 1390 1126 modum
1426 1086 1568 1126 habere
1599 1100 1642 1127 se

99 1154 173 1194 ista
205 1153 439 1208 negaveris?
497 1153 735 1209 Respondeo
771 1168 840 1209 pro
874 1161 1082 1208 praecepto
1114 1154 1238 1208 legem
1276 1154 1379 1194 illum
1413 1169 1639 1210 usurpasse.

100 1219 226 1262 Detur
257 1222 360 1262 enim
394 1222 465 1262 hoc
494 1222 666 1277 opinioni
702 1221 864 1277 prImum
901 1229 1082 1273 vestrae,
1117 1230 1364 1277 praeceptum
1391 1222 1438 1263 ab
1467 1223 1642 1278 apostolo

99 1290 225 1344 legem
263 1290 461 1346 appellari.
523 1289 615 1331 Non
647 1291 791 1331 idcirco
825 1297 953 1331 tamen
985 1291 1159 1346 corporis
1194 1291 1379 1345 expertes
1413 1298 1502 1331 ante
1533 1305 1643 1346 prae-

100 1366 249 1414 ceptum
273 1359 417 1413 primos
439 1367 621 1414 parentes
644 1360 762 1399 ruisse
787 1359 937 1410 statuit,
966 1360 1033 1399 sed
1055 1360 1246 1399 immunes
1271 1374 1290 1399 a
1317 1368 1492 1415 peccato.
1542 1359 1642 1401 Bre-

101 1440 147 1468 ve
173 1427 273 1467 enim
298 1426 388 1467 itlud
421 1434 569 1482 tempus
604 1428 672 1467 fuit
699 1428 798 1481 quod
824 1427 926 1468 inter
954 1427 1105 1468 illorum
1131 1428 1369 1468 creationem
1405 1436 1519 1483 atque
1552 1430 1643 1469 editi

101 1495 296 1550 praecepti
323 1502 472 1550 tempus
498 1495 745 1545 intercessit,
781 1495 817 1534 in
846 1510 920 1549 qno
950 1496 1035 1535 sine
1071 1503 1229 1550 peccato
1259 1496 1382 1547 vixit,
1417 1511 1493 1536 non
1527 1504 1642 1538 extra

104 1565 118 1617 i}
137 1577 292 1618 corpuS,
318 1564 384 1604 sed
403 1578 487 1604 cum
512 1577 691 1618 corpore.
727 1561 868 1603 Statim
890 1563 1007 1617 igitur
1029 1571 1115 1618 post
1135 1571 1381 1619 praeceptum
1401 1573 1488 1605 sunt
1509 1565 1639 1616 eiecti,

101 1646 146 1672 ac
170 1631 361 1686 perbreve
399 1638 547 1687 tempus
581 1632 781 1672 iuventute
812 1645 880 1672 sua
911 1631 949 1671 in
977 1630 1166 1673 Paradiso
1189 1633 1292 1672 fruiti
1319 1640 1425 1673 sunt.
1490 1632 1532 1674 Si
1557 1635 1641 1688 qnis

101 1706 229 1739 autem
252 1699 392 1739 dictum
420 1700 612 1754 arripiens
634 1699 740 1751 illud,
778 1704 866 1739 Cum
887 1704 980 1739 em'm
1004 1703 1041 1739 in
1064 1716 1177 1740 earne
1198 1716 1372 1749 essemus,
1401 1710 1642 1754 peccatorum

95 1782 166 1820 per
181 1770 298 1819 legem
317 1771 512 1820 passiones
534 1769 708 1820 tegebant
725 1772 762 1807 in
784 1769 941 1807 artubus
961 1772 1115 1816 nostris,
1143 1783 1330 1810 accusare
1355 1784 1510 1810 carnem
1536 1771 1640 1811 illurn

100 1843 138 1876 et
162 1836 449 1891 reprehendere
473 1836 702 1886 arbitratur,
738 1851 810 1890 age
835 1837 1042 1892 proferatis
1067 1851 1333 1892 quaecumque
1359 1838 1393 1878 id
1419 1853 1543 1892 genus
1567 1840 1642 1879 alia

99 1912 189 1945 sunt
212 1905 334 1955 dicta,
369 1906 502 1959 quale,
543 1907 588 1943 Ul
613 1908 831 1957 z'uslefieate‘o
855 1907 950 1956 legis
979 1907 1227 1958 compleretur
1251 1909 1288 1945 ite
1312 1908 1439 1954 nobis,
1475 1911 1543 1960 qul
1569 1922 1641 1948 71on

98 1975 305 2012 carnaliter
323 1976 539 2021 the-edimus,
570 1976 636 2012 sed
653 1976 893 2025 spz'rz'lalc'ler,
924 1973 985 2014 vel
1004 1974 1112 2025 illud,
1136 1977 1232 2014 Nam
1258 1978 1326 2027 qui
1343 1978 1515 2015 carnales
1534 1984 1635 2024 sunt,

98 2056 159 2081 res
181 2045 309 2081 earnis
328 2045 507 2089 sentiunt,
543 2045 611 2094 qui
626 2050 747 2081 aulem
766 2044 970 2094 spiritales,
1005 2057 1066 2081 res
1084 2047 1262 2095 spz't’z'tus5
1296 2047 1423 2082 carnis
1441 2048 1535 2083 enim
1556 2060 1639 2084 sen·

97 2124 162 2149 sus
184 2124 283 2149 mors
304 2118 373 2158 est,
407 2113 564 2162 spiritns
590 2125 674 2150 vero
702 2113 775 2149 vim
799 2119 836 2149 et
851 2125 954 2162 paoe:
988 2114 1121 2164 qmpJJe
1141 2115 1267 2151 earnis
1287 2115 1470 2164 sapientia
1491 2116 1640 2152 zbez'tm’ca

99 2181 187 2227 de03
223 2180 303 2230 legi
322 2182 417 2218 enim
441 2181 504 2218 dee·
525 2194 598 2218 non
619 2180 818 2227 subicitur,
853 2194 925 2218 reon
957 2183 1051 2219 em’m
1079 2189 1224 2232 polest:
1258 2196 1321 2220 vos
1345 2196 1429 2220 vero
1451 2196 1523 2220 non
1551 2184 1639 2220 eslz‘s

99 2250 136 2286 in
157 2261 289 2296 earne,
323 2250 443 2287 sedin
466 2251 616 2300 spirim.
681 2246 897 2288 Dicendum
921 2248 998 2298 illi,
1032 2247 1136 2289 Num
1167 2248 1284 2304 igitur
1311 2249 1381 2289 iam
1415 2250 1641 2289 decesserat

99 2316 297 2370 apostolus
322 2317 367 2356 de
392 2315 494 2366 vita,
529 2324 568 2356 et
593 2316 618 2356 ii
646 2316 783 2370 quibus
810 2316 904 2357 haec
929 2317 1158 2367 mandabat,
1193 2317 1226 2357 si
1253 2332 1328 2358 non
1354 2318 1508 2357 carnale
1538 2331 1638 2357 nnnc

100 2385 201 2425 vitae
223 2397 346 2438 genus
374 2384 696 2439 reprehenderet,
731 2385 797 2425 sed
822 2399 994 2436 caruem,
1028 2386 1153 2426 autin
1179 2400 1296 2426 carne
1324 2385 1444 2426 fuisse
1466 2385 1634 2439 quidem,

100 2453 167 2493 sed
191 2460 305 2494 extra
331 2467 486 2493 carnem
512 2467 597 2493 eum
622 2453 827 2493 mandasse
854 2453 974 2494 haec?
1023 2453 1115 2495 Non
1142 2461 1201 2495 est
1226 2455 1445 2494 dicendum.
1507 2453 1638 2508 Appa-

99 2529 160 2562 ret
191 2522 294 2562 enim
325 2521 364 2562 in
399 2535 516 2562 carne
553 2522 673 2562 fuisse
707 2529 783 2562 tam
813 2521 937 2577 ipsum
968 2537 1081 2577 quam
1115 2523 1252 2577 quibus
1289 2522 1383 2562 haec
1416 2523 1634 2562 mandabat.

100 2589 306 2645 Quomodo
334 2589 475 2644 igitur,
511 2594 600 2630 Cum
624 2594 718 2630 enim
746 2605 907 2630 essemus
930 2594 967 2631 z'n
992 2606 1124 2638 carne,
1154 2599 1392 2643 peccatoram
1418 2605 1490 2643 per
1519 2593 1637 2643 legem

94 2662 287 2711 passiones
307 2661 483 2712 vigebant
500 2663 538 2699 in
560 2661 718 2699 artubus
735 2663 889 2707 nostris,
919 2660 1081 2710 diceret,
1109 2660 1140 2700 si
1165 2673 1235 2699 nec
1259 2658 1341 2712 ipse
1365 2659 1438 2698 iam
1461 2673 1532 2699 nec
1555 2659 1637 2713 qui-

100 2726 171 2768 bus
200 2728 294 2769 haec
326 2728 532 2770 mandabat
564 2729 745 2769 incarne
773 2728 963 2769 fuissent?
1021 2726 1156 2782 Itaque
1191 2728 1236 2768 de
1272 2727 1460 2769 dissoluto
1491 2742 1637 2782 genere

102 2885 216 2915 usque,
240 2878 272 2908 in
292 2878 381 2909 edilis
403 2879 507 2918 libris,
543 2880 588 2909 uli
611 2880 704 2910 etiam
724 2880 755 2909 in
777 2879 844 2909 cod.
937 2877 967 2907 5.
994 2874 1089 2908 ἐστ-αὶ
1114 2876 1182 2906 cod.
1200 2885 1256 2906 ms.

102 2921 252 2961 Rhedig„
275 2924 389 2954 lacuna
410 2925 595 2963 conspicitur
617 2926 693 2956 satis
715 2933 846 2964 mayna,
935 2920 967 2953 6.
992 2916 1190 2959 ammonium
1214 2921 1280 2952 cod.
1302 2930 1358 2952 ms.
1380 2923 1442 2961 [ere
1461 2923 1582 2962 ubique.

103 2975 197 3006 quam
220 2969 339 3007 explevi
363 2978 418 3008 ope
442 2970 509 3001 cod.
530 2970 640 3002 Veneti.
937 2966 967 2999 Τ.
1007 2968 1081 2998 Voce
1116 2962 1198 3000 ἀλλά
1234 2968 1265 2997 in
1301 2968 1367 2998 cod.
1400 2967 1508 2999 Veneto
1542 2969 1636 3006 incip.

149 3011 179 3043 4·
205 3008 235 3053 γ’
257 3005 311 3046 οὖν
335 3015 401 3045 cod.
426 3024 481 3047 ms.
891 3014 942 3052 [ol.
969 3011 1044 3045 372.
1070 3022 1096 3043 r.

1264 3069 1364 3111 21*

1662 1712 1749 1742 Rom.
1766 1713 1792 1749 7,
1809 1712 1834 1740 5.

1663 1916 1750 1946 Rom.
1772 1918 1798 1953 Β,
1816 1919 1843 1947 4.
