2066 3319
471 177 648 211 PANARn
674 177 756 209 [ΑΒ.
772 178 814 209 11.
839 177 945 209 ToM.
964 178 1003 209 n.
1031 177 1160 209 HAER.
1179 177 1285 209 va.
1564 167 1643 208 393

123 259 334 301 clarissime
357 257 490 312 fulget,
524 257 709 297 nonnullo
734 256 878 312 pudore
903 256 989 298 illos
1016 258 1143 308 afficit,
1178 271 1224 298 ne
1251 257 1428 298 sincerae
1453 255 1645 311 evangelii

121 326 330 382 cognitioni
352 325 503 381 penitus
527 338 743 380 repugnare
768 325 985 365 videantur.
1049 323 1180 378 Quare
1202 326 1252 366 ita
1277 325 1490 380 disputant:
1526 324 1646 364 bomi-

121 409 207 436 nem
232 395 349 435 fuisse
371 392 524 445 Iesum,
558 393 617 434 eui
643 394 688 433 de
711 394 820 434 coelo
843 393 1002 434 verbum
1025 394 1278 449 aspiraverit,
1314 393 1412 434 unde
1434 393 1496 433 illa
1520 393 1647 433 omnia

120 464 166 504 de
196 463 343 517 seipso,
380 469 568 517 quatenus
595 469 655 502 est
686 462 821 513 homo,
857 463 1070 516 profitetur.
1134 461 1286 502 Etenim
1323 469 1429 516 pater
1461 476 1557 502 unus
1589 469 1647 502 est

120 546 204 572 cum
236 531 313 571 filio
347 531 463 581 deus,
508 530 621 570 homo
649 544 742 571 vero
768 544 819 570 ex
847 531 1021 571 inferiori
1053 531 1187 570 ordine
1219 530 1409 585 propriam
1443 544 1646 584 personam

119 613 211 656 prae
233 613 275 640 se
301 600 388 640 sert.
449 597 504 639 lta
531 613 718 653 personae
743 600 899 640 omnino
924 599 1178 639 conficiuntur
1205 600 1315 639 duae.
1366 599 1512 639 Verum
1538 600 1648 639 homo

119 669 213 710 deus
249 682 360 718 esse,
395 682 416 708 ο
441 667 656 707 mortalium
682 668 850 708 omnium
881 666 1153 717 stolidissime,
1186 674 1300 721 atque
1327 667 1372 707 ab
1398 668 1556 707 coelesti
1587 682 1648 707 sa-

119 737 260 793 pientia
284 736 540 776 alienissime!
577 736 638 789 qui
663 738 814 789 potest?
858 734 1010 785 Potest,
1045 735 1079 774 id
1105 736 1201 789 quod
1229 735 1389 785 asseris,
1426 735 1537 775 homo
1560 749 1646 775 esse

120 804 284 860 simplex
308 805 368 859 qui
396 804 447 844 ita
471 805 516 844 de
540 817 583 844 Se
608 804 796 858 loquitur:
833 808 908 854 Qui
926 806 1015 843 vidi(
1037 819 1112 850 me,
1148 807 1239 842 vidit
1258 812 1293 842 el
1313 809 1487 855 patrem?
1545 803 1644 844 Nam
1663 813 1761 840 loanu.
1777 814 1849 845 ¹>t,9.

118 875 150 915 si
176 874 290 915 homo
315 872 502 913 eiusmodi
539 879 598 912 est
624 873 745 926 qualis
781 880 839 913 est
870 879 999 927 pater,
1035 872 1126 911 nihil
1158 872 1217 911 hic
1247 871 1292 911 ab
1318 871 1472 912 homine
1505 872 1648 911 disere-

119 942 236 998 pabit.
297 941 417 995 Atqui
449 941 542 981 deus
570 940 755 991 verbum,
791 941 852 995 qui
879 939 1161 995 perfectissime
1190 947 1363 980 naturam
1395 939 1561 980 hominis
1593 940 1650 980 in-

121 1011 223 1062 duit,
258 1011 452 1065 perfectus
480 1022 602 1062 aeque
627 1009 720 1049 deus
745 1023 765 1049 a
790 1017 898 1064 patre
930 1016 1019 1049 ante
1045 1009 1171 1049 onmia
1196 1009 1445 1064 progenituS,
1480 1022 1555 1048 non
1580 1009 1649 1048 mi-

119 1093 190 1120 nus
216 1080 299 1120 iure
331 1091 442 1133 quam
468 1077 670 1117 evidenter
695 1077 740 1118 de
775 1078 904 1132 seipso
936 1084 1122 1117 testatur:
1168 1080 1242 1128 Qui
1267 1080 1356 1116 vidit
1386 1093 1460 1125 me,
1497 1080 1589 1117 vidit
1616 1086 1650 1117 e!

113 1156 280 1201 patrem,
315 1145 633 1202 quemadmodum
660 1160 711 1186 ex
734 1144 962 1186 Iudaeorum
986 1146 1032 1186 de
1058 1146 1120 1186 illo
1145 1160 1325 1186 sermone
1348 1153 1522 1187 constat:
1564 1149 1649 1187 Non
1663 1156 1798 1190 10a11n.5‚
1812 1157 1850 1184 ιε.

118 1220 211 1257 enim
233 1219 372 1263 solum,
408 1215 459 1255 ait
486 1213 674 1266 loannes,
709 1216 937 1267 quaerebant
957 1217 1168 1267 eielelfieere
1190 1218 1327 1267 ipsum,
1363 1218 1461 1268 qaod
1479 1218 1569 1254 haec·
1579 1217 1646 1269 sa-

119 1293 238 1333 ceret,
271 1288 337 1324 sed
359 1287 465 1323 eliam
480 1314 489 1331 ,
525 1286 610 1335 qaia
633 1286 762 1335 filiam
789 1287 852 1323 (lec'
875 1299 954 1322 sese
985 1286 1143 1331 diceret,
1177 1287 1365 1337 aequalem
1396 1287 1462 1323 deo
1491 1288 1648 1337 seipsum

116 1369 298 1394 asserens.
348 1351 450 1393 Nam
477 1365 560 1392 eum
584 1351 658 1392 illis
681 1351 812 1392 verbis
835 1351 977 1392 utitur:
1014 1356 1088 1402 Qaz'
1106 1355 1197 1391 vidit
1217 1368 1284 1401 me,
1319 1356 1411 1392 ve'clc't
1433 1361 1469 1392 et
1486 1361 1644 1405 patrem,

119 1421 315 1477 aequalem
349 1420 420 1460 sibi
453 1421 563 1460 deum
594 1427 739 1475 patrem
774 1419 988 1461 constituit.
1052 1419 1106 1460 At
1140 1421 1252 1461 homo
1282 1421 1416 1461 similis
1448 1422 1543 1472 deo,
1585 1430 1649 1462 aut

119 1491 219 1531 sicut
249 1490 365 1539 deuS‚
402 1502 488 1530 esse
514 1503 588 1529 non
624 1495 773 1543 potest,
807 1479 872 1528 sed
902 1488 933 1528 is
961 1488 1140 1528 nimirum
1170 1489 1232 1543 qui
1260 1504 1280 1529 a
1310 1490 1382 1529 deo
1416 1497 1523 1545 patre
1556 1491 1649 1530 deus

119 1558 362 1613 unigenaque
387 1557 484 1598 filius
511 1570 650 1597 revera
676 1557 880 1611 processit.
943 1554 1003 1597 De
1031 1571 1104 1611 quo
1136 1558 1207 1598 ista
1241 1565 1404 1598 testatur
1433 1559 1645 1612 apostolus.

121 1629 196 1678 Qui
217 1641 297 1665 enm
321 1630 357 1665 e'n
376 1628 506 1680 forma
534 1628 596 1665 dee¹
613 1634 727 1673 esset,
762 1640 834 1665 mm
858 1628 1025 1677 rapinam
1047 1627 1254 1665 arbitratus
1276 1635 1331 1665 est
1353 1642 1432 1665 esse
1460 1630 1647 1680 aequalem
1668 1636 1743 1665 Phil.
1762 1639 1786 1670 2.
1808 1639 1832 1666 6.

117 1698 205 1743 deo,
239 1697 305 1734 sed
330 1698 560 1747 semeltpsam
596 1698 801 1734 eoee'nam'm'l
834 1696 991 1745 sormam
1023 1699 1125 1734 serm·
1153 1698 1350 1747 accipiens.
1417 1694 1478 1735 Ex
1513 1696 1649 1750 quibus

116 1764 182 1804 illa
205 1763 338 1813 verba,
373 1766 415 1802 In
436 1765 560 1816 forma
585 1771 693 1810 esset,
729 1763 772 1803 ad
801 1763 912 1803 deum
938 1762 1146 1817 pertinent.
1210 1762 1322 1816 Quod
1347 1771 1474 1804 autem
1497 1765 1542 1804 ad
1567 1779 1649 1805 ser-

117 1832 231 1873 vilem
265 1833 425 1872 sormam
456 1832 616 1882 attinet,
652 1831 899 1871 extrinsecus
924 1831 1083 1871 ascitam
1113 1845 1199 1872 esse
1225 1832 1416 1882 declarat,
1451 1846 1522 1873 nec
1548 1833 1649 1873 illius

116 1901 322 1956 aliquando
353 1900 471 1941 fuisse
497 1900 704 1954 significat.
769 1898 846 1940 Sed
874 1913 1060 1954 persaepe
1085 1900 1223 1940 accidit
1249 1907 1288 1941 ut
1314 1901 1489 1941 salvator
1517 1909 1650 1942 noster

116 1983 159 2010 ac
186 1969 362 2010 dominus
388 1966 498 2009 lesus
524 1967 705 2009 Christus
735 1968 904 2022 deusque
933 1968 1092 2008 verbum
1126 1969 1311 2022 quaedam
1344 1969 1511 2010 humano
1543 1985 1649 2011 more

116 2046 154 2079 et
177 2039 222 2078 ad
248 2037 440 2078 hominum
466 2037 692 2077 affectiones
717 2037 1005 2077 accommodate
1027 2038 1212 2091 proferat.
1259 2035 1371 2091 Quod
1393 2045 1470 2078 tum
1493 2038 1649 2079 minime

120 2106 210 2147 fecit
231 2120 315 2147 cum
343 2107 509 2156 diceret,
543 2110 582 2145 A
610 2114 719 2158 patre
743 2121 818 2144 meo
850 2109 968 2153 eoee'vz‘,
1004 2113 1040 2144 et
1065 2109 1180 2145 venio.
1242 2105 1383 2161 Neque
1415 2108 1515 2148 enim
1547 2108 1647 2148 istud
1663 2112 1851 2147 ΜΒΝ-1638.

117 2190 170 2217 ex
200 2175 365 2216 hominis
392 2182 529 2215 natura
563 2175 752 2227 proficisci
781 2174 917 2229 potuit.
979 2171 1057 2215 Sed
1088 2175 1124 2215 id
1153 2176 1301 2216 demum
1332 2176 1533 2230 usurpavit
1563 2190 1646 2216 cum

117 2245 162 2285 de
187 2257 229 2285 se
256 2244 339 2285 iure
364 2244 415 2284 ita
445 2250 607 2283 testatus
633 2249 714 2283 est:
760 2245 807 2282 Se‘
835 2257 902 2295 ego
935 2246 1179 2283 testimonium
1209 2246 1387 2296 perhibeo
1421 2247 1464 2283 (le
1494 2247 1849 2297 rneepso,loann-5‚³l-

117 2316 361 2353 testimoniam
385 2327 499 2351 meum
524 2327 596 2352 non
618 2320 673 2351 esc
693 2326 841 2360 verani,-
875 2326 948 2366 quo
973 2325 1080 2353 suam
1106 2312 1380 2353 humanitatem
1406 2313 1643 2353 ostenderet.

116 2382 172 2423 At
194 2395 214 2423 e
237 2381 433 2422 contrario
457 2382 502 2421 de
528 2395 596 2421 sua
628 2380 828 2421 divinitate
852 2394 1071 2421 sermonem
1103 2381 1333 2432 instituens,
1367 2385 1472 2429 Elsz',
1507 2381 1850 2436 inquit,10ann-8‚18-

117 2466 185 2504 ego
213 2454 457 2490 testimonium
481 2451 658 2503 perhibeo
685 2452 730 2488 de
753 2453 908 2502 tneszo,
945 2453 1188 2490 testimoniam
1211 2465 1325 2489 meum
1351 2465 1474 2489 veram
1495 2458 1573 2499 θείς
1608 2457 1647 2491 ut

119 2533 249 2561 veram
282 2519 320 2559 in
351 2532 394 2559 se
426 2518 663 2559 divinitatem
697 2524 810 2573 atque
841 2518 1115 2560 humanitatem
1148 2519 1398 2574 exprimerett

228 2585 422 2641 Quocirca
450 2601 573 2641 neque
600 2587 650 2627 dii
677 2593 789 2638 sunt,
822 2600 946 2641 neque
982 2595 1110 2643 patres
1136 2588 1235 2637 duo,
1269 2600 1394 2641 neque
1421 2586 1528 2628 verbi
1561 2602 1646 2644 per·
1671 2590 1847 2633 Cap-Vll!-

117 2670 214 2698 sona
245 2656 414 2708 tollitur,
448 2656 626 2710 quoniam
654 2655 719 2696 lilii
742 2655 922 2696 divinitas
946 2669 1184 2710 nequaquam
1212 2656 1249 2696 in
1278 2670 1392 2695 unum
1421 2669 1506 2696 cum
1538 2664 1646 2711 patre

117 2725 316 2766 conflatur.
377 2723 469 2765 Non
495 2725 595 2765 enim
620 2724 718 2765 [ilius
741 2725 900 2765 alterius
925 2732 984 2765 est
1007 2739 1116 2779 quam
1146 2731 1254 2779 pater
1278 2724 1541 2776 substantiae,
1576 2727 1642 2767 sed

120 2793 460 2835 consubstantialis
497 2794 611 2848 patri.
673 2791 812 2848 Neque
847 2800 974 2849 potest
1004 2800 1069 2833 aut
1100 2792 1257 2832 alterius
1293 2806 1381 2832 esse
1412 2807 1433 2833 a
1468 2794 1644 2847 genitore

118 2860 379 2913 substantiae,
413 2869 478 2902 aut
501 2862 672 2903 eiusdem
695 2862 958 2912 substantiae,
992 2875 1036 2901 ae
1058 2875 1222 2916 persona
1247 2861 1400 2902 minime
1424 2862 1641 2914 distinctae,

119 2930 185 2970 sed
217 2930 582 2972 consubstantialem
619 2944 730 2982 esse,
774 2931 827 2971 uti
865 2931 1054 2979 diximus,
1100 2937 1266 2984 oportet.
1328 2928 1407 2970 lam
1442 2944 1534 2971 vero
1566 2945 1642 2971 non

119 2997 260 3040 ideirco
285 2999 384 3040 idem
409 3013 497 3041 esse
529 3013 612 3041 cum
637 3007 768 3057 patre,
803 3000 901 3057 quod
929 2999 972 3039 ad
1001 2998 1208 3040 essentiam
1233 2997 1392 3051 attinet,
1426 3000 1640 3055 negandum
