2066 3319
542 193 722 226 PANAau
748 192 885 224 Lien.
910 194 1016 226 Toxi.
1036 196 1058 226 t.
1083 195 1212 226 uana.
1230 196 1284 226 Lt.
1632 187 1675 227 St

153 273 268 314 totins
297 271 482 313 historiae
508 286 634 312 nexus
663 279 745 322 est„
779 286 908 313 secum
942 273 1023 328 ipse
1057 275 1326 324 consentiens,
1369 288 1439 315 nec
1472 275 1545 315 utta
1576 283 1683 330 parte

151 342 366 392 dissiden53
401 349 441 381 ut.
465 348 502 381 et
524 340 737 380 clarissima
770 340 820 380 sit
848 349 1042 393 gestarum
1076 357 1202 383 rerum
1231 343 1375 383 veritas
1403 351 1440 383 et
1469 343 1684 384 certissime

150 410 408 465 praedicatur.
474 407 529 449 lta
555 409 654 449 enim
681 409 946 464 evangelistae
970 412 1087 451 ceteri
1115 419 1320 461 testantur,
1353 419 1454 452 metu
1480 413 1580 452 ilium
1608 411 1684 452 He-

149 478 255 518 rodis
286 479 453 533 fugisse,
497 491 542 518 ac
577 484 661 532 post
690 479 817 531 fugam
848 479 1067 519 venientem
1107 480 1279 519 haesisse
1305 478 1512 520 Nazareti.
1576 479 1684 522 Unde

149 547 324 602 baptismi
353 560 490 587 caussa
517 546 717 600 digressus
753 554 839 602 post
872 547 969 588 huuc
1003 549 1168 588 secessit
1196 548 1232 587 in
1261 548 1470 588 desertum.
1534 547 1684 589 Deinde

149 617 304 656 rediens
337 614 560 670 praedicare
594 622 653 655 est
683 630 908 669 aggressus.

262 684 444 733 Atenim,
479 683 675 737 inquiunt,
711 685 876 724 mendax
901 692 960 725 est
989 685 1128 724 editum
1155 684 1309 724 nomine
1333 683 1489 725 Ioannis
1519 700 1686 740 evange·
1743 670 1865 748 ΧᾞΓΠ·

150 752 256 793 lium.
318 751 528 806 Postquam
556 752 657 792 enim
685 753 756 792 ista
786 752 905 792 dixit:
950 754 1106 791 terbum
1133 768 1220 792 earo
1251 755 1377 805 saclas
1408 763 1482 801 est,
1519 762 1555 793 el
1584 757 1686 793 habi·
1707 772 1805 798 10:1111„
1824 772 1849 802 ε,
1869 771 1890 798 t.

151 825 244 860 tavit
264 824 301 860 in
326 822 452 868 nobis,
490 821 639 875 aliaque
671 822 876 870 nonnulla,
911 820 1038 860 statim
1064 822 1214 861 adiicit:
1260 824 1423 874 Naple'ae
1441 824 1574 875 saetae
1603 832 1691 862 sunt

149 893 186 929 in
211 893 312 929 Cana
337 892 540 929 Galilaeae.
604 888 692 930 Nec
719 889 939 942 intelligunt
967 889 1051 939 isti,
1087 891 1147 944 qui
1174 905 1255 929 eam
1281 891 1351 930 sibi
1378 891 1476 930 uitro
1502 891 1688 931 insaniam

150 966 368 1008 arcessunt,
407 956 587 998 loannem
613 965 698 1013 post
721 958 805 997 illas
828 972 968 1007 voces,
1002 961 1053 998 Et
1075 960 1222 998 verbam
1247 961 1496 1013 earosaetum
1518 968 1586 1007 est,
1622 960 1887 1004 {td-loann.t.}⁴.

150 1026 317 1078 didisse,
352 1030 403 1066 Et
425 1028 609 1066 habitavit
631 1031 668 1066 2'12
692 1028 819 1074 nobis,
856 1028 954 1080 quod
983 1028 1080 1067 idem
1107 1035 1188 1077 est,
1224 1035 1338 1082 atque
1367 1028 1557 1067 hominem
1589 1029 1688 1068 exti-

149 1096 266 1136 tisse:
302 1101 505 1149 praeterea
536 1097 581 1136 ad
611 1093 794 1135 ioannem
830 1095 1031 1149 baptistam
1068 1103 1103 1135 et
1132 1094 1335 1137 Iordanem
1371 1097 1608 1148 accessisse,
1644 1097 1689 1136 ab

150 1177 273 1218 eoque
301 1164 560 1218 baptizatum,
595 1171 630 1204 ut
665 1164 763 1204 idem
790 1164 853 1204 itte
883 1165 1123 1219 evangelista
1150 1174 1451 1215 connnemorat,
1487 1181 1570 1206 cum
1605 1174 1690 1221 post

148 1233 247 1273 iliam
282 1232 532 1272 tentationem
570 1233 839 1283 discessisset,
883 1247 967 1274 cum
997 1241 1035 1273 et
1065 1234 1162 1274 istud
1197 1232 1366 1275 loannes
1403 1235 1568 1290 baptista
1602 1250 1689 1289 pro-

149 1301 364 1342 nuntiavit:
408 1304 478 1340 He'e
501 1309 558 1340 est
584 1305 629 1340 de
654 1317 724 1354 quo
748 1305 834 1341 detti
859 1303 973 1341 vobis.
1039 1301 1158 1343 ltem:
1205 1307 1293 1343 Vide·
1317 1307 1488 1356 spiritum
1519 1312 1686 1343 saeclum
1703 1313 1744 1341 lb.
1764 1315 1805 1342 30.

148 1373 422 1410 descendentem
455 1374 492 1410 in
517 1374 638 1422 speeie
666 1372 877 1419 columbae,
912 1380 950 1411 et
973 1380 1174 1411 nmnenlem
1201 1387 1314 1424 super
1339 1376 1477 1424 ipsam,
1515 1380 1574 1413 et:
1618 1376 1689 1412 He'e

149 1447 204 1478 est
227 1443 294 1492 qai
314 1442 415 1478 lolle‘c
439 1448 632 1492 peecatum
660 1443 798 1479 mandi.
864 1440 1156 1480 Animadvertis
1191 1441 1308 1495 igitur
1342 1442 1432 1481 nihii
1464 1441 1510 1481 ab
1544 1456 1589 1482 eo
1622 1456 1689 1496 per

149 1507 383 1548 oblivionem
409 1522 496 1549 esse
519 1509 787 1562 praeteritum,
822 1509 888 1548 sed
917 1523 962 1548 ea
989 1509 1179 1549 duntaxat
1203 1510 1334 1550 relicta
1365 1524 1461 1564 quac
1485 1511 1559 1550 iam
1585 1508 1688 1550 Mat-

152 1576 286 1617 thaeus
308 1585 560 1632 exposuerat.
615 1575 766 1630 Quibus
794 1592 876 1617 cum
906 1578 997 1617 nihil
1019 1592 1114 1632 opus
1140 1585 1223 1618 erat
1245 1579 1423 1633 amplius,
1458 1586 1534 1619 tum
1559 1579 1688 1618 diviua

149 1645 209 1686 itta
233 1645 445 1686 adhibenda
472 1660 572 1696 vox,
608 1660 682 1699 qua
703 1660 834 1686 eorum
861 1645 1026 1699 iugulari
1064 1654 1197 1701 posset
1221 1661 1333 1687 error
1360 1648 1421 1701 qui
1445 1644 1642 1688 Christum
1668 1661 1688 1687 a

150 1711 278 1754 Maria
304 1721 447 1754 tantum
464 1747 473 1764 ,
509 1721 621 1768 atquc
646 1728 697 1754 ex
727 1714 790 1754 itto
815 1713 975 1769 primum
1005 1721 1175 1768 tempore
1203 1716 1440 1756 nominatum
1465 1716 1685 1766 crederent,

150 1782 290 1837 quique
313 1783 371 1823 dei
397 1783 510 1823 fitium
539 1783 678 1822 nudum
705 1782 896 1822 hominem
926 1784 1044 1823 fuisse
1070 1784 1268 1833 dicerent,
1304 1785 1544 1838 eundemque
1572 1783 1688 1824 certis

151 1851 443 1892 accessionibus
470 1858 507 1891 et
530 1851 781 1891 incrementis
811 1865 857 1891 eo
889 1866 1161 1906 progressum,
1205 1860 1245 1892 ut
1276 1852 1339 1893 filii
1374 1853 1432 1892 dei
1467 1853 1689 1908 appellatio-

151 1934 237 1961 nem
266 1920 473 1961 obtineret.
526 1917 586 1961 (Jb
608 1920 642 1960 id
671 1918 838 1960 loannes
863 1934 945 1960 eam
969 1920 1040 1961 sibi
1067 1927 1212 1975 partem
1239 1922 1518 1976 deposcendam
1545 1922 1690 1977 putavit

151 2003 249 2043 quae
274 1989 496 2030 necessaria
523 1989 735 2029 videretur.
798 1987 911 2029 Licet
935 1990 1033 2029 enim
1058 2004 1192 2044 magna
1218 1990 1345 2030 omnia
1372 1990 1449 2030 sint
1476 2005 1520 2030 ac
1553 2003 1690 2030 neces-

150 2057 273 2108 saria,
308 2065 436 2099 tamen
467 2058 504 2097 in
528 2057 667 2098 divinis
694 2057 932 2112 potissimum
960 2057 1201 2113 explicandis
1227 2073 1270 2098 ac
1299 2059 1457 2099 coelesti
1483 2058 1545 2099 illa
1571 2058 1689 2099 admi-

149 2127 379 2167 nistratione
413 2127 564 2167 defixus
603 2133 677 2166 est.
741 2125 853 2180 Quod
893 2127 1009 2181 igitur
1044 2125 1202 2167 loannis
1237 2127 1481 2181 evangelium
1518 2127 1564 2167 ob
1598 2127 1632 2167 id
1667 2141 1686 2167 a

151 2210 253 2236 novo
281 2202 511 2236 testamento
542 2195 745 2250 repudiant
770 2209 841 2235 nec
866 2195 1091 2247 admittunt,
1127 2196 1225 2250 quod
1258 2210 1331 2236 non
1361 2211 1444 2236 cnm
1477 2196 1560 2236 aliis
1590 2196 1687 2236 haud

152 2264 246 2306 satis
279 2264 523 2315 consentiat,
557 2278 706 2304 summo
739 2264 775 2304 in
809 2278 944 2305 errore
974 2279 1018 2304 ac
1050 2265 1189 2305 mentis
1222 2265 1409 2305 caecitate
1434 2271 1656 2304 versantur.

265 2332 419 2374 Etenim
442 2332 709 2373 sanctissimus
734 2333 792 2373 hic
815 2332 1052 2387 evangelista
1078 2334 1213 2374 ordine
1235 2348 1279 2374 ac
1301 2332 1551 2373 successione
1576 2347 1686 2387 quar·
1703 2340 1890 2384 Cap.XtX.

154 2409 236 2454 tus,
281 2416 347 2454 ac,
387 2400 541 2442 tametsi
577 2401 721 2456 primus
756 2408 862 2442 esset
894 2402 1086 2452 omnium,
1131 2402 1322 2442 scribendi
1358 2408 1482 2441 tamen
1516 2408 1687 2455 tempore

152 2478 394 2526 postremus,
429 2483 526 2524 quae
553 2477 641 2510 ante
668 2484 710 2511 se
738 2470 936 2525 praeclare
962 2477 1073 2511 erant
1107 2471 1268 2511 aliorum
1298 2484 1415 2525 opera
1447 2470 1594 2523 digesta
1626 2484 1686 2510 rc-

152 2546 283 2595 petere
307 2538 449 2589 uoluit,
484 2539 550 2579 sed
575 2545 663 2578 ante
687 2552 754 2589 ea,
789 2553 886 2593 quae
911 2540 984 2579 iam
1010 2539 1108 2579 dicta
1132 2541 1305 2588 fuerant,
1340 2552 1436 2592 quae
1469 2553 1543 2578 non
1577 2546 1687 2578 erant

152 2607 252 2648 dicta
289 2607 503 2662 proposuit.
565 2605 791 2647 Matthaeus
831 2608 982 2662 quidem
1027 2608 1072 2648 ab
1112 2608 1309 2648 Abraamo
1345 2607 1536 2647 scribendi
1576 2607 1685 2647 initio

153 2678 255 2718 facto
282 2683 368 2732 post
391 2675 621 2717 incunabula
650 2673 794 2716 Christi
821 2684 859 2716 et
890 2677 1051 2717 alterum
1081 2691 1102 2717 a
1126 2676 1239 2716 natali
1266 2675 1348 2714 eius
1378 2689 1518 2715 annum
1551 2690 1685 2716 narra-

153 2745 295 2786 tionem
333 2745 516 2800 pertexit.
579 2743 740 2785 Marcus
772 2758 867 2785 vero
901 2745 946 2785 ab
980 2760 1016 2785 a.
1048 2743 1145 2785 XV.
1175 2743 1349 2794 Tiberii,
1386 2744 1684 2798 circumscriptis

152 2814 266 2854 medii
291 2813 473 2869 temporis
499 2813 616 2854 rebus
641 2813 784 2868 gestis,
819 2827 986 2854 exorsus
1014 2821 1087 2854 est.
1149 2813 1203 2852 At
1225 2810 1356 2852 Lucas
1388 2813 1500 2854 altius
1530 2814 1600 2853 ista
1625 2827 1685 2853 re-

154 2889 287 2937 petens
311 2883 357 2922 ab
381 2896 427 2923 eo
452 2889 624 2937 tempore
656 2882 784 2937 coepit
808 2883 906 2937 quod
937 2880 1083 2923 Christi
1119 2887 1243 2920 ortum
1272 2882 1503 2932 antecessit,
1540 2889 1577 2922 et
1608 2889 1682 2921 tam

155 2950 265 2991 buius
297 2965 408 3006 quam
434 2949 590 2992 loannis
620 2951 658 2991 iu
679 2950 834 2992 Mariae
859 2959 972 3005 atque
998 2949 1196 2990 Elizabeth
1221 2956 1330 2989 utero
1363 2958 1588 3006 conceptum
1614 2964 1683 2990 ex-

154 3019 296 3075 posuit.
359 3018 526 3060 loannes
551 3020 714 3073 denique
738 3027 954 3074 postremus
979 3018 1168 3058 accedeus
1193 3018 1378 3059 altissime
1404 3019 1572 3059 omnium
1597 3032 1685 3058 nar-

231 3084 345 3120 Corpus
364 3084 541 3112 Haereseol.
560 3084 597 3111 11.
616 3086 641 3112 2.
1389 3092 1413 3131 G
