2066 3319
523 178 701 211 PANARu
729 180 812 211 Lm.
828 181 870 212 11.
895 181 1003 213 ΤοΜ.
1023 183 1062 213 11.
1090 182 1221 214 HAER.
1241 182 1362 214 wa.
1637 176 1718 215 459

174 258 278 313 digni
303 266 394 299 sunt
419 272 530 313 quam
555 259 617 313 qui
645 259 788 299 frustra
819 260 1041 302 stimulante
1071 262 1309 303 conscientia
1341 262 1592 304 imbecillitati
1624 277 1718 304 suae

173 326 432 368 succumbens
455 327 644 368 eiusmodi
670 335 781 382 potus
810 328 989 380 adhibet,
1023 331 1242 385 ceterisque
1267 332 1395 372 carnis
1421 331 1718 373 necessitatibus

173 395 431 450 obtemperat.

287 462 365 504 Sed
393 463 468 505 alia
499 470 589 504 sunt
622 465 901 520 quamplurima
931 465 968 506 in
1005 466 1143 520 quibus
1173 466 1246 507 iste
1278 475 1494 509 sectatores
1525 483 1617 510 suos
1648 483 1716 510 ore
1779 468 1857 510 02¹1)-

171 532 473 572 mendacissimo
497 533 662 586 decepit.
727 532 828 587 Quid
851 534 952 574 enim
977 534 1023 574 ab
1049 548 1095 574 co
1119 550 1194 575 nou
1217 536 1420 576 ridiculum
1449 545 1507 577 est
1532 539 1716 579 allatum?
1740 515 1909 547 XXXHL

171 597 401 642 Cuiusmodi
431 608 491 641 est
524 601 727 642 herbarum
757 603 1010 657 stirpiumque
1042 618 1087 643 ac
1117 604 1350 657 leguminum
1387 607 1536 647 semina
1568 608 1717 647 animas

170 682 258 709 esse
284 670 461 709 credere.
526 668 640 723 Quod
665 685 778 724 quam
802 671 1010 711 absurdum
1035 670 1086 711 sit
1108 673 1152 711 ad
1175 672 1277 713 illius
1300 676 1525 715 refutandas
1551 676 1717 730 ineptias

170 737 440 778 demonstrare
465 738 707 779 conabimur.
774 738 929 779 Etenim
960 739 993 779 si
1026 739 1140 780 lentis
1170 742 1340 797 exempli
1371 757 1532 794 caussa,
1568 744 1629 784 vel
1663 746 1717 784 l'a-

168 806 290 857 seoli,
326 806 389 847 vel
417 806 556 847 ciceris
583 808 732 861 aliaque
756 821 878 861 grana
902 806 937 847 id
965 821 1089 861 genus
1121 809 1273 850 animae
1302 818 1417 862 sunt,
1453 812 1620 866 itemque
1652 827 1716 853 ea-

168 875 252 916 dem
277 882 316 915 et
342 875 442 915 tauri
464 875 514 916 sit
541 876 690 926 anima,
725 876 901 916 laudandi
931 875 1052 930 magis
1086 876 1110 916 ii
1145 885 1235 918 sunt
1269 892 1319 919 ex
1355 894 1488 920 eorum
1522 881 1716 922 sententia

168 943 230 997 qui
259 944 441 984 carnibus
464 952 678 985 vescuntur
701 959 811 999 quam
837 944 899 998 qui
926 945 1141 985 severioris
1171 946 1271 987 vitae
1298 947 1473 989 instituta
1500 955 1715 990 sectantur.

167 1011 255 1054 Hoc
289 1013 414 1062 euim,
451 1020 489 1053 ut
522 1013 624 1053 illius
656 1013 782 1053 fabula
818 1013 1014 1063 continet,
1052 1021 1226 1056 metuere
1255 1015 1428 1067 videtur,
1465 1031 1534 1068 ue,
1569 1017 1602 1057 si
1634 1017 1717 1057 ani-

167 1081 280 1121 matis
309 1081 426 1122 rebus
454 1088 606 1133 utatur,
641 1082 748 1122 velut
771 1081 1002 1123 animalibus
1026 1096 1071 1122 ac
1094 1084 1260 1134 ceteris,
1297 1085 1431 1126 horum
1463 1085 1599 1127 similis
1632 1086 1717 1126 exi-

167 1156 257 1190 stat.
319 1150 439 1204 Atqui
466 1151 701 1190 contrarium
729 1151 857 1206 potius
882 1151 1036 1191 accidit.
1101 1151 1250 1194 Demus
1275 1154 1376 1194 enim
1402 1154 1714 1209 quinquagenos,

166 1218 228 1259 vel
258 1226 446 1260 centenos
470 1220 568 1259 tauri
591 1219 704 1259 unius
733 1220 914 1261 carnibus
943 1220 1104 1271 nutriri,
1137 1236 1272 1263 omnes
1298 1223 1366 1273 illi,
1402 1230 1441 1263 ut
1466 1223 1538 1264 iste
1562 1223 1714 1278 quidem

166 1294 359 1340 nugatur,
395 1295 433 1328 et
457 1302 476 1328 a
501 1288 612 1328 uobis
646 1288 849 1329 refellendi
873 1289 999 1344 gratia
1030 1289 1233 1331 dicendum
1262 1299 1344 1343 est,
1379 1292 1492 1332 unius
1525 1292 1717 1332 duntaxat

166 1356 318 1397 animae
347 1357 403 1397 rci
429 1364 533 1396 sunt.
597 1357 652 1397 At
679 1357 741 1411 qui
771 1358 961 1398 seminum
995 1358 1127 1412 granis
1155 1359 1348 1414 pascitur,
1384 1360 1620 1401 tricenarum
1653 1361 1715 1401 vel

165 1426 500 1479 quadragenarum
529 1440 604 1465 uuo
630 1425 766 1466 haustu
790 1426 1079 1481 absumptarum
1110 1441 1200 1469 reus
1226 1436 1301 1469 cst.
1364 1427 1423 1470 lta
1447 1429 1540 1470 nihil
1566 1444 1641 1470 nou
1667 1430 1714 1470 ab

165 1508 212 1535 eo
245 1495 445 1534 ridiculum
479 1501 519 1534 et
549 1494 664 1534 inane
697 1495 939 1549 proponitur.

276 1562 365 1603 Nec
391 1563 492 1603 enim
520 1563 619 1603 ullus
650 1569 709 1603 est
735 1564 796 1617 qui
828 1563 1021 1618 paululum
1048 1578 1177 1605 rerum
1211 1565 1428 1607 divinarum
1459 1566 1715 1622 intelligentia

166 1631 217 1674 sit
240 1631 458 1686 praeditus,
494 1631 553 1671 cui
581 1646 657 1672 non
684 1646 736 1672 ex
762 1646 855 1672 sana
879 1633 1055 1674 doctriua
1076 1634 1189 1688 plana
1216 1649 1259 1675 ac
1284 1635 1485 1676 manifesta
1511 1637 1589 1676 sint
1612 1637 1715 1676 veri-

166 1701 256 1741 tatis
283 1700 440 1740 indicia.
505 1699 657 1755 Quippe
682 1701 879 1741 salvatore
910 1709 1044 1742 nostro
1081 1702 1173 1743 nihil
1197 1703 1241 1743 ad
1271 1703 1466 1744 hominum
1498 1705 1614 1745 vitam
1649 1706 1714 1745 de-

165 1769 387 1810 clarandam
417 1782 504 1810 esse
531 1776 659 1824 potest
683 1769 831 1810 verius.
895 1768 975 1811 lste
1007 1784 1101 1811 vero
1130 1772 1242 1812 nobis
1267 1771 1453 1814 barbarus
1477 1772 1624 1824 Persa,
1656 1774 1714 1814 in-

164 1838 358 1893 genioque
387 1852 527 1879 servus
559 1842 666 1892 (nam
690 1838 832 1893 alioqui
855 1838 947 1879 nihil
972 1839 1007 1879 ei
1033 1841 1209 1895 eorporis
1235 1840 1406 1882 servitus
1432 1841 1609 1895 obesset)
1643 1842 1714 1883 hoc

164 1907 319 1962 inquam
346 1908 511 1958 asserit,
547 1907 728 1961 aequales
751 1922 886 1948 omnes
909 1907 1059 1948 animas
1084 1922 1196 1959 esse,
1233 1917 1270 1949 et
1294 1910 1331 1950 in
1359 1910 1537 1951 omuibus
1562 1910 1712 1952 unicam

162 1976 343 2030 reperiri,
379 1983 455 2016 tam
481 1975 698 2016 hominibus
721 1976 869 2016 scilicet
894 1991 1006 2031 quam
1035 1978 1261 2032 pecudibus,
1298 1977 1407 2030 seris,
1442 1979 1595 2030 avibus,
1630 1993 1712 2021 ser-

163 2044 366 2100 pentibus,
407 2044 662 2094 animalibus,
697 2044 942 2096 volucribus,
986 2046 1181 2101 piscibus,
1222 2047 1382 2097 bestiis,
1427 2047 1711 2104 herbarumque

161 2113 396 2164 seminibus,
432 2120 471 2153 et
492 2113 721 2163 arboribus,
755 2114 975 2168 ceterisque
1001 2129 1098 2169 quae
1123 2115 1246 2156 videri
1272 2116 1393 2157 oculis
1420 2124 1595 2172 possunt.
1657 2117 1711 2159 At

162 2196 237 2222 uon
265 2182 365 2222 istud
401 2181 512 2222 nohis
540 2197 560 2221 a
588 2182 744 2222 domino
770 2182 1027 2236 significatum
1054 2191 1128 2225 est.
1190 2183 1293 2225 Nam
1322 2185 1353 2226 si
1381 2185 1432 2226 ita
1461 2193 1589 2237 esset,
1625 2200 1709 2227 cum

161 2251 207 2291 ad
234 2251 389 2291 humani
414 2251 573 2305 generis
595 2252 759 2292 salutem
781 2251 954 2302 advenit,
989 2253 1157 2307 pecudes
1182 2268 1333 2308 quoque
1358 2262 1553 2305 sanasset,
1587 2254 1710 2309 iisque

161 2333 292 2361 curam
327 2334 373 2361 ac
405 2320 548 2361 cultum
579 2320 842 2370 adhibuisset,
877 2334 922 2361 ac
947 2329 1120 2362 mortuas
1149 2322 1296 2363 bestias
1327 2337 1479 2363 rursum
1513 2324 1558 2363 ad
1592 2324 1708 2365 vitam

161 2389 390 2430 excitasset.
453 2389 575 2444 Atqui
608 2389 723 2443 longe
760 2389 834 2430 alia
867 2390 1065 2441 narravit,
1110 2405 1182 2431 uec
1220 2391 1319 2432 istud
1357 2406 1523 2446 unquam
1561 2392 1706 2433 docuit.

159 2457 291 2498 Absit.
356 2455 399 2499 Si
427 2458 581 2512 quidem
615 2458 810 2498 homiuum
843 2472 885 2498 se
917 2458 1056 2499 animis
1089 2459 1252 2500 salutem
1286 2460 1455 2500 tribueie
1488 2461 1705 2516 profitetur,

161 2540 271 2580 quam
306 2525 378 2567 hoc
409 2527 629 2580 aenirmate
661 2526 835 2567 breviter
857 2528 1084 2582 complexus
1113 2536 1194 2579 est,
1228 2543 1313 2569 cum
1348 2529 1468 2579 dixit,
1510 2533 1594 2570 Λοιι
1628 2535 1713 2571 zcm‘
1746 2531 1860 2600 *latg-

158 2598 235 2634 nise
257 2604 415 2648 propte!
444 2611 542 2634 ovem
572 2610 666 2648 qaae
692 2599 874 2648 perimat.
942 2594 1093 2650 Quibus
1123 2597 1253 2638 teibis
1283 2598 1503 2638 universam
1539 2599 1705 2640 hominis

160 2670 338 2704 naturam
362 2664 558 2719 intelligit.
623 2663 816 2718 Quidnam
840 2678 934 2705 vero
958 2673 1162 2720 praeterea
1183 2666 1367 2720 scriptum
1391 2668 1476 2707 est?
1520 2670 1696 2717 Curabat,
1716 2674 1911 2712 Matth.4,3t.

202 2789 233 2821 5.
259 2791 382 2821 Excidit
403 2792 544 2830 aliquid,
568 2795 600 2823 m·
621 2793 735 2832 fallor,-
768 2795 809 2823 est
827 2793 908 2823 enim
954 2791 1092 2834 <pua-:iota
1118 2788 1231 2833 (ὅμως
1246 2790 1329 2833 πρὸς
1346 2791 1381 2825 ἐΛ
1408 2793 1554 2831 λεκτέον)
1580 2794 1609 2828 οἱ
1631 2806 1705 2828 πεν-

157 2836 346 2867 intolerabile
381 2838 560 2868 anacolulhi
593 2847 698 2877 yenus.
758 2839 908 2876 Suspicor
954 2848 1117 2892 τηκοιτα
1147 2839 1246 2868 deleta
1270 2841 1425 2877 particula
1452 2835 1491 2874 ότ

157 2881 202 2911 ita
231 2881 293 2920 fere
316 2883 544 2936 rescribendum
574 2892 636 2914 esse
668 2879 906 2925 τραφήσονται..
998 2883 1030 2915 (5.
1055 2878 1079 2921 ἦ
1102 2883 1130 2916 οἱ
1153 2884 1210 2917 καὶ
1232 2885 1299 2915 cod
1325 2885 1453 2935 Rlzediy.

158 2923 279 2964 Παίζω
308 2938 394 2959 κατα
425 2925 485 2970 τὴ)
516 2923 618 2961 αὐτοῦ
639 2927 782 2969 ματαίαν
809 2939 906 2961 συκο-
1000 2928 1029 2961 7.
1055 2929 1077 2972 ῄ
1103 2931 1226 2968 reposui
1257 2939 1314 2969 pro
1344 2924 1406 2971 ἥν,
1440 2933 1522 2972 quod
1546 2933 1617 2964 libri
1647 2934 1704 2964 Ιια-

158 2969 303 3012 φαντίαι.
345 2967 472 3026 Ὀμως
498 2977 562 3005 ceu.
613 2976 694 3006 Olim
719 2978 906 3014 putaveram
954 2976 1020 3004 bent
1044 2978 1110 3005 lam
1140 2976 1246 3014 scripti
1280 2985 1376 3016 quam
1406 2978 1492 3009 editi.
1540 2973 1557 3012 ὃ
1583 2980 1703 3011 volebat

157 3014 405 3059 τραφήσονται,
442 3029 489 3056 ως
512 3030 542 3052 κ.
564 3030 591 3053 τ.
616 3015 717 3053 αἰτοῦ
750 3031 783 3062 υ..
809 3030 905 3053 oum-
953 3021 1109 3052 Petamus.
