2030 3324
462 207 642 240 PANARn
667 207 752 239 Lm.
770 208 811 239 n.
835 207 944 240 ToM.
965 208 1005 240 n.
1031 206 1308 241 HAER.LX1X.
1583 197 1664 238 685

117 289 324 330 iudicatur.
389 285 497 327 Haec
520 287 621 327 enim
646 286 826 341 ignorant
852 287 938 337 isti,
974 288 1036 341 qui
1058 287 1158 327 ultro
1182 286 1254 327 sibi
1278 286 1514 326 oblivionem
1538 285 1663 327 adsci-

117 365 254 407 scunt,
289 353 489 395 Christum
513 355 709 395 dominum
734 355 767 394 ei
791 355 852 409 qui
876 356 920 395 de
945 369 986 394 se
1011 361 1260 410 percontatus
1285 356 1410 394 suerat
1435 367 1664 409 responsum

118 424 209 464 illud
236 423 335 478 quod
365 429 479 462 antea
505 424 895 463 connuemoravinms
921 423 1099 472 dedisse,
1136 430 1176 462 ut
1202 422 1284 462 cius
1312 423 1450 462 fastum
1476 436 1666 476 arrogan-

120 491 287 546 tiamque
317 498 601 546 compesceret.
664 490 765 531 Nam
796 505 880 531 cum
907 491 967 530 hic
994 504 1014 530 e
1040 490 1255 530 scribarum
1285 504 1447 530 numero
1476 491 1666 544 gloriare-

116 566 202 609 tur,
240 559 338 613 quod
366 567 570 614 praecepta
600 559 697 613 legis
724 559 851 598 omuia
880 558 1176 598 accuratissime
1201 564 1424 608 servasset,
1459 572 1578 612 seque
1611 559 1666 599 iu·

116 626 245 667 stitiae
270 642 313 667 ac
338 627 522 667 bonitatis
545 627 701 666 nomine
725 626 963 675 venditaret,
999 634 1113 680 atque
1137 625 1189 665 ita
1217 626 1368 666 locutus
1390 634 1519 676 essct,
1554 629 1667 665 Prae-

115 703 244 747 ceptor
270 696 384 743 boue,
417 698 508 747 quid
531 697 707 746 faciendo
738 698 848 733 vitam
880 702 1068 734 aeteruum
1096 695 1322 745 possidebo?
1353 708 1455 744 eum,
1490 694 1662 748 inquam,

114 763 167 803 ita
186 763 232 803 de
255 777 298 804 se
322 777 547 818 persuasum
575 763 734 803 haberet
755 769 884 803 tautae
906 776 947 802 se
972 762 1140 802 iustitiae
1165 776 1350 802 numeros
1375 776 1510 802 omues
1531 763 1666 817 exple-

117 831 249 882 visse,
284 832 372 872 ideo
399 831 577 871 domiuus
602 830 813 871 bonitatem
844 845 997 870 omnem
1023 830 1067 870 ad
1096 837 1268 884 patrem,
1312 837 1493 884 tanquam
1521 831 1566 870 ad
1599 843 1667 870 au—

118 905 266 940 ctorem
297 900 446 940 referre
472 898 649 953 cupiens,
673 899 772 952 quod
800 913 913 939 nemo
935 905 1093 953 praeter
1118 898 1240 953 ipsum
1265 898 1389 938 bouus
1412 898 1476 948 sit,
1512 912 1559 938 ne
1584 898 1669 952 quis

117 981 240 1008 carne
267 968 464 1021 praeditus
489 966 668 1021 superbia
695 967 1000 1021 arrogantiaque
1029 980 1072 1007 se
1100 965 1258 1006 nimiunn
1285 966 1468 1016 efferret,
1503 980 1667 1021 respon-

116 1035 194 1086 dit,
244 1039 343 1086 Quid
364 1051 420 1074 me
444 1038 538 1074 dicis
564 1036 724 1074 bonum!
763 1050 867 1074 uento
891 1036 1008 1073 bouus
1035 1042 1091 1073 est
1120 1037 1198 1073 uisi
1220 1037 1323 1073 solus
1348 1037 1461 1073 deus.-
1508 1041 1549 1074 ut
1581 1048 1667 1075 cum

119 1109 249 1144 tantus
276 1118 321 1144 ac
349 1103 436 1143 talis
464 1103 535 1143 boc
567 1103 682 1142 modo
709 1102 935 1156 loqueretur
958 1101 1240 1155 interrogantis
1274 1101 1375 1142 illius
1400 1101 1462 1155 qui
1497 1102 1666 1142 iustitiae

118 1171 302 1226 opinione
336 1177 421 1211 erat
454 1170 610 1211 inflatus
645 1171 785 1211 fastum
810 1184 853 1211 ac
888 1170 1047 1226 spiritus
1072 1171 1295 1224 frangeret,
1339 1176 1416 1210 tum
1446 1177 1486 1210 ut
1511 1169 1667 1210 intimos

117 1239 200 1280 eius
234 1239 403 1294 pectoris
437 1253 578 1280 sensus
602 1239 880 1292 redargueret,
931 1253 976 1279 eo
1005 1239 1103 1293 quod
1131 1252 1215 1278 cum
1245 1238 1385 1278 bonum
1416 1239 1540 1293 ipsum
1564 1252 1667 1278 sum-

117 1307 189 1348 mis
221 1308 410 1348 duntaxat
434 1306 544 1347 labiis
570 1308 782 1357 fateretur,
825 1307 980 1347 minime
1006 1313 1133 1347 tamen
1157 1307 1258 1347 hona
1292 1307 1329 1347 in
1359 1306 1464 1347 itlius
1491 1307 1668 1347 doctrina

117 1376 402 1430 acquiesceret.
472 1373 828 1416 Verumeuimvero
859 1375 999 1415 bonum
1026 1389 1069 1415 se
1107 1389 1194 1416 esse
1221 1382 1388 1415 testatur
1419 1374 1585 1429 ipsemet
1611 1374 1668 1415 his

117 1443 274 1485 verbis:
322 1446 447 1483 Multa
479 1445 572 1483 bona
599 1446 681 1497 feei
708 1447 745 1483 iu
777 1446 901 1483 vobis:
931 1452 1090 1496 propter·
1110 1446 1210 1496 quod
1229 1446 1351 1495 igilur·
1375 1459 1423 1482 (ιτ,
1445 1445 1522 1482 illis
1545 1446 1666 1495 operi-

118 1513 185 1552 bus
213 1515 390 1565 lapidatis
410 1517 494 1551 me?
554 1510 654 1566 Quis
676 1519 735 1552 est
761 1512 879 1553 hebes
903 1512 1017 1563 adeo,
1053 1512 1114 1552 cui
1140 1526 1215 1552 non
1240 1511 1330 1552 iilud
1356 1511 1560 1567 perspicue
1586 1526 1665 1552 ma-

115 1580 337 1635 nifesteque
364 1581 543 1620 constet?
585 1581 814 1635 pracsertim
841 1595 926 1621 eum
952 1587 1171 1621 creatarum
1198 1579 1245 1620 ab
1280 1580 1345 1620 itto
1380 1594 1509 1620 rerum
1535 1594 1668 1634 quam-

118 1649 304 1704 plurimae
338 1656 375 1689 et
402 1648 479 1688 sint
506 1655 544 1688 et
576 1649 820 1703 appellentur
843 1649 991 1700 bonae,
1037 1656 1077 1689 ut
1109 1662 1160 1689 ex
1195 1648 1412 1703 scripturae
1443 1647 1668 1688 testimonio

118 1717 336 1771 colligitur3
382 1730 478 1772 quae
513 1716 665 1771 quidem
693 1717 883 1758 bonorum
918 1718 1124 1758 multorum
1154 1717 1390 1757 mentionem
1425 1716 1529 1757 facit.
1595 1714 1667 1766 lta,

118 1789 261 1833 Bonus,
297 1785 437 1839 inquit,
472 1793 555 1824 erat
576 1787 675 1824 Saul
681 1788 797 1839 filius
823 1789 884 1826 Cis
908 1789 952 1825 (le
974 1787 1074 1825 tribu
1096 1788 1315 1832 Beniumim,
1351 1786 1547 1824 sublimior
1570 1788 1673 1825 omni

110 1856 252 1907 populo
281 1855 328 1893 ab
359 1856 523 1893 humeris
553 1862 589 1893 et
619 1856 745 1893 ultra:
781 1855 870 1895 item
887 1887 896 1905 ‚
929 1858 1056 1894 Bonus
1077 1855 1234 1893 Samuel
1252 1868 1334 1892 eum
1359 1856 1426 1892 deo
1451 1861 1487 1893 el
1509 1856 1667 1892 leomini-

119 1923 208 1961 bus:
255 1929 358 1973 tum,
392 1925 532 1962 Melior
555 1930 613 1961 est
636 1926 819 1962 oracionis
840 1924 940 1975 finis
963 1937 1072 1975 quum
1094 1925 1346 1974 principium:
1395 1921 1512 1973 item,
1546 1925 1673 1974 Aperi

121 1992 335 2030 thesaurum
362 1992 493 2030 bonum
518 1998 619 2030 tuum
644 1994 850 2031 coelestem.
916 1990 1029 2045 Quae
1055 2006 1140 2031 cum
1170 1991 1300 2031 omnia
1322 1997 1527 2031 creaturae
1551 2004 1669 2045 quae-

119 2058 204 2099 dam
230 2058 308 2100 siut
344 2073 387 2099 ac
413 2059 538 2099 bonae
563 2073 651 2100 esse
677 2060 879 2110 dicautur,
923 2073 992 2114 per
1017 2059 1140 2115 ipsum
1169 2059 1299 2113 utique
1325 2066 1364 2099 et
1391 2059 1438 2099 ab
1464 2060 1548 2114 ipso
1581 2073 1668 2113 pro-

118 2127 273 2178 ductae,
300 2141 429 2167 nonne
455 2135 654 2168 auctorem
679 2127 831 2168 illorum
857 2142 902 2168 ac
934 2128 1176 2168 conditorem
1205 2127 1347 2168 bonum
1375 2141 1464 2167 esse
1488 2127 1667 2167 confiteri

119 2195 204 2236 sine
229 2196 303 2236 uila
329 2195 568 2237 dubitatione
600 2196 718 2236 licet?
778 2195 925 2237 Verum
959 2210 1006 2237 ne
1033 2196 1188 2251 longius
1221 2210 1335 2250 quam
1370 2209 1438 2250 par
1469 2195 1522 2235 sit
1552 2195 1589 2235 in
1624 2208 1668 2236 ea

117 2263 380 2318 disputatione
415 2271 597 2304 versetur
629 2263 756 2305 oratio
786 2264 956 2318 (abunde
985 2264 1087 2305 enim
1117 2265 1164 2305 de
1193 2279 1239 2305 eo
1269 2264 1355 2304 loco
1389 2263 1530 2304 dictum
1564 2263 1667 2304 arbi-

118 2337 222 2385 tror)
254 2333 403 2386 reliqua
431 2332 653 2382 videamus,
690 2340 728 2373 et
753 2333 905 2387 singula
930 2333 977 2373 ab
1007 2333 1082 2374 illis
1108 2332 1259 2373 obiecta
1290 2333 1494 2372 diluamus.

232 2398 411 2455 Pergunt
434 2401 534 2441 euim
561 2401 808 2441 audacissimi
832 2400 1009 2442 homines
1033 2401 1183 2442 cuidam
1206 2401 1424 2456 scripturae
1451 2400 1670 2441 sententiae

120 2469 329 2519 insistere,
375 2483 426 2509 ex
458 2483 532 2523 qua
555 2469 790 2523 redemptori
825 2483 921 2521 suo,
967 2470 998 2510 si
1027 2476 1153 2510 tamen
1190 2469 1237 2510 ab
1265 2483 1310 2510 eo
1345 2468 1534 2523 redempti
1561 2476 1666 2519 suut,

121 2538 258 2579 falsam
283 2537 565 2578 imminutionis
589 2551 634 2578 ac
658 2538 834 2579 defectus
859 2538 1079 2593 opinionem
1104 2544 1328 2592 aspergant.
1394 2535 1551 2577 Etenim
1582 2552 1667 2578 cum

122 2607 166 2647 ad
191 2604 392 2647 Christum
422 2604 619 2646 Zebedaei
647 2606 813 2646 fitiorum
841 2614 967 2647 mater
992 2606 1228 2647 accessisset
1250 2619 1409 2659 rogans,
1445 2606 1668 2646 utalterum

120 2675 166 2716 ad
189 2675 419 2725 dexteram,
461 2673 624 2714 alterum
650 2675 694 2714 ad
723 2674 922 2715 sinistram
949 2675 1088 2715 sedere
1118 2681 1196 2714 tum
1223 2673 1375 2714 iuberet
1409 2687 1494 2714 cum
1530 2674 1575 2715 ad
1609 2687 1671 2715 re—

121 2757 238 2797 gnum
271 2757 382 2784 suum
415 2742 684 2797 pervenisset,
732 2742 781 2782 ita
823 2743 898 2783 illis
925 2742 1148 2797 respondit:
1194 2744 1360 2781 Nescius
1390 2745 1482 2795 quid
1506 2746 1670 2796 petatis.-

117 2814 275 2863 potestis
307 2812 431 2850 bibere
463 2813 615 2850 calicem
647 2826 751 2863 quem
784 2812 970 2850 bibiturus
999 2815 1111 2849 sum?
1168 2814 1228 2849 At
1255 2812 1317 2849 illi
1342 2813 1544 2859 dell-eruut,
1579 2814 1669 2851 Pos-

121 2894 262 2919 sumus.
328 2882 437 2919 De'oez‘t
458 2888 579 2919 uectem
608 2881 704 2927 illis,
741 2881 901 2919 Calicem
932 2881 1077 2932 quidem
1109 2893 1224 2917 meum
1258 2879 1410 2927 bibente,
1443 2882 1573 2919 sedere
1601 2895 1669 2919 au-

123 2981 219 3023 (quae
252 2984 324 3022 ipsa
356 2985 459 3014 {amen
491 2992 606 3022 parum
642 2983 700 3013 sibi
733 2985 877 3013 constans
920 2992 951 3022 p.
966 2980 1042 3014 333.
1063 2982 1211 3022 praebeat
1229 2979 1277 3024 μή
1298 2979 1408 3025 κίνω),
1435 2979 1576 3025 μηκύνω
1601 2983 1666 3014 cod.

119 3025 243 3068 p.334.
271 3029 358 3060 initio
389 3029 507 3060 exhibet
531 3026 683 3070 μηκίνω,
717 3037 787 3059 cum
816 3029 876 3068 fine
922 3029 1051 3067 Rhediq.

1688 632 1800 661 Matth.

1707 668 1748 702 1⁹,
1760 669 1800 696 lii.

1688 1446 1788 1474 toann.

1705 1482 1746 1516 10,
1766 1482 1807 1509 32.

1689 1789 1711 1816 l·
1726 1788 1801 1824 Reg.
1812 1790 1838 1826 9,
1849 1790 1874 1818 2.

1688 1824 1714 1869 ¹:
1729 1824 1806 1869 Reg.

1687 1859 1812 1925 Elckif‘i'
1832 1893 1857 1919 9.

1689 1927 1775 1955 Num.
1786 1928 1830 1963 20,
1848 1929 1872 1954 6.

1722 2385 1801 2428 Cap.

1712 2432 1828 2465 LVIII.

1694 2737 1806 2765 Matth.

1708 2773 1751 2805 20,
1771 2773 1813 2799 22.

1692 2812 1723 2835 ct
1746 2807 1841 2833 Mare.

1707 2843 1749 2877 10,
1769 2841 1810 2869 38.
