2066 3319
222 966 291 995 pag.
309 960 368 988 690.

381 190 460 230 520
947 194 1108 228 SANCTt
1133 195 1359 228 EPIPHANII

383 273 480 316 εἶναι
513 275 553 314 οἷ
584 271 764 323 α’πιστοι,
806 270 853 313 ού
878 271 1003 325 μόνον
1030 273 1127 328 λέγω
1159 273 1226 314 ἕνα
1253 271 1352 314 θεὸν
1374 270 1473 314 εἶναι
1497 277 1567 314 τοῦ
1595 273 1740 322 αἰῶνος
1768 271 1922 325 τούτου,

382 341 435 395 μὴ
458 342 628 396 γένοιτο,
659 338 754 382 cm&
777 341 844 381 καὶ
873 339 1062 390 πολλοὺς,
1093 338 1152 389 οἷς
1177 339 1342 389 ἓαυτοῦς
1368 339 1563 390 ὑπέταξαν
1585 342 1625 381 οἵ
1646 338 1827 391 ἄπιστοι,
1857 340 1923 381 καὶ

380 408 669 462 ἐτυφλώθησαν
686 406 755 461 τήν
780 406 971 449 διάνοιαν.
1027 405 1097 456 Ὡς
1115 409 1179 449 καὶ
1201 409 1243 450 ἐν
1265 407 1363 466 ἄλλῳ
1389 407 1498 465 τόπῳ
1519 408 1635 463 λέγει,
1668 402 1746 448 ἵ,Ων
1777 405 1800 449 o‘
1828 406 1926 456 θεός

382 475 408 529 ἦ
430 479 578 527 κοιλία,
609 477 675 517 καὶ
698 473 723 529 ἦ
750 474 844 525 δόξα
868 477 908 517 ἐν
929 479 975 533 τῇ
997 476 1159 533 αἰσχύνῃ
1183 474 1329 517 αύτῶν·
1370 477 1437 517 καὶ
1467 473 1489 517 ὅ
1510 473 1647 529 κύριος
1674 476 1713 516 ἐν
1734 478 1789 531 τῷ
1812 474 1927 529 εὐαγ-

383 547 515 602 γελίῳ,
552 541 610 585 Ού
635 542 810 584 δύνασθε
833 544 921 584 δυσὶ
946 546 1096 598 κυρίοις
1117 542 1336 594 δουλεύειν,
1368 545 1475 596 φησί.
1537 540 1639 583 Εἶτα
1666 540 1761 595 μετοὶ
1785 540 1921 593 πολλοὶ,

381 614 447 653 ἰ’να
470 614 575 669 δείξῃ
601 613 698 660 τίνες
721 612 817 652 εἰσὶν
841 612 881 652 οἵ
903 609 974 652 δύο
998 609 1143 665 κύριοι,
1168 612 1284 663 φησὶ,
1320 610 1378 652 Οὐ
1401 609 1578 651 δύνασθε
1601 613 1687 667 θεῷ
1711 608 1924 660 δουλεύειν,

383 680 448 720 καὶ
482 682 664 735 μαμωνᾷ.
724 677 827 733 ’Ἀρα
861 673 932 720 οὖν
964 676 986 719 ὁ
1017 677 1114 727 θεὸς
1149 677 1267 728 θεὸς,
1309 679 1376 719 καὶ
1409 682 1598 731 μαμωνᾶς
1631 675 1729 725 θεὸς
1763 681 1835 718 τοῦ
1862 675 1929 718 κό-

385 760 496 800 σμου.
558 745 636 787 Δια
669 746 741 802 γαρ
766 751 837 788 τοῦ
862 750 1027 799 μαμωνᾶ
1050 747 1117 787 καὶ
1147 751 1217 799 τῆς
1241 748 1390 794 κοιλίας
1412 750 1488 787 τῶν
1510 745 1582 787 δύο
1603 743 1753 787 τούτων
1779 742 1806 798 ἡ
1825 747 1925 786 πλεί-

384 829 452 867 στη
475 813 595 866 φύσις
625 819 702 856 τῶν
731 813 960 870 ἀνθρώπων
990 812 1204 866 τυφλῶττει
1227 814 1496 866 δελεαζομένη,
1530 811 1600 866 οὐχ
1624 811 1703 854 ὑπὸ
1734 817 1837 854 θεοῦ
1864 817 1929 853 λα-

385 885 512 935 βοῦσα
540 881 611 936 τὴν
634 881 855 937 πρόφασιν,
898 880 991 922 ἄλλα
1019 879 1083 922 δια
1110 886 1178 934 τῆς
1203 883 1305 930 ἰδίας
1329 883 1638 934 κακομηχανίας,
1685 878 1738 928 οἷς
1768 881 1930 929 ἕκαστος

388 949 623 1005 ὀρεγόμενος
656 951 718 993 ἐπὶ
753 955 801 1008 τῇ
835 950 995 1006 ἀπιστίᾳ
1027 947 1168 990 έαυτόν
1197 951 1465 1003 παραδίδωσιν
1496 946 1720 1003 ὑποχείριον
1757 947 1928 990 πάντων.

383 1017 514 1060 ΓΌθεν
535 1019 601 1059 καὶ
624 1016 646 1060 ό
669 1016 889 1066 οἷπόστολος
909 1018 1025 1072 λέγει,
1066 1015 1170 1066 Ῥίζα
1201 1015 1359 1058 πάντων
1379 1021 1457 1057 τῶν
1478 1021 1612 1058 κακῶν
1635 1018 1712 1058 ἐστι
1738 1014 1765 1070 ἦ
1791 1021 1928 1071 φιλαρ-

386 1088 512 1141 γυρία.
575 1087 654 1127 Καὶ
677 1084 741 1127 δια
764 1090 878 1127 τοῦτο
902 1087 1093 1140 ἐπαρᾶται
1118 1089 1221 1141 κακῇ
1242 1083 1442 1139 προλήψει
1465 1087 1675 1133 θεοποιΐας
1696 1085 1836 1139 λέγων,
1875 1082 1931 1124 To}

387 1152 575 1208 βρώματα
598 1158 644 1211 τῇ
667 1156 815 1211 κοιλία,
847 1154 913 1194 καὶ
937 1151 963 1206 ἦ
984 1154 1110 1194 κοιλία
1134 1157 1216 1199 τοῖς
1239 1150 1461 1206 βρώμασιν,
1503 1150 1525 1193 ὁ
1550 1152 1592 1193 δὲ
1613 1150 1711 1200 θεὸς
1744 1153 1811 1193 καὶ
1840 1149 1932 1192 ταύ-

386 1239 456 1274 την
474 1223 541 1263 καὶ
571 1226 691 1262 ταῦτα
712 1219 966 1276 καταργήσει,
998 1217 1253 1274 ἐπαρώμενος
1284 1217 1451 1274 γαστρὸς
1473 1221 1715 1272 ἐπιθυμίαις.
1773 1217 1817 1260 Ὁ
1835 1217 1932 1267 θεὸς

387 1291 523 1330 τοίνυν
557 1294 629 1330 τοῦ
662 1290 806 1336 αἰῶνος
843 1286 984 1329 τούτου
1023 1284 1223 1337 ἐτύφλωσε
1253 1284 1300 1327 τα
1331 1285 1506 1339 νοήματα
1537 1292 1614 1328 τῶν
1644 1285 1835 1328 ἀπίστων·
1880 1285 1934 1335 ὥς

389 1358 453 1398 καὶ
477 1358 518 1398 ἐν
540 1361 595 1412 τῷ
617 1354 821 1412 εὐαγγελίῳ
844 1352 1061 1410 εὑρίσκεται
1084 1351 1107 1394 ὁ
1126 1352 1374 1409 γραμματεύς
1402 1359 1558 1410 πρῶτος
1580 1356 1647 1396 καὶ
1671 1353 1851 1410 δεύτερος
1874 1355 1933 1396 λε’-

387 1441 485 1478 γων,
533 1427 579 1465 Τί
600 1425 770 1476 ποιήσας
798 1421 901 1475 ζωὴν
922 1420 1082 1463 αἰώνιον
1107 1419 1415 1476 κληρονομήσω,
1459 1420 1482 1464 ὅ
1516 1423 1557 1464 δὲ
1589 1424 1687 1476 ἔφη,
1736 1425 1836 1476 Τίμα
1865 1421 1934 1464 τὸν

389 1492 537 1545 πατέρα
566 1494 633 1532 καὶ
667 1489 738 1545 τήν
769 1491 915 1546 μητέρα
944 1488 1041 1531 κατοὶ
1069 1487 1112 1530 vo*
1142 1490 1414 1544 γεγραμμένον.
1480 1489 1539 1531 Οὐ
1566 1490 1639 1547 γοὶρ
1673 1485 1723 1544 ἧν
1754 1488 1934 1546 οῗλλότρια

385 1558 433 1600 τοὶ
454 1564 525 1600 τοῦ
544 1558 686 1612 νόμου·
727 1555 933 1606 1ὦςαύτως
955 1555 978 1598 ὅ
996 1555 1134 1612 κύριος
1156 1554 1333 1598 διδάσκει
1355 1561 1455 1611 ζωῆς
1476 1561 1737 1614 κληρονομίας
1752 1556 1933 1615 εἶναιτὴν

386 1626 679 1682 παραφυλακήν
700 1631 771 1668 τοῦ
790 1625 930 1679 νόμου.
992 1622 1094 1665 Εἶτα
1122 1638 1239 1678 φησι,
1283 1630 1414 1666 Ταῦτα
1434 1625 1562 1667 πάντα
1587 1628 1751 1680 ἐποίησα
1782 1628 1824 1669 ἐκ
1849 1625 1931 1668 νεό-

386 1693 501 1748 τητός
531 1712 618 1748 μου.
682 1695 762 1735 Καὶ
794 1691 969 1741 οἰκούσας
1002 1691 1140 1747 ἐχάρη,
1181 1694 1246 1733 ἵνα
1281 1695 1385 1752 δείξῃ
1420 1692 1490 1743 τας
1515 1694 1672 1744 ἐντολάς
1700 1699 1773 1736 τοῦ
1805 1694 1933 1748 νόμου

387 1761 460 1804 ούκ
485 1762 686 1818 ἀλλοτρίας
717 1767 785 1816 τῆς
808 1759 929 1803 αὐτοῦ
954 1759 1145 1813 θεότητος
1169 1758 1431 1816 ύπαρχούσας.
1493 1762 1571 1804 Am}
1601 1761 1675 1819 γοῖρ
1707 1767 1778 1805 τοῢ
1811 1765 1934 1805 εἰπεῖν

385 1829 445 1872 ὅτι
468 1830 605 1886 ἐχάρη,
637 1828 924 1885 συγκατάθεσιν
949 1828 1161 1882 ἐποιήσατο
1183 1833 1353 1878 παλαιᾶς
1376 1830 1575 1884 διαθήκης
1605 1829 1707 1887 πρός
1736 1832 1827 1873 νέαν
1852 1834 1934 1873 δια-

385 1897 531 1951 θήκην.
590 1896 721 1948 Ἀλλα,
753 1899 873 1951 φησὶ,
912 1900 956 1938 Τί
979 1899 1034 1939 ἔτι
1055 1894 1226 1952 ύστερῶ,·
1265 1900 1332 1939 καί
1355 1912 1453 1951 φησι
1474 1897 1574 1954 πρός
1598 1897 1741 1951 αύτὸν,
1780 1901 1836 1940 Εἰ
1862 1901 1933 1941 θέ-

387 1971 463 2014 λεις
487 1966 629 2014 τέλειος
651 1966 854 2021 γενέσθαι,
897 1964 1080 2019 πώλησον
1112 1963 1160 2005 τοὶ
1182 1963 1408 2019 ὑπάρχοντά
1431 1981 1517 2018 σοι,
1559 1968 1626 2008 καὶ
1651 1966 1720 2016 δός
1750 1973 1931 2022 πτωχοῖς,

385 2035 452 2074 καὶ
475 2032 570 2087 λάβε
598 2032 666 2076 τόν
687 2032 856 2088 σταυρόν
877 2048 969 2083 σου,
1001 2034 1067 2074 καὶ
1091 2030 1306 2074 οἷκολούθει
1329 2051 1414 2086 μοι,
1446 2035 1512 2076 καὶ
1536 2036 1632 2084 ἕξεις
1653 2035 1862 2090 θησαυρὸν
1893 2037 1933 2077 ἐν

387 2101 619 2157 ἳούρανοῖς.
687 2099 730 2141 Ὁ
764 2101 805 2142 δὲ
839 2099 994 2154 α’πῆλθε
1024 2100 1279 2155 λυπούμενος.
1331 2096 1406 2142 ῒΗν
1438 2101 1510 2158 γαρ
1546 2102 1734 2152 πλούσιος
1763 2102 1930 2159 σφόδρα.

386 2167 488 2209 Εἶτα
520 2167 542 2210 ὁ
571 2168 711 2223 κύριος
732 2170 830 2221 ἔφη,
872 2166 1166 2224 Εύκοπῶτερόν
1187 2171 1267 2211 ἐστι
1286 2168 1462 2223 κάμηλον
1487 2168 1553 2212 διοὶ
1577 2175 1791 2226 τρυμαλιᾶς
1814 2173 1931 2226 ῥαφί-

385 2239 454 2284 δος
479 2238 662 2284 εἶςελθεῖν
692 2235 719 2290 ἢ
748 2235 937 2277 πλούσιον
967 2238 1008 2278 ἐν
1039 2242 1087 2295 τῇ
1119 2240 1294 2294 βασιλεία
1320 2243 1398 2279 τῶν
1421 2236 1614 2293 οὐρανῶν.
1679 2237 1737 2280 Ού
1767 2237 1932 2280 δύναται

384 2303 456 2359 γαρ
484 2305 690 2355 εἰςελθεῖν,
732 2303 791 2345 ὅτι
819 2303 1108 2357 ἐτυφλώθησαν
1130 2303 1209 2347 ύπό
1240 2310 1310 2347 τοῦ
1343 2310 1443 2347 θεοῦ
1476 2310 1546 2348 τοῦ
1578 2308 1742 2357 αἰῶνος,
1785 2305 1930 2362 ἦγησοί-

384 2388 493 2423 μενοι
523 2371 591 2413 τὸν
624 2376 814 2426 μαμωνᾶν
836 2372 986 2413 ἑαυτῶν
1008 2371 1127 2424 θεόν,
1159 2374 1225 2414 καὶ
1249 2372 1413 2422 ἑαυτούς
1440 2372 1690 2429 ὑποχειρίους
1711 2374 1930 2428 πεποιηκό-

382 2456 444 2487 τες
466 2445 520 2497 τῷ
550 2444 634 2497 θεῷ
667 2445 737 2481 τοῦ
767 2441 910 2488 αἰῶνος
941 2438 1105 2490 τούτου,
1148 2442 1320 2483 τουτέστι
1340 2446 1388 2499 τῇ
1413 2445 1661 2499 φιλαργυρίᾳ.
1719 2440 1789 2491 Ὡς
1817 2444 1928 2498 λέγει,

387 2509 598 2562 Προςέχετε
621 2506 700 2549 dno*
724 2511 794 2561 τῆς
816 2508 939 2560 ζύμης
966 2512 1074 2548 3τῶν
1102 2512 1342 2564 Φαρισαίων,
1373 2509 1458 2563 ἥτις
1481 2511 1585 2551 ἐστὶν
1605 2508 1829 2565 ὑπόκρισις·
1861 2511 1927 2552 καὶ

384 2576 424 2615 ἐν
449 2573 549 2633 ἄλλῳ
573 2575 703 2633 τόπῳ,
735 2575 846 2624 ί’Ήτις
866 2575 944 2617 ἐστὶ
967 2579 1212 2631 φιλαργυρία.
1276 2578 1356 2619 Καὶ
1379 2580 1446 2619 ἴνα
1474 2580 1580 2636 δείξῃ
1602 2577 1745 2631 ταύτης
1764 2575 1807 2619 τό
1830 2575 1929 2619 ἄπο-

383 2644 543 2696 τέλεσμα
572 2642 703 2685 καὶτὸ
729 2645 862 2698 ἔργον,
894 2644 1013 2698 λέγει,
1055 2641 1216 2698 Ὀδηγοί
1245 2646 1315 2686 εἶσι
1345 2648 1503 2698 τυφλοί·
1547 2645 1694 2697 τυφλός
1715 2645 1757 2686 δὲ
1779 2643 1928 2696 τυφλὸν

383 2708 558 2765 ὁδηγῶν,
593 2710 811 2766 ἀμφότεροι
840 2713 894 2760 εἰς
925 2709 1107 2764 βόθυνον
1131 2713 1400 2764 ἐμπεσοῦνται.
1453 2712 1619 2767 Ἐπειδὴ
1644 2712 1717 2768 γοὶρ
1754 2713 1926 2765 ἐτύφλω-

383 2792 447 2818 σεν
484 2778 628 2828 αὐτούς
657 2777 684 2833 ἦ
715 2782 970 2835 φιλαργυρία,
1012 2777 1035 2820 ό
1076 2777 1171 2827 θεὸς
1201 2784 1272 2821 τοῦ
1304 2782 1448 2829 αἰῶνος
1477 2780 1639 2831 τούτου,
1681 2782 1746 2822 καὶ
1779 2779 1828 2822 ού
1857 2799 1925 2823 κα-

381 2844 572 2900 τηύγασεν
603 2845 626 2888 ὁ
647 2846 851 2900 φωτισμός
881 2852 951 2888 τοῦ
978 2845 1201 2902 εύαγγελίου
1229 2848 1270 2889 ἐν
1291 2854 1376 2897 ταῖς
1399 2850 1580 2904 καρδίαις
1604 2846 1753 2899 αὐτῶν,
1786 2847 1849 2890 δια
1882 2849 1923 2891 τό

428 2947 503 2979 CAP.
529 2949 640 2981 LXX.
674 2970 715 2975 —-
767 2953 794 2983 1.
818 2953 960 2983 Fortasse
992 2948 1039 2989 ὥς
1064 2947 1128 2984 αὖ·
1218 2950 1248 2981 ‘2-
1275 2946 1426 2992 οὐρανοῖς
1461 2952 1548 2983 codd.
1582 2961 1655 2982 mss.
1686 2954 1714 2983 et
1745 2952 1790 2984 ed.
1822 2954 1922 2993 princ.

379 2990 437 3031 τὸς
461 2990 477 3026 ὁ
503 2991 625 3036 κύριος.
1174 2990 1302 3039 οὐρανῷ
1329 2997 1375 3027 ed.
1396 2998 1495 3036 princ.
