2066 3319
495 179 676 213 PANARH
700 179 783 212 Lm.
806 181 846 212 11.
871 180 979 214 ToM.
999 182 1020 213 1.
1048 181 1322 215 HAER.LX1V.
1604 174 1683 213 373

141 261 233 304 Non
259 274 281 301 a
303 274 363 301 me
387 266 585 315 peecatum
616 267 798 300 exortum
825 268 908 312 est,
942 261 1008 301 sed
1038 276 1059 301 a
1083 262 1323 317 corruptibili
1357 262 1421 303 illo
1451 270 1683 318 terrenoque

141 342 304 386 corpore
336 335 535 384 stuprum,
577 328 806 369 adulterium
837 342 881 369 ac
915 329 1092 370 libidines
1127 332 1324 385 profectae
1358 338 1471 372 sunt:
1515 346 1602 372 nam
1635 345 1685 372 ex

140 412 215 453 quo
240 404 415 453 tempore
439 411 462 438 a
486 410 544 437 me
570 397 786 437 seiunctum
813 404 887 448 est,
924 398 1016 438 nihil
1042 406 1101 439 est
1125 398 1260 439 horum
1286 400 1551 441 commissum.
1601 399 1681 441 Ho—

139 473 251 507 nesta
282 480 378 506 sane
405 465 620 506 excusandi
643 466 701 506 sui
728 465 848 517 ratio,
884 473 922 506 et
947 467 990 506 ad
1017 467 1076 507 dei
1102 467 1284 507 indicium
1314 469 1567 509 evertendum
1600 469 1683 509 ido-

140 549 226 575 nea.
290 536 344 574 At
368 534 399 575 si
423 548 562 589 corpus
586 533 709 590 ipsum
738 549 890 589 quoque
918 535 1012 575 deus
1038 535 1289 590 produxerit,
1324 536 1395 576 hoc
1425 537 1526 577 enim
1554 538 1684 578 facere

139 610 290 659 potest,
326 610 366 643 ut
390 601 602 643 Ezecliiele
630 617 747 657 supra
772 603 1148 653 demonstravimus,
1186 604 1336 644 tametsi
1369 605 1489 658 figura
1523 606 1682 659 quadam

138 686 183 712 ac
216 670 465 713 similitudine
500 678 576 712 tum
609 671 642 711 id
676 686 771 726 opus
804 672 1016 726 perfectum
1046 672 1182 712 luerit:
1226 686 1358 712 verum
1388 673 1434 712 ad
1461 673 1681 725 veritatem,

139 754 236 795 quae
260 747 350 780 tunc
371 739 621 781 similitudine
645 740 708 780 illa
731 739 992 789 referebatur,
1027 739 1327 780 adumbraudam
1356 740 1574 782 istiusmodi
1597 756 1683 797 spe-

138 809 218 849 cies
244 816 303 849 est
327 822 534 863 expressa.
599 806 696 849 Cum
721 808 868 848 scilicet
898 822 940 848 os
967 822 1081 847 unum
1111 809 1154 848 ad
1186 809 1375 860 alterum,
1412 816 1449 849 ct
1474 825 1682 865 compages
1699 821 1887 856 Ezecham.

137 878 183 918 ad
215 891 438 932 compagem
465 877 751 917 accommodata
777 884 861 926 est,
896 890 938 916 ac
964 891 1046 916 cum
1073 876 1180 916 arida
1208 884 1340 918 essent
1362 891 1476 928 ossa,
1513 892 1584 918 nec
1607 879 1682 918 ulla

137 946 259 986 adhuc
285 944 411 986 anima
435 945 497 985 vel
519 945 699 1000 spiritns,
735 959 808 999 quo
834 945 1091 998 agitarentur,
1126 945 1163 985 in
1192 945 1285 999 ipsis
1313 947 1486 997 inesset,
1521 946 1683 987 subinde

137 1021 264 1055 tamen
292 1021 559 1068 coagmentata
589 1021 678 1054 sunt
702 1021 761 1063 et,
799 1020 837 1052 ut
865 1013 1051 1069 propheta
1082 1013 1276 1067 loquitur,
1315 1017 1476 1054 solidata
1506 1030 1678 1067 corpora.

136 1082 196 1123 Ae
221 1082 254 1123 si
278 1083 331 1122 ita
356 1082 427 1123 deo
453 1082 632 1133 libuerit,
667 1083 854 1136 perficere
878 1083 979 1122 istud
1003 1089 1154 1137 potest,
1189 1083 1294 1123 nullo
1323 1091 1363 1123 ut
1387 1083 1538 1124 animae
1564 1085 1685 1124 iuter-

136 1158 255 1192 ventu
283 1151 485 1206 prodeant,
521 1166 564 1192 ac
589 1165 677 1192 sese
704 1158 990 1191 commoveant.
1054 1150 1145 1191 Non
1168 1165 1282 1192 secus
1305 1159 1421 1206 atque
1443 1155 1577 1193 Abelis
1597 1168 1685 1193 san-
1704 1163 1779 1191 Gen.
1800 1166 1823 1192 4.

133 1224 222 1272 guis
238 1228 329 1272 post
351 1221 487 1259 obitam
515 1220 767 1274 loquebatur,
803 1234 879 1260 non
907 1220 1049 1259 anima.
1113 1219 1205 1261 Non
1234 1220 1335 1261 enim
1359 1221 1487 1261 anima
1514 1229 1575 1262 est
1595 1236 1684 1263 san-

135 1289 244 1344 guis,
278 1289 346 1329 sed
371 1302 510 1344 corpus
534 1289 623 1329 illud
648 1289 747 1342 quod
775 1295 948 1344 apparet.
1013 1287 1161 1329 Verum
1188 1303 1329 1345 corpus
1355 1290 1440 1331 sine
1473 1290 1601 1331 anima
1626 1291 1684 1331 iu-

137 1357 256 1398 dicari
289 1372 364 1397 non
402 1365 542 1412 potest.
605 1356 706 1397 Nam
744 1364 783 1397 et
816 1356 941 1412 ipsum
975 1356 1205 1409 resisteret,
1250 1365 1289 1398 et
1322 1359 1422 1400 hunc
1456 1359 1494 1399 in
1530 1359 1696 1400 modum·

137 1425 361 1481 exciperet:
396 1425 488 1466 Non
516 1440 587 1480 ego
618 1426 798 1481 peceavi,
833 1425 901 1465 scd
933 1425 1085 1476 anima3
1127 1440 1177 1466 ex
1215 1441 1289 1481 quo
1324 1427 1426 1468 enim
1459 1436 1632 1483 tempore
1663 1443 1683 1469 a

138 1508 197 1535 me
222 1494 426 1545 discessit,
461 1509 549 1535 nuin
573 1495 827 1546 adulterium,
864 1508 952 1534 num
979 1501 1152 1549 stuprum
1179 1495 1295 1535 ullum
1319 1496 1484 1537 admisi?
1516 1511 1604 1537 num
1632 1497 1684 1537 si—

138 1563 309 1604 mulacra
339 1563 466 1603 colui?
527 1561 586 1603 lta
612 1577 752 1618 corpus
781 1562 994 1603 iustissimo
1023 1563 1083 1602 dei
1119 1563 1283 1614 iudicio,
1329 1572 1367 1604 et
1397 1565 1549 1619 quidem
1581 1565 1681 1616 iure,

139 1632 394 1673 contradicet.
460 1629 611 1685 Quibus
644 1631 689 1672 de
721 1631 894 1681 caussis,
937 1631 1099 1686 aliisque
1133 1632 1396 1687 compluribus
1425 1648 1468 1674 ac
1500 1648 1683 1675 necessa-

138 1701 229 1752 riis,
264 1715 332 1755 pro
364 1700 510 1740 infinita
541 1715 609 1741 sua
641 1700 831 1756 sapientia
857 1701 952 1741 deus
976 1708 1153 1741 emortua
1179 1708 1312 1741 nostra
1338 1715 1503 1757 corpora
1533 1709 1571 1743 et
1601 1703 1684 1743 ani-

138 1784 221 1810 mas
249 1783 387 1810 novam
410 1769 455 1809 ad
479 1769 771 1823 generationem
798 1769 988 1824 perducit,
1023 1770 1342 1824 quemadmodum
1367 1785 1416 1811 ex
1441 1770 1590 1825 ingenti
1613 1786 1682 1813 sua

139 1838 378 1879 humanitate
405 1837 594 1893 promisit.
660 1836 710 1879 [t
736 1838 797 1892 qui
824 1838 861 1878 in
884 1838 1102 1879 sanctitatis
1127 1837 1261 1879 officiis
1287 1838 1564 1890 elaboraverit,
1598 1841 1684 1881 exi-

139 1907 255 1947 mium
293 1921 311 1946 a
352 1907 423 1947 deo
462 1907 673 1962 praemium
709 1920 822 1947 omne
857 1907 1064 1962 percipiat,
1107 1913 1145 1947 et
1177 1921 1339 1962 quorum
1377 1907 1508 1948 inania
1541 1909 1685 1949 fuerint

140 1990 282 2030 opera,
317 1975 477 2031 perinde
504 1976 744 2016 iudicentur:
783 1983 821 2015 ut
848 1982 886 2016 et
911 1989 1049 2030 corpus
1074 1990 1159 2016 cun]
1185 1975 1336 2027 anima,
1373 1984 1410 2016 et
1437 1977 1564 2017 anima
1597 1992 1680 2018 cum

139 2058 302 2100 corpore
334 2045 369 2085 ei
401 2058 443 2084 se
475 2044 616 2085 iudicio
647 2043 869 2084 subiiciant.

254 2113 383 2168 Atque
420 2113 514 2154 haec
552 2113 741 2153 adversus
773 2119 1017 2166 arrogantem
1052 2113 1155 2153 illum
1193 2110 1406 2168 Origenem
1444 2114 1543 2155 dicta
1579 2116 1681 2155 suffi-
1748 2120 1827 2162 Cap.

138 2181 262 2233 ciant,
303 2181 364 2236 qui
401 2183 543 2222 frustra
570 2182 792 2222 Adamantii
827 2181 899 2221 sibi
926 2195 1066 2222 nornen
1094 2182 1298 2236 imposuit,
1343 2190 1457 2237 atque
1490 2183 1680 2224 adversus
1707 2166 1868 2198 Lxxm'

138 2249 238 2290 illius
271 2250 435 2291 absurda
465 2251 643 2305 dogmata
680 2250 1014 2305 perniciosamque
1041 2251 1278 2302 doctrinam,
1313 2266 1425 2306 qnam
1454 2260 1588 2291 contra
1613 2265 1679 2291 vc-

137 2318 293 2359 ritatem
319 2319 447 2361 multis
472 2321 509 2359 in
535 2319 620 2359 fidei
644 2326 802 2359 nostrae
825 2319 995 2374 partibus
1019 2319 1276 2375 excogitavit.
1325 2319 1442 2360 Nunc
1463 2319 1565 2360 illius
1589 2319 1679 2361 hae-

138 2388 216 2429 resi
251 2388 528 2443 praetermissa
563 2388 745 2443 deinceps
779 2402 862 2439 me,
903 2388 1118 2439 carissimi,
1161 2389 1206 2429 ad
1245 2388 1339 2429 alias
1375 2388 1680 2429 considerandas

140 2458 394 2508 transferam,
430 2471 450 2497 a
478 2457 549 2497 deo
577 2471 645 2512 pro
674 2471 780 2497 more
811 2457 1011 2512 postulans
1039 2456 1239 2498 tenuitatis
1267 2465 1309 2498 ut
1340 2464 1496 2498 nostrae
1529 2456 1682 2498 adiutor

139 2539 226 2566 esse
250 2525 360 2576 velit,
394 2532 436 2567 ut
459 2527 648 2566 adversus
672 2525 824 2566 inanem
852 2540 988 2566 vocem
1014 2540 1165 2567 omnem
1193 2541 1291 2580 quae
1316 2533 1450 2566 contra
1475 2526 1679 2567 veritatem

139 2594 305 2648 insurgit
326 2594 512 2635 resistere
535 2608 579 2634 ac
600 2594 800 2635 victoriam
824 2595 999 2636 obtinere
1020 2595 1234 2650 possimus,
1269 2602 1308 2635 ut
1327 2593 1468 2635 Esaias
1491 2595 1675 2650 propheta

140 2662 253 2703 dicit:
289 2666 415 2703 Omnis
438 2679 530 2711 vooe,
565 2678 660 2716 quae
685 2666 858 2715 emarget
878 2672 1010 2704 contra
1035 2672 1089 2711 te,
1125 2679 1248 2703 omnes
1276 2665 1361 2702 illos
1389 2665 1606 2716 superabis,-
1640 2667 1765 2706 he'laai.
1783 2680 1881 2713 5217.

139 2740 260 2771 autem
287 2735 348 2771 rei
364 2740 475 2772 erunt
495 2736 531 2771 in
556 2735 635 2771 illa.
701 2730 752 2773 Ut
777 2746 860 2773 cuin
888 2733 948 2773 dei
980 2732 1125 2773 auxilio
1152 2732 1250 2786 quod
1282 2732 1552 2786 proposuimus
1585 2746 1679 2773 exe-

141 2800 241 2850 cuti,
277 2801 314 2841 in
341 2814 474 2841 eorum
498 2801 683 2855 gratiam,
717 2801 779 2855 qui
807 2801 1005 2855 sapienter
1026 2801 1121 2841 haec
1149 2807 1282 2840 nostra
1307 2800 1440 2854 legere
1466 2801 1674 2851 voluerint,

141 2868 186 2908 ad
207 2869 504 2909 illustrationem
528 2870 703 2910 veritatis
726 2876 763 2909 et
786 2869 958 2910 salutare
984 2869 1171 2924 quoddam
1199 2869 1542 2920 medicamentum,
1577 2871 1675 2924 quod

142 2937 301 2977 antidoti
336 2937 384 2978 sit
416 2938 562 2988 instar,
605 2937 793 2978 adversus
827 2938 1129 2991 uniuscuiusque
1159 2938 1377 2993 serpentis,
1417 2952 1462 2979 ac
1493 2938 1678 2979 venenati

188 3026 265 3060 Cn.
291 3028 449 3063 LXXlIl.
483 3049 526 3055 —
578 3029 604 3064 l.
631 3025 783 3071 οἶῤῥωγόν
815 3030 885 3061 edit.
907 3030 1005 3068 princ.
