2066 3319
145 1325 233 1368 Κεφ.
259 1324 299 1359 α’.

150 2285 217 2315 pag.
236 2277 295 2306 525.

137 2620 226 2664 Κεφ.
255 2619 295 2665 β’.

337 210 416 249 228
897 211 1057 243 SANCT1
1082 211 1306 243 EPIPHANH

336 291 521 346 διαβόλου
541 291 840 345 ἐμπαιζομένην,
871 288 1101 344 ἀρκούμεθα
1121 294 1204 338 τοῖς
1225 287 1366 343 ὀλίγοις
1386 287 1551 339 τούτοις,
1582 288 1715 343 ἐπειδὴ
1737 288 1864 347 πάντῃ

336 361 458 412 σαφές
482 361 584 401 ἐστιν
619 358 679 400 ὅτι
707 356 754 400 οὐ
781 358 969 406 συνέσεως
1000 355 1089 412 παρ’
1112 355 1245 406 αὐτοῖς
1268 354 1294 409 ἡ
1317 357 1492 410 ἐργασία,
1525 355 1615 398 οὐδὲ
1639 359 1680 398 ἐκ
1710 362 1809 399 θεοῦ
1839 355 1865 411 ’ἦ

332 429 493 480 τοιαύτη
517 432 680 483 γνῶσις,
713 425 806 467 ἄλλα
837 426 1036 479 δαιμόνων
1066 427 1255 480 ἐνεργείας
1286 433 1311 478 η
1337 426 1448 478 χλεύη
1471 426 1535 466 καὶ
1558 430 1704 474 πτῶσις
1733 424 1864 467 αὐτῶν

334 500 402 548 τῆς
426 494 617 548 οἷθεμίτου
648 496 827 549 ἐργασίας
852 496 1006 549 γίνεται.
1069 494 1148 534 Καὶ
1171 492 1316 545 ταύτην
1348 493 1388 534 δὲ
1411 492 1704 548 παρωσάμενοι,
1737 492 1863 548 ὥςπερ

331 561 401 616 τήν
425 562 555 617 δεινὴν
584 561 796 616 σκυτάλην,
826 561 897 616 τήν
922 563 1074 615 ἔχιδναν
1096 562 1359 614 καλουμένην,
1392 556 1513 603 οὖσαν
1544 562 1612 615 μὲν
1637 566 1689 618 τῷ
1715 560 1863 614 σώματι

331 634 532 685 βραχεῖαν,
564 636 610 689 τῇ
639 631 679 672 δὲ
706 632 854 687 ἰοβολία
877 628 1007 672 δεινὸν
1035 624 1170 682 ἆσθμα
1195 630 1457 682 ἐμπνέουσαν,
1487 631 1554 671 καὶ
1580 631 1632 678 εἰς
1657 628 1750 678 τούς
1771 634 1863 682 πλη·

331 698 530 750 σιάζοντας
559 698 630 752 τὴν
654 698 780 752 λύμην
811 701 1069 752 ἐμφυσῶσαν,
1107 698 1253 751 ταύτην
1278 701 1556 752 συντρίψαντες
1583 699 1646 740 ἐπὶ
1678 696 1746 746 τάς
1777 698 1862 751 ἑξῆς

329 769 470 821 ἴωμεν,
501 765 599 809 θεὸν
632 765 785 823 άρωγόν
819 765 1132 820 ἐπικαλεσάμενοι
1162 767 1215 815 εἰς
1241 764 1312 820 τὴν
1344 770 1413 819 τῆς
1445 765 1572 819 πάσης
1601 768 1862 821 πραγματείας

328 833 439 889 ἡμῶν
470 837 610 878 ἔνθεον
641 838 878 892 ἐπαγγελίαν.

438 1139 622 1183 ΚΑΤΑ
661 1138 1070 1182 ΩΡΙΓΕΝΟΥΣ
1107 1137 1242 1181 ΤΟΥ
1279 1137 1406 1180 ΑΔΑ
1424 1137 1756 1193 ΜΑΝΤΙΟΥ,

486 1234 791 1279 τεσσαρακοστ
807 1215 814 1227 ”
849 1213 1040 1276 τετάρτη
1055 1251 1066 1272 ,
1102 1233 1130 1275 η
1159 1216 1237 1261 καὶ
1266 1214 1478 1275 ἑξηκοστή
1505 1212 1707 1277 τετάρτη.

435 1313 657 1371 Ὠριγένης,
688 1313 711 1356 o'
734 1316 798 1356 καὶ
819 1312 1077 1365 Ἀδαμάντιος
1098 1314 1338 1366 ἐπικληθεὶς,
1367 1315 1541 1366 καθεξῆς
1567 1312 1746 1355 1τούτων
1766 1312 1854 1356 οἷκο-

323 1390 472 1426 λουθεῖ.
537 1379 664 1432 Οὗτος
693 1388 786 1431 παῖς
813 1383 881 1435 μὲν
900 1376 950 1434 ἦν
974 1383 1204 1429 Λεωνίδους
1228 1386 1299 1422 τοῦ
1325 1383 1539 1435 μακαρίτου
1571 1379 1685 1436 άγίου
1713 1380 1857 1436 μάρτυ-

325 1469 412 1507 ρος,
444 1453 511 1493 καὶ
533 1449 652 1499 αὐτὸς
675 1451 716 1492 δὲ
739 1449 784 1491 τά
809 1455 963 1491 πλεῖστα
987 1449 1170 1502 διωχθεὶς
1199 1450 1239 1490 ἐν
1264 1454 1312 1506 τῇ
1336 1450 1405 1506 νέα
1432 1447 1553 1490 αὐτοῦ
1575 1447 1725 1506 ἡλικία,
1757 1448 1856 1506 ἀνὴρ

325 1519 381 1561 ὢν
411 1519 510 1562 κατά
540 1537 611 1573 την
638 1523 715 1560 τῶν
735 1516 927 1572 Ελλήνων
952 1519 1131 1559 παιδείαν
1155 1515 1305 1572 λόγιος,
1341 1518 1408 1558 καὶ
1440 1519 1481 1559 ἐν
1511 1519 1693 1574 ἐκκλησία
1723 1534 1853 1559 ανατε-

323 1589 573 1643 θραμμένος,
607 1589 648 1630 ἐν
678 1586 834 1641 χρόνοις
860 1589 1005 1628 Δεκίου
1027 1590 1099 1627 τοῦ
1121 1587 1308 1638 βασιλέως
1331 1587 1550 1641 ἐγνωρίζετο
1579 1586 1644 1628 ἐπὶ
1667 1590 1737 1639 τῆς
1757 1584 1856 1628 Ἀλε-

325 1659 537 1712 ξανδρείας.
589 1650 663 1697 ςΗν
684 1673 757 1711 γαρ
783 1659 835 1712 τῷ
858 1655 958 1709 γένει
986 1654 1054 1707 μὲν
1075 1652 1306 1708 Αιγύπτιος,
1338 1655 1378 1695 ἐν
1399 1651 1664 1711 Ἀλεξανδρεία
1686 1655 1728 1696 δὲ
1748 1655 1855 1708 ἐσχη-

321 1722 402 1773 κώς
432 1722 500 1776 τὴν
531 1726 706 1777 οἴκησιν,
739 1724 804 1765 καὶ
837 1739 1085 1777 ανατροφην,
1123 1720 1218 1775 τάχα
1250 1722 1290 1763 δὲ
1315 1723 1355 1763 ἐν
1379 1719 1566 1776 Ἀθηναις
1595 1721 1786 1776 φοιτήσας
1814 1724 1855 1765 ἐν

320 1797 402 1840 τοῖς
426 1794 718 1847 παιδευτηρίοις
738 1790 864 1848 χρόνῳ
888 1793 971 1832 τινί.
1017 1788 1149 1832 Πολλά
1174 1790 1214 1831 δὲ
1235 1791 1380 1845 λέγεται
1401 1791 1642 1832 πεπονθέναι
1662 1788 1761 1846 ὑπὲρ
1784 1795 1854 1833 τοῦ

322 1857 434 1915 άγίου
459 1859 578 1915 λόγου
597 1865 664 1913 τῆς
685 1862 848 1908 πίστεως
871 1861 937 1901 καὶ
959 1857 1151 1912 ὀνόματος
1174 1863 1243 1900 τοῦ
1272 1863 1465 1914 Χριστοῦ,
1497 1863 1612 1901 τοῦτο
1641 1859 1712 1912 μὲν
1737 1860 1777 1901 ἐν
1807 1863 1854 1917 τῇ

321 1927 432 1970 πόλει
463 1927 648 1977 πολλάκις
678 1927 914 1983 συρόμενος,
947 1924 1248 1980 ὀνειδιζόμενος,
1286 1925 1474 1980 βασάνοις
1501 1925 1728 1980 ἀνηκέστοις
1755 1924 1853 1969 ὖπο-

321 1995 566 2050 βαλλόμενος.
628 1997 707 2037 Καὶ
732 1994 804 2051 γάρ
833 2001 957 2052 καιρῷ
984 2012 1078 2037 ποτε
1104 1994 1337 2050 ξυρήσαντες
1357 1992 1477 2036 αὐτόν
1501 1994 1731 2048 οἷ”Ελληνες
1754 1994 1853 2050 πρὸς

319 2070 367 2122 τῇ·
392 2062 581 2117 άναβάσει
608 2067 678 2105 τοῦ
700 2067 902 2119 Σεραπίου
928 2064 1170 2117 καλουμένου
1193 2068 1263 2105 τοῦ
1287 2061 1417 2104 αὐτῶν
1438 2062 1599 2106 εἰδώλου
1621 2066 1854 2112 καθίσαντες

319 2131 388 2174 τὸν
410 2131 530 2174 αὐτόν
550 2133 787 2187 προςέταξαν
811 2131 961 2181 θαλούς
983 2135 1175 2184 φοινίκων
1207 2131 1426 2174 ἐπιδιδόναι
1453 2137 1534 2180 τοῖς
1559 2133 1622 2174 ἐπὶ
1646 2131 1688 2173 τὸ
1715 2129 1850 2185 ἄθεμι-

318 2207 497 2256 τουργεῐν
532 2202 599 2242 καὶ
630 2206 863 2255 προςκυνεῖν
896 2205 949 2257 τῷ
986 2199 1129 2258 εἰδώλῳ
1166 2198 1329 2242 άνιοῦσι.
1405 2204 1593 2242 Τοιοῦτον
1622 2198 1694 2255 γάρ
1725 2204 1852 2254 σχῆμα

321 2270 472 2322 ἔχουσιν
503 2271 545 2311 οἷ
567 2273 644 2310 τῶν
674 2267 842 2310 εἰδώλων
871 2267 1001 2310 αὐτῶν
1023 2270 1146 2324 ἱερεῖς.
1203 2266 1246 2309 Ὁ
1269 2269 1310 2310 δὲ
1331 2267 1462 2322 λαβών
1485 2269 1630 2326 μεγάλῃ
1655 2273 1703 2326 τῇ
1733 2273 1850 2327 φωνῇ

319 2339 385 2379 καὶ
413 2337 782 2394 πεπαρρησιασμένῃ
813 2341 858 2394 τῇ
887 2339 1063 2394 διανοίᾳ,
1094 2335 1142 2379 οὐ
1169 2339 1318 2389 δείσας,
1351 2335 1441 2379 οὐδὲ
1465 2335 1646 2385 διστάσας
1669 2335 1766 2390 ἐβόα
1793 2338 1850 2379 λε’-

318 2423 420 2461 γων,
452 2410 593 2455 Δεῦτε,
624 2404 758 2458 λάβετε
785 2403 832 2446 οὗ
858 2403 926 2446 τόν
953 2404 1078 2447 θαλόν
1103 2408 1173 2447 τοῦ
1194 2407 1389 2457 εἰδωλίου,
1423 2402 1514 2446 ἄλλα
1536 2403 1604 2446 τόν
1625 2403 1751 2446 θαλόν
1779 2409 1849 2447 τοῦ

323 2478 507 2529 Χριστοῦ.
569 2474 649 2514 Καὶ
674 2472 795 2514 πολλά
816 2474 917 2515 ἐστιν
938 2472 963 2513 ἃ
984 2473 1074 2527 περὶ
1100 2471 1167 2514 τόν
1193 2472 1316 2529 ἄνδρα
1343 2471 1680 2528 άνδραγαθήματα
1702 2471 1848 2526 οἷναφέ-

318 2556 452 2597 ρουσιν
483 2543 524 2584 οἷ
550 2543 709 2584 παλαιοὶ
738 2539 836 2583 κατα
866 2539 1096 2596 παράδοσιν.

431 2608 533 2651 Ἀλλ’
556 2608 628 2652 οὐκ
652 2612 799 2663 ἔμεινεν
822 2607 926 2666 αὐτῷ
954 2607 1000 2649 τά
1024 2613 1094 2650 τοῦ
1123 2611 1309 2664 βραβείου
1342 2609 1396 2657 εἰς
1418 2608 1533 2657 τέλος.
1593 2606 1672 2649 Διά
1700 2607 1773 2663 γάρ
1802 2607 1845 2650 τό

318 2677 553 2732 ἐξοχώτατον
581 2683 648 2731 τῆς
686 2676 919 2732 1ἁγιότητος
944 2675 1067 2718 αὐτοῦ
1098 2678 1165 2718 καὶ
1194 2680 1264 2730 τῆς
1293 2678 1545 2731 προπαιδείας
1576 2676 1641 2718 ἐπὶ
1671 2681 1846 2718 πλεῖστον

318 2747 479 2798 φθόνον
514 2747 762 2800 διεβέβλητο,
801 2747 869 2787 καὶ
900 2749 1042 2799 μᾶλλον
1071 2749 1185 2786 τοῦτο
1223 2746 1426 2799 παρώξυνε
1458 2743 1548 2793 τοῦς
1579 2742 1678 2786 κατά
1707 2742 1846 2799 καιρόν

316 2812 400 2855 τότε
428 2813 499 2867 τήν
522 2812 813 2867 ἐξουσιαστικήν
839 2812 961 2868 άρχήν
986 2814 1199 2861 διέποντας.
1261 2815 1539 2869 Κακομηχανία
1569 2812 1611 2853 δὲ
1641 2814 1845 2870 διαβολικῇ

317 2880 532 2934 ἐπενόησαν
566 2884 606 2924 οἱ
632 2886 704 2935 τῆς
734 2885 872 2931 κακίας
907 2880 1060 2937 ἐργάται
1085 2879 1314 2936 αἰσχρότητα
1343 2885 1396 2938 τῷ
1425 2879 1539 2935 ἄνδρὶ
1568 2881 1843 2934 2ἐπιποιῆσαι,

363 2984 440 3016 CAP.
467 2985 490 3015 Ι.
524 3003 566 3008 -
630 2986 654 3017 1.
691 2984 816 3020 τούτων
859 2988 1059 3018 emendarunt
1152 2985 1282 3016 CAP.l[.
1302 3004 1346 3009 —
1382 2985 1410 3016 1.
1437 2987 1497 3016 Pro
1517 2980 1695 3026 ἁγιότητος
1714 2986 1746 3015 in
1758 2994 1844 3016 mar-

317 3032 484 3063 Cornarius
495 3033 688 3063 ezPetavius.
718 3034 804 3064 Libri
813 3033 924 3064 habent
934 3032 1059 3065 τοῦτον.
1104 3033 1172 3072 gine
1192 3032 1323 3070 exempli
1335 3031 1505 3063 Schotliani
1522 3031 1643 3061 invenio
1659 3031 1846 3070 scripturam
