2056 3298
503 178 680 211 PANAan
706 178 787 211 Lm.
811 179 850 210 n.
875 177 981 211 TOM.
1004 180 1027 211 1.
1053 179 1184 211 men.
1206 179 1360 211 xmnn.
1647 171 1698 210 25

163 258 325 299 rationis
349 271 459 298 usum
485 257 701 298 amiserint.
763 255 865 297 Nam
894 265 931 297 et
966 256 1104 298 Petrus
1130 266 1244 298 extra
1272 272 1314 298 se
1339 265 1469 313 raptus
1495 257 1698 312 aliquando

163 327 325 376 dicitnr,
362 341 436 366 non
468 326 565 380 qnod
601 325 768 365 habitum
797 325 896 365 ultro
924 325 1096 379 ‹titi-nque
1130 340 1348 366 sermonem
1382 326 1596 379 ignorarit,
1631 327 1697 365 sed

163 396 261 449 quod
288 401 443 449 praeter
467 393 729 447 quotidianum
757 407 865 432 nsum
891 394 1072 433 nonnulla
1099 395 1177 433 lieri
1205 395 1306 433 inter
1333 395 1506 434 bomines
1528 395 1698 435 animad-

162 470 350 502 verteret.
415 465 515 500 l'z'de'!
553 464 646 499 em'm
687 464 837 500 ll'llleum
881 464 1075 499 demas-mnu
1092 492 1100 508 ,
1147 469 1182 499 (Ἰ
1215 465 1335 499 onznia
1370 466 1623 514 quadrupedia
1653 477 1698 501 ac
1717 468 1901 499 Act.1o,11.

164 533 314 583 reptilia
339 539 375 570 el
401 533 498 569 coeli
520 532 690 568 volucres
714 534 750 568 in
778 545 818 567 eo
848 532 1043 567 contineri.
1109 529 1233 582 Quam
1261 543 1376 582 porro
1401 544 1498 582 qnae
1523 531 1698 570 ‹liceren-

164 605 226 638 tnr
250 599 378 638 animo
401 597 643 653 perceperit,
679 611 749 637 ner.
774 613 794 637 a
821 604 920 637 statu
950 597 1110 637 rationis
1137 597 1285 636 alienus
1312 597 1449 647 l'nerit,
1484 612 1530 638 ex
1560 613 1606 639 eo
1634 614 1698 653 po-

162 673 219 706 tes
242 667 464 706 discernere
491 666 615 720 quod,
651 680 734 705 eum
761 665 954 705 audisset:
989 668 1134 715 Surge,
1169 668 1293 703 accida
1322 673 1359 703 et
1386 669 1586 714 ummlnea,
1622 681 1698 706 non

160 734 264 774 illico
293 735 400 775 velut
430 735 569 774 mentis
605 733 759 773 minime
789 747 946 787 compos
982 733 1231 786 obsequitur,
1266 733 1331 772 sed
1362 732 1412 772 ita
1450 734 1603 774 domino
1637 748 1697 774 re-

162 803 348 857 spondet:
373 804 500 849 Absit,
524 805 688 841 domine.-
714 804 812 840 m'hc'l
832 816 990 853 masuam
1011 816 1199 839 commune
1223 803 1281 839 rel
1300 803 1522 840 e'nmmmlmn
1545 806 1699 841 [ulrum

160 874 197 910 ιἰι
230 886 270 910 os
307 886 436 910 meum.
501 869 614 924 Quod
651 877 777 909 autem
812 870 856 908 ad
891 868 1078 909 Davidem
1111 870 1270 920 attinet,
1315 869 1375 923 qui
1413 869 1531 920 dixit,
1576 874 1699 909 (lmm's

159 941 265 978 leomo
292 942 471 986 mendam,
508 952 592 978 eum
625 936 788 987 adiecit,
823 940 906 988 Ego
932 940 1033 984 disi,
1070 937 1246 992 privatim
1281 944 1319 977 ct
1347 952 1396 977 ex
1431 952 1498 977 sna
1531 951 1696 992 persona

159 1007 310 1047 locutus
337 1014 420 1056 est,
455 1013 495 1046 ut
520 1005 672 1045 mentiri
699 1004 874 1045 homines
898 1006 1127 1056 affirmaret,
1161 1005 1348 1046 mendacii
1377 1007 1457 1060 ipse
1493 1013 1597 1046 esset
1628 1020 1699 1046 ex-

161 1088 264 1130 pers.
314 1073 392 1116 Sed
418 1073 597 1115 nimirum
622 1074 680 1113 dei
704 1074 980 1127 benignitatem
1008 1073 1261 1114 veliementer
1282 1074 1494 1114 admiratus
1518 1082 1591 1123 est,
1621 1082 1697 1114 tum

159 1143 258 1197 quod
285 1143 452 1183 numinis
473 1144 599 1183 afflatu
622 1142 901 1197 quamplurima
925 1142 1013 1181 olim
1039 1149 1202 1182 ventura
1224 1143 1500 1196 praedixisset,
1535 1157 1698 1197 eumque

159 1211 356 1252 universis
392 1211 609 1251 bominibus
648 1210 911 1251 necessariam
949 1224 1035 1250 esse
1069 1210 1127 1250 dei
1160 1211 1464 1251 misericordiam
1500 1218 1696 1261 cerneret,

159 1279 231 1320 soli
270 1279 424 1320 domino
459 1279 663 1319 veritatem
699 1278 895 1327 attribuit,
938 1293 980 1318 ae
1016 1279 1199 1319 mortales
1234 1292 1370 1319 omnes
1401 1279 1697 1334 reprehensioni

160 1348 353 1388 obnoxios
377 1361 463 1387 esse
488 1347 774 1402 pronuntiavit3
809 1354 850 1387 ut
875 1361 1008 1387 verum
1034 1347 1069 1386 in
1097 1347 1293 1402 prophetis
1318 1348 1484 1387 loentum
1510 1362 1596 1388 esse
1622 1348 1698 1403 spi-

161 1417 276 1457 ritum
311 1416 559 1465 ostenderet,
594 1429 757 1469 eumque
786 1416 830 1455 iis
863 1415 1049 1455 altissima
1082 1415 1236 1456 divinae
1271 1416 1504 1469 cognitionis
1540 1430 1699 1456 accura-

160 1494 298 1539 taeque
323 1484 510 1525 scientiae
538 1498 682 1523 areana
713 1484 1034 1523 eominunieasse.
1099 1484 1317 1523 Abraamns
1349 1484 1478 1523 itidem
1513 1492 1624 1525 extra
1656 1499 1698 1525 se

161 1553 280 1594 fuisse
314 1560 446 1607 raptus
481 1552 687 1601 scribitur,
722 1566 797 1591 non
827 1558 867 1591 ut
892 1552 1007 1591 animi
1033 1551 1222 1605 impotens
1248 1559 1376 1600 esset,
1411 1553 1477 1592 sed
1511 1555 1700 1593 duntaxat

161 1621 299 1661 timore
323 1621 539 1676 perculsus.
603 1619 709 1659 Vidit
734 1620 833 1659 enim
860 1620 930 1659 snb
958 1620 1050 1659 solis
1073 1634 1253 1660 occasum
1278 1620 1468 1659 clibanum
1495 1636 1580 1661 eum
1604 1622 1700 1661 lam-

161 1689 337 1744 padibus.
401 1688 625 1742 Eodemque
661 1688 773 1727 modo
799 1687 1008 1742 prophetae
1039 1689 1183 1738 ceteri,
1217 1703 1300 1728 eum
1328 1688 1477 1728 obiecta
1511 1689 1582 1728 sibi
1615 1689 1699 1730 visa

160 1763 392 1806 cernerent,
428 1757 462 1796 iu
495 1757 629 1796 eodem
659 1756 797 1795 mentis
823 1755 958 1809 vigore
988 1757 1254 1810 perstiterunt.
1319 1754 1385 1796 Sic
1409 1757 1508 1796 enim
1533 1755 1698 1812 Moyses

161 1826 335 1866 dicebat:
374 1828 518 1864 Timore
534 1827 734 1877 perculsus
756 1839 835 1863 sum
861 1839 905 1863 ae
927 1827 1116 1863 cohorrui.
1181 1825 1402 1865 Abraamus
1427 1838 1522 1865 vero
1549 1840 1648 1879 quae
1677 1835 1900 1870 aHebr.12‚21.

159 1894 315 1935 domino
336 1901 425 1934 snut
450 1893 551 1932 dicta
577 1892 772 1947 percepit:
807 1896 910 1931 Scito
935 1907 1206 1945 pl'uenoscenS,
1241 1896 1340 1945 qnod
1363 1897 1605 1946 peregrinum
1634 1896 1697 1947 fn-
1717 1905 1900 1940 Geu.15‚1³.

160 1971 284 2002 turum
305 1965 356 2001 sit
383 1977 503 2001 semen
531 1970 631 2000 tuum
657 1965 693 2000 in
725 1969 826 2000 [erra
851 1964 972 2001 aliena
999 1965 1108 2001 aunis
1132 1964 1431 2014 quadringentis.
1497 1960 1574 2002 lam
1606 1962 1697 2002 illud

159 2030 473 2071 animadvertere
498 2037 534 2069 te
556 2037 663 2084 puto,
699 2044 795 2083 quae
819 2044 838 2069 a
861 2030 1057 2085 prophetis
1081 2030 1382 2085 pronuntiantur
1405 2031 1531 2070 onmia
1553 2038 1590 2071 et
1611 2046 1695 2070 eum

161 2100 296 2140 eadem
321 2098 435 2139 animi
463 2099 683 2153 praeseutia
712 2106 751 2137 et
776 2113 860 2138 cum
889 2105 992 2138 certa
1017 2113 1061 2139 ae
1088 2099 1263 2153 prudenti
1293 2098 1442 2138 ratione
1471 2099 1651 2153 proferri.

274 2165 387 2220 Quod
419 2166 450 2206 si
482 2167 571 2206 illud
608 2166 815 2217 obiiciant,
848 2167 1129 2220 posterioribus
1156 2167 1267 2207 donis
1301 2169 1430 2221 priora
1465 2182 1540 2206 non
1574 2167 1694 2207 l'uisse
1723 2168 1899 2212 Cap.Vllt.

162 2235 324 2286 similia,
359 2235 585 2289 quibusnam
616 2235 651 2275 id
686 2234 923 2288 argumentis
953 2236 1143 2275 essii-ient?
1203 2233 1323 2275 Certe
1356 2235 1456 2275 enim
1486 2235 1696 2290 prophetae

163 2317 317 2354 omnes,
352 2311 390 2343 et
413 2304 577 2358 apostoli
603 2318 677 2343 non
704 2303 877 2343 dissimili
901 2317 920 2343 a
940 2317 982 2343 se
1005 2304 1170 2344 invicem
1196 2305 1345 2344 ratione
1367 2303 1564 2344 vaticinati
1589 2311 1692 2344 sunt.

163 2371 342 2427 Inprimis
376 2386 460 2411 cum
499 2373 734 2412 aseendente
770 2372 806 2411 in
841 2372 988 2412 eoelum
1018 2372 1172 2412 domino
1205 2373 1301 2412 duos
1333 2373 1418 2412 illos
1451 2373 1488 2412 in
1521 2372 1695 2412 vestibus

162 2441 258 2482 albis
285 2440 518 2495 aspicerent,
553 2455 628 2480 non
655 2447 828 2480 amentes
853 2440 1062 2494 furiosique
1086 2441 1281 2491 viderunt,
1315 2441 1380 2480 sed
1405 2440 1556 2492 integro
1579 2441 1694 2480 animi

161 2508 303 2549 iudicio
326 2509 460 2562 suique
484 2516 682 2563 compotes
705 2509 929 2549 audierunt:
966 2513 1049 2548 Viri
1071 2512 1242 2557 Galilaef,
1278 2512 1368 2561 qm‘d
1383 2512 1492 2548 statis
1513 2512 1695 2561 aspz'ce‘en-
1716 2522 1776 2548 Act.
1798 2522 1881 2557 1,11.

164 2585 217 2616 tes
242 2581 279 2616 z'n
311 2579 482 2616 coelum?
538 2580 611 2616 Hie
636 2580 759 2624 Iesus,
795 2581 863 2629 qai
889 2587 1099 2630 assmnplus
1125 2587 1181 2617 es!
1204 2593 1226 2617 (1
1261 2579 1360 2616 vobis
1383 2581 1419 2616 iu
1443 2580 1605 2624 eoelum,
1640 2581 1695 2617 sic

161 2649 301 2692 vem'et,
336 2653 406 2684 etc.
471 2644 575 2698 Quin
603 2653 640 2684 et
666 2643 806 2686 Petrus
836 2646 994 2695 videns,
1029 2647 1080 2686 uti
1107 2647 1245 2686 dietum
1270 2653 1351 2696 est,
1387 2654 1424 2686 et
1448 2646 1609 2686 audiens
1638 2654 1694 2686 at-

164 2727 237 2768 que
262 2713 319 2754 bis
343 2713 471 2753 verbis
498 2714 763 2766 respondens:
805 2716 932 2762 Absit,
968 2717 1131 2762 domine,
1167 2714 1327 2754 eandem
1355 2715 1546 2756 retinebat
1577 2716 1693 2756 animi
1713 2727 1834 2762 Acen,
1856 2728 1896 2755 11.

165 2783 437 2822 constantiam.
499 2781 658 2836 Agabus
689 2782 866 2823 similiter
888 2784 1011 2823 afflatu
1044 2783 1266 2838 prophetico
1295 2783 1505 2824 instructus
1529 2784 1694 2824 admira-

163 2850 230 2891 bili
266 2851 429 2904 quodam
464 2850 595 2890 habitu
627 2858 816 2905 gestuque
850 2852 950 2905 quod
984 2853 1147 2891 futurum
1183 2857 1266 2890 erat
1297 2852 1526 2892 adumbrare
1559 2854 1694 2893 volens

163 2953 360 2993 Quamquam
383 2955 461 2985 illud
496 2952 553 2986 καὶ
585 2957 656 2994 apte
683 2956 782 2994 possis
805 2955 997 2994 interpretari
1031 2951 1102 2993 vel,
1141 2952 1261 2991 etiam,
1298 2957 1331 2986 ut
1353 2956 1473 2995 aliquid
1496 2959 1616 2988 mutare
1640 2958 1694 2988 vix

163 3007 241 3038 opus
263 3000 311 3030 stt.
