2066 3319
492 244 674 278 PANARn
698 244 779 276 me.
800 244 840 276 11.
864 244 971 276 Tou.
994 245 1017 276 1.
1042 244 1172 276 HAER.
1193 244 1262 276 Lv.
1574 235 1651 274 133

107 340 209 369 nunc-
236 324 467 375 Ierusalem,
502 323 590 364 olim
615 321 730 363 Iebus
754 322 979 363 vocabatur.
1047 323 1122 364 Atii
1149 322 1278 364 Salem
1306 324 1466 364 alteram
1491 324 1528 363 in
1556 336 1652 376 agro

107 394 322 436 Sicimitico
354 407 442 433 esse
478 399 634 447 putant,
680 404 775 445 quae
804 389 1011 445 Neapolim
1048 405 1096 431 ex
1135 392 1301 432 adverso
1337 393 1510 447 respicit.
1574 390 1652 432 Sed

106 463 190 504 sive
213 462 324 512 hinc,
359 462 442 501 sive
466 460 571 500 illinc
595 459 753 499 venisse
778 459 949 509 dicatur,
985 473 1059 499 non
1096 460 1209 513 louge
1244 460 1355 499 ambo
1389 460 1482 500 baec
1515 460 1598 500 loca
1632 473 1653 499 a

107 545 149 571 se
175 530 343 570 invicem
368 530 526 570 distant.
590 528 650 568 Ac
679 527 928 567 nibilominus
959 528 1045 581 quid
1072 528 1118 567 al»
1146 541 1192 567 eo
1217 534 1367 581 gestum
1401 528 1451 567 sit
1484 528 1564 582 ipsa
1596 527 1652 567 hi-

105 598 250 639 storiae
286 597 480 652 expositio
509 597 696 637 declarat.
760 599 923 635 Protulit
951 596 1076 646 enim,
1112 596 1257 649 inquit,
1291 597 1509 634 ‚lbralmnm
1534 611 1652 647 panes
1672 608 1857 636 Genu-12¹¹.

104 675 141 707 et
177 670 321 706 vinum:
369 670 422 705 Et
452 674 534 705 erat
562 668 737 704 sacerdos
769 667 947 703 allt'ssz'mt'
971 679 1040 715 pet·
1072 666 1168 702 illm!
1203 671 1355 716 (empus,
1421 662 1496 717 Qui
1526 664 1653 704 Abra-

103 735 213 775 hamo
241 734 457 784 benedixit,
492 741 530 774 et
553 734 598 773 ab
623 748 670 773 eo
694 733 893 773 decumam
921 732 1084 786 acecpit.
1150 729 1207 771 lta
1233 732 1333 771 enim
1359 733 1439 772 lieri
1469 732 1645 781 decebat,

105 811 144 844 ut
171 817 192 844 a
214 803 274 843 dei
301 802 441 843 famulo
464 802 640 842 altissimi
669 801 854 841 sacerdos
879 800 1155 850 honoraretur,
1191 807 1306 854 utque
1328 800 1473 854 primus
1501 800 1653 840 Abraa-

105 886 188 912 mus
223 871 468 926 praeputiato
500 869 692 911 sacerdoti
722 883 831 909 sacra
859 868 1071 908 celebranti
1099 882 1237 908 munus
1265 868 1446 918 offerret,
1481 868 1652 922 quando—

105 940 255 994 quidem
288 940 454 980 futurum
485 945 569 978 erat
593 937 799 991 aliquando
832 944 871 977 ut
905 937 1215 977 circumcisionis
1248 936 1443 991 proprium
1470 936 1653 976 sacerdo-

103 1009 195 1049 tium
230 1007 419 1062 originem
453 1007 499 1046 ah
533 1006 598 1046 illo
631 1006 712 1061 ipso
739 1007 920 1055 duceret,
955 1019 1029 1059 quo
1056 1004 1271 1045 sublimitas
1304 1004 1428 1044 omnis
1463 1005 1652 1045 adversus

103 1077 163 1117 dei
184 1075 447 1130 cognitionem
469 1075 568 1115 elata
596 1074 819 1128 cognitione
841 1073 1141 1128 deprimeretur,
1170 1087 1213 1113 ac
1236 1088 1284 1113 ne
1307 1073 1552 1113 circumcisio
1570 1072 1654 1126 glo-

102 1145 245 1186 riosius
269 1158 357 1185 sese
380 1144 562 1184 iactitans
591 1143 636 1182 de
666 1142 886 1183 sacerdotio
911 1149 1043 1196 posset
1068 1156 1152 1181 eum
1184 1142 1373 1182 eeclesiae
1400 1148 1559 1181 sanctae
1592 1155 1652 1181 sa-

102 1214 275 1254 cerdotio
301 1212 554 1252 contendere.
609 1208 706 1251 Cum
733 1211 833 1250 enim
860 1210 1106 1250 Abrahamus
1135 1208 1426 1250 Melchisedeco
1451 1210 1651 1250 decumam

103 1282 300 1332 obtulerit,
335 1281 514 1334 illiusque
542 1280 687 1334 posteri
713 1278 813 1319 Levi
839 1285 878 1319 et
904 1278 1057 1319 Aaroni
1079 1279 1264 1334 deinceps
1290 1280 1494 1329 offerrent,
1528 1292 1572 1318 ac
1594 1278 1651 1317 ni-

100 1350 306 1391 hilominus
341 1357 498 1404 postea,
539 1363 626 1388 cum
658 1348 882 1389 attributum
917 1347 1205 1387 circumcisioni
1233 1348 1494 1388 sacerdotium
1528 1346 1651 1388 adbuc

101 1433 221 1474 penes
243 1419 442 1458 Aaronem
468 1417 628 1471 eiusque
658 1418 817 1472 stirpem
845 1423 1046 1465 maneret,
1083 1415 1212 1455 divina
1241 1430 1310 1471 per
1331 1415 1521 1457 Davidem
1553 1415 1649 1455 scri·
1671 1432 1718 1460 pfl,
1740 1433 1798 1466 1n9‚
1819 1435 1842 1460 4,

101 1494 236 1543 ptura,
271 1486 473 1526 duodecim
497 1486 542 1525 ab
569 1486 719 1540 origine
744 1483 845 1525 Levi
876 1483 1195 1538 generationibus
1223 1484 1414 1534 evolutis,
1449 1484 1495 1524 ab
1521 1484 1651 1525 Aaro-

101 1557 161 1596 uis
186 1569 280 1596 vero
305 1555 558 1595 successione
587 1562 733 1609 septem
750 1586 760 1603 ‚
795 1553 994 1593 oraculum
1019 1553 1109 1592 illud
1136 1553 1314 1602 ediderit,
1350 1560 1578 1606 argumento
1605 1553 1650 1592 it-

101 1625 162 1666 lud
190 1624 260 1664 fuit
280 1624 488 1664 sacerdotii
513 1623 738 1677 dignitatem
767 1621 804 1661 in
829 1627 1063 1661 testamento
1090 1627 1224 1660 vetere
1248 1628 1433 1676 perpetuo
1460 1636 1536 1661 non
1561 1635 1649 1662 esse

102 1707 347 1742 mansuram,
393 1692 460 1732 sed
499 1692 537 1730 in
571 1705 657 1731 eum
694 1689 867 1729 ordinem
914 1703 1002 1729 esse
1036 1690 1348 1729 transferendum
1383 1690 1445 1743 qui
1478 1688 1578 1730 Levi
1612 1697 1649 1730 et

101 1763 301 1802 Aaronem
336 1759 564 1801 antecessit.
629 1757 742 1812 Quod
776 1758 899 1813 ipsum
937 1772 957 1797 a
994 1755 1153 1798 Christo
1186 1758 1231 1797 ad
1268 1758 1495 1798 hodiernum
1527 1772 1649 1812 usque

103 1831 201 1871 diem
232 1830 271 1870 in
297 1829 462 1869 ecelesia
486 1830 629 1868 factum
659 1834 697 1866 et
719 1827 1029 1867 administratum
1054 1825 1276 1877 cernimus,
1310 1826 1373 1866 ubi
1396 1826 1649 1867 sacerdotalis

101 1899 258 1954 generis
284 1912 359 1938 non
383 1911 434 1938 ex
459 1897 541 1952 ipsa
564 1896 700 1950 stirpe,
734 1896 801 1935 sed
825 1909 876 1935 ex
896 1895 1049 1935 virtutis
1076 1895 1197 1935 forma
1228 1909 1272 1934 ac
1299 1895 1449 1936 ratione
1474 1895 1647 1935 delectus

101 1966 332 2009 instituitur.

215 2035 372 2076 Etenim
395 2034 558 2089 primum
581 2034 618 2073 in
643 2033 843 2089 praeputio
866 2033 1123 2073 sacerdotium
1148 2046 1216 2086 per
1243 2031 1407 2072 Abelem
1432 2033 1646 2087 perfeetum
1676 2042 1753 2085 Cap.
1776 2043 1829 2073 tlt.

102 2113 185 2156 est,
219 2105 309 2145 inde
332 2118 402 2159 per
423 2101 643 2151 Noe'mum,
678 2116 721 2142 ac
748 2102 862 2142 tertio
893 2102 1043 2141 demum
1068 2115 1136 2156 per
1158 2098 1489 2141 Melchisedecum
1524 2101 1552 2153 [‚
1587 2101 1648 2140 dei

101 2173 359 2223 sacerdotem,
388 2186 464 2212 non
489 2171 527 2211 in
552 2170 865 2221 circumcisione,
901 2170 967 2210 sed
993 2183 1221 2224 quamquam
1248 2169 1285 2208 in
1308 2169 1470 2219 iustitia,
1499 2169 1537 2209 in
1562 2183 1648 2224 per-

100 2242 270 2283 fectione
293 2248 408 2295 atque
429 2240 596 2290 virtute,
632 2246 759 2279 tamen
785 2239 821 2279 in
846 2239 1080 2293 praeputio].
1145 2236 1258 2290 Quod
1284 2245 1411 2277 autem
1434 2236 1648 2277 Melchise-

102 2311 171 2351 dec
205 2310 319 2350 homo
357 2310 493 2357 tuerit,
537 2315 696 2347 sanctus
722 2307 920 2362 apostolus
944 2307 982 2347 in
1015 2307 1148 2347 eadem
1182 2306 1346 2361 epistola
1384 2305 1555 2345 declarat.
1590 2305 1647 2345 bis

101 2378 256 2419 verbis:
302 2380 417 2417 Caius
451 2392 536 2415 vero
562 2378 788 2427 genealogia
822 2384 1006 2415 narratur
1039 2391 1086 2414 em
1119 2378 1218 2422 illis,
1253 2377 1450 2414 decimavit
1477 2377 1646 2425 patriar-
1666 2387 1798 2423 Hebr.7‚
1818 2390 1841 2416 6.

101 2450 220 2487 cham.
270 2446 444 2501 Apparet
470 2445 599 2499 itaque
623 2443 915 2498 generationem
941 2445 1022 2484 eius
1046 2458 1122 2484 non
1141 2444 1217 2484 illis
1241 2440 1486 2483 adnumerari
1519 2443 1547 2493 [,
1578 2442 1645 2482 sed

99 2516 216 2568 aliis].
280 2513 426 2555 Verum
466 2528 578 2568 quam
613 2512 719 2552 multi
756 2520 845 2553 sunt
880 2527 1039 2567 quorum
1079 2512 1251 2566 origines
1285 2518 1417 2566 aperte
1449 2525 1526 2550 non
1558 2525 1646 2566 pro-

102 2586 265 2634 duntur,
308 2589 398 2638 puta
424 2581 588 2631 Daniel,
625 2579 787 2631 Sidrac,
820 2580 972 2632 Misac,
1005 2580 1245 2635 Abdenago,
1283 2579 1388 2619 Elias
1414 2578 1642 2629 Tliesbites‚

102 2667 262 2708 quorum
291 2651 354 2706 qui
380 2657 563 2706 parentes
591 2649 758 2701 suerint,
793 2665 981 2705 nusquam
1007 2649 1046 2690 in
1071 2649 1274 2704 scripturis
1300 2655 1643 2688 commemoratum

101 2720 281 2775 legimus.
345 2717 422 2761 Sed
451 2733 500 2759 ne
522 2720 697 2773 cuiquam
723 2719 869 2759 erroris
895 2733 947 2759 ex
973 2733 1016 2758 ea
1040 2732 1081 2758 re
1106 2717 1260 2758 occasio
1287 2716 1532 2771 praebeatur,
1567 2731 1644 2756 non

102 2789 296 2843 gravabor
328 2801 375 2829 ea
404 2788 477 2828 hoc
512 2787 598 2828 loco
628 2789 801 2838 referre,
845 2801 942 2842 quae
976 2784 1246 2828 nonnullorum
1277 2784 1483 2825 traditione
1511 2784 1644 2825 didici-

104 2871 203 2898 mus.
268 2855 392 2912 igitur
427 2855 603 2897 Danielis
638 2863 785 2911 patrem
819 2854 989 2898 Sabaam
1028 2855 1147 2896 t'uisse
1183 2853 1371 2907 quendam
1403 2853 1641 2909 accepimus.

103 2952 195 2980 tatem
229 2949 295 2981 cod.
321 2950 420 2980 Venet.
470 2950 567 2988 Vulgo
600 2951 683 2980 extat
713 2944 730 2982 ὁ
759 2943 854 3001 ἅγῑσς
945 2947 976 2997 (ἱ.
1011 2949 1070 2978 Pro
1095 2944 1166 2985 ἐξ
1155 2940 1265 2978 αὐτῶν
1288 2941 1325 2978 ου’
1350 2947 1496 2978 Petamus
1525 2947 1644 2977 volebat

102 2990 149 3027 oi.-
141 2992 287 3032 όστολος
312 2992 344 3027 ἐι
368 2995 410 3037 τῇ
432 2990 535 3027 Ἔτ’..)
505 2994 621 3038 στοὶῇ
646 2991 772 3037 φάσκε.
796 2990 852 3027 ου’-
901 2991 982 3032 ἐξὲ
1005 2991 1098 3031 έρω)

102 3050 170 3077 τως
945 3038 974 3070 7.
986 3004 1097 3068 τῖενὸα
1124 3035 1157 3075 ἐξ
1181 3031 1288 3070 ἅὶὶωο
1308 3047 1346 3079 γε
1332 3040 1482 3081 emendo(
1486 3040 1550 3070 ῖται
1573 3041 1641 3069 vut-

147 3088 179 3115 4.
206 3082 255 3136 ,uxi
281 3085 476 3115 desideratur
499 3087 531 3115 in
556 3086 657 3117 editis.
897 3094 936 3123 qo
956 3093 1015 3114 non
1037 3086 1151 3114 ertant.
1200 3084 1329 3115 Restitui
1348 3093 1385 3115 ea
1404 3093 1442 3116 ex
1463 3085 1642 3115 auctoritate

150 3130 180 3161 ἵ).
206 3141 260 3162 oua
286 3125 337 3162 ὅτ.
369 3131 562 3161 desideratur
585 3132 617 3161 in
641 3131 708 3162 cod.
732 3132 850 3162 Veneto.
898 3130 963 3161 cod.
992 3130 1100 3160 Veneti.
