2066 3319
509 220 690 254 PANARH
715 219 854 251 L13.n.
879 219 986 251 Tomi.
1006 221 1028 251 1.
1054 218 1287 250 HAER.LV1.
1594 208 1672 247 145

132 301 311 358 paulatim
335 299 534 355 progressi
557 299 710 340 illorum
734 313 938 339 sermones
960 299 1206 354 irrepserint,
1240 297 1490 352 quaestiones
1511 296 1672 351 primum

132 385 177 412 ac
197 370 475 418 dubitationes,
503 368 641 408 deinde
664 368 826 408 exitium
852 367 1021 408 afferunt
1040 368 1087 407 iis
1110 367 1171 421 qui
1196 367 1266 407 hoc¹
1288 367 1481 422 praesidio
1505 379 1548 406 ac
1571 365 1676 405 velut

133 439 306 480 antidoto
328 437 482 478 minime
513 443 603 477 sunt
629 436 824 476 instructi.
889 433 1073 477 Ceterum
1103 450 1178 476 non
1215 442 1359 475 temere
1393 449 1434 475 se
1463 434 1601 474 animal
1633 433 1675 473 it-

133 507 194 548 lud
220 506 404 555 ostendit,
439 505 505 545 sed
535 512 648 545 nocte
675 512 893 559 grassatur,
928 512 965 544 et
990 505 1090 544 illam
1114 518 1223 558 qnam
1248 504 1328 543 dixi
1351 503 1560 557 perniciem
1587 516 1678 542 con·

133 575 281 626 sciscit,
316 581 430 628 atque
454 574 493 613 in
513 573 696 629 Aegypto
723 574 988 629 potissimum:
1023 581 1063 613 ut
1086 573 1148 627 qui
1172 579 1347 612 naturam
1373 572 1456 611 eius
1479 571 1675 621 noverint,

135 658 212 685 non
237 643 412 684 dubitent
436 642 535 682 baud
563 642 631 682 abs
657 656 715 693 re,
751 656 876 696 neque
907 656 976 697 per
996 640 1224 681 calumniam
1255 638 1364 679 lniins
1391 654 1410 679 a
1437 639 1547 680 nobis
1573 653 1679 679 inen-

135 713 278 754 tionem
304 725 390 752 esse
419 712 574 760 factam,
611 726 695 751 cum
721 710 939 751 istiusmodi
965 710 1013 750 sit
1038 716 1174 749 natura
1198 709 1428 764 praeditum.
1485 706 1680 763 Deinceps

134 795 230 822 vero
257 781 302 821 ad
332 780 500 835 reliquas
528 780 772 835 progredior,
807 786 862 830 ut,
898 786 1146 834 posteaquam
1174 778 1209 818 id
1235 778 1334 832 quod
1361 777 1603 831 suscepimus
1627 775 1682 816 di-

136 850 225 891 viua
256 864 328 904 ope
361 849 665 905 perfecerimus,
700 848 823 888 eidem
854 847 1018 903 gratiam
1052 846 1223 887 vicissim
1257 846 1483 888 babeamus,

389 1021 688 1072 CONTRA
737 1019 1438 1080 BARDESIANISTAS,

528 1102 726 1151 haeresis
762 1102 1004 1162 XXXVI.,
1040 1102 1135 1151 sive
1169 1100 1293 1150 LVI.

251 1203 438 1247 Proxime.
468 1205 514 1246 ab
546 1205 621 1246 illis
651 1203 911 1246 Bardesianes
948 1204 1102 1259 quidam
1136 1203 1398 1244 numerandus
1432 1208 1514 1251 est,
1558 1214 1579 1241 a
1611 1212 1685 1254 qno

139 1273 521 1316 Bardesianistarum
543 1274 718 1315 haeresis
739 1274 888 1314 initium
910 1274 1075 1329 accepit.
1112 1272 1186 1313 Hic
1209 1286 1228 1312 e
1246 1268 1534 1325 Mesopotamia
1556 1268 1687 1309 oriun-

141 1344 233 1394 dus,
275 1357 327 1384 ex
356 1343 451 1384 urbe
479 1342 653 1393 Edessa,
696 1343 885 1398 principio
921 1342 1036 1397 longe
1068 1342 1233 1397 optimus
1263 1341 1323 1381 vir
1358 1341 1450 1390 fuit,
1493 1353 1537 1379 ac
1568 1338 1688 1378 libros

141 1412 442 1467 quamplurimos
467 1412 722 1467 conscripsit,
756 1426 840 1452 cum
865 1411 988 1452 adbuc
1018 1425 1113 1452 sana
1139 1418 1253 1465 atque
1281 1409 1432 1463 integra
1468 1414 1596 1448 mente
1628 1420 1689 1447 es-

142 1488 215 1522 set.
277 1479 429 1536 Quippe
468 1479 507 1521 in
545 1481 711 1521 ecclesia
751 1479 940 1521 catholica
979 1479 1233 1530 versabatur,
1279 1478 1481 1531 utriusque
1515 1476 1686 1529 linguae,

143 1548 324 1591 Graecae
355 1549 560 1600 videlicet,
606 1563 650 1589 ac
677 1547 866 1604 Syriacae
905 1548 1065 1604 peritus.
1129 1545 1304 1601 Cumque
1332 1546 1491 1600 Abgaro
1518 1543 1690 1585 Edesse-

143 1632 279 1659 norum
304 1618 439 1673 regulo
463 1617 548 1658 viro
572 1617 821 1658 sanctissimo
848 1617 1107 1658 familiaritate
1130 1615 1360 1656 coniunctus
1381 1621 1502 1664 esset,
1536 1627 1581 1654 ac
1603 1626 1690 1653 cum

144 1701 190 1727 eo
213 1687 461 1727 concorditer
493 1701 536 1727 se
564 1686 603 1726 in
634 1686 812 1726 omnibus
839 1693 1020 1740 gereret,
1056 1693 1094 1726 et
1122 1685 1295 1726 eiusdem
1327 1682 1552 1738 disciplinae
1585 1688 1692 1723 esset

144 1756 354 1811 particeps,
390 1763 476 1810 post
501 1755 585 1795 eius
610 1755 755 1795 obitum
777 1755 824 1795 ad
850 1754 1015 1795 Antonii
1039 1751 1226 1795 Caesaris
1257 1767 1377 1808 usque
1406 1761 1578 1807 tempora
1605 1764 1689 1805 per-

145 1823 368 1874 severavit,
404 1838 478 1864 non
511 1822 594 1875 Pii,
629 1824 696 1864 sed
725 1822 837 1864 Veri.
900 1821 1005 1864 idem
1036 1823 1226 1863 adversus
1251 1822 1416 1862 Abidam
1452 1820 1692 1875 astrologum

147 1899 281 1934 contra
308 1894 423 1933 fatum
452 1893 623 1948 pluribus
651 1892 877 1947 disputavit.
939 1890 1028 1932 Nec
1058 1892 1133 1932 alia
1159 1905 1279 1946 pauca
1308 1891 1409 1930 illius
1442 1895 1692 1930 monumenta

149 1962 327 2003 feruntur
363 1968 496 2002 rectae
533 1961 617 2002 fidei
654 1969 935 2002 consentanea.
999 1958 1222 2014 Quinetiam
1258 1959 1468 2014 Apollonio
1500 1956 1693 1998 Antonini

149 2029 355 2081 familiari,
389 2037 431 2070 ut
461 2044 503 2071 se
529 2027 795 2071 Christianum
830 2035 1015 2084 negaret,
1055 2028 1233 2069 suadenti
1268 2027 1520 2083 acquiescere
1553 2026 1690 2077 notuit,

149 2113 193 2140 ac
216 2099 493 2155 propemodum
523 2098 626 2139 inter
654 2098 740 2139 fidei
765 2099 1015 2139 confessores
1041 2098 1186 2138 relatus
1212 2105 1286 2139 est.
1349 2096 1505 2137 Etenim
1539 2095 1694 2151 pietatis

149 2169 366 2224 patrocinio
390 2168 602 2209 fortissime
625 2174 808 2223 suscepto
837 2167 1035 2222 sapienter
1060 2166 1237 2222 inprimis
1261 2165 1482 2222 respondit,
1518 2164 1694 2218 negavit-

149 2251 222 2292 que
253 2244 416 2278 mortem
446 2251 488 2278 se
526 2237 686 2287 timere,
722 2237 854 2288 cuius,
889 2236 961 2277 etsi
992 2235 1217 2291 imperatori
1248 2249 1325 2275 non
1358 2235 1586 2285 resisteret,
1620 2233 1693 2274 sibi

151 2305 400 2347 nibilominus
427 2306 643 2346 necessitas
670 2305 904 2346 immineret.
967 2303 1026 2345 Ita
1052 2306 1114 2345 vir
1137 2305 1201 2345 ille
1226 2302 1550 2359 praeclarissimis
1579 2317 1694 2343 orna-

151 2375 291 2416 mentis
313 2374 509 2430 praeditus
534 2374 720 2415 hactenus
743 2374 827 2426 fuit,
857 2374 981 2414 donec
1002 2373 1147 2414 infelici
1171 2375 1249 2414 fato
1269 2387 1379 2413 suum
1402 2372 1506 2411 illum
1527 2371 1565 2411 in
1585 2385 1694 2412 erro-

152 2457 233 2484 rem
261 2443 418 2496 incidit3
460 2443 638 2484 similiter
663 2451 777 2497 atque
804 2443 962 2498 egregia
984 2443 1110 2494 navis,
1139 2455 1235 2496 quae
1257 2441 1415 2482 infinitis
1434 2447 1573 2481 onusta
1595 2453 1695 2480 mer-

153 2512 260 2553 cibus
286 2512 332 2553 ad
357 2520 509 2567 portum
534 2512 634 2553 illisa
667 2527 743 2552 non
769 2512 882 2553 modo
910 2512 1096 2552 iacturam
1124 2525 1255 2552 rerum
1282 2509 1451 2551 omnium
1481 2508 1592 2560 facit,
1626 2508 1695 2550 sed

153 2588 193 2622 et
222 2580 447 2622 vectoribus
479 2581 641 2622 exitium
674 2581 815 2622 adfert.

153 2733 246 2764 verba
278 2741 339 2763 non
369 2733 460 2762 semel
489 2733 521 2763 in
553 2732 680 2763 vetustis
712 2732 901 2762 membranis
947 2731 986 2770 cs.
1011 2731 1118 2762 Euseb.
1144 2730 1257 2767 Praep
1284 2728 1403 2767 Evuny.
1435 2727 1491 2767 VI,
1514 2725 1546 2760 8.

154 2778 282 2817 confusa
301 2777 496 2816 deprehendi.
530 2778 689 2816 petavius,
716 2777 901 2808 Cornarium
992 2777 1024 2807 5.
1051 2772 1268 2829 coavivium
1291 2773 1357 2804 cod
1385 2773 1456 2804 Ven.

155 2827 275 2854 secutus
296 2825 349 2863 qui
373 2824 461 2854 vertit
495 2823 562 2862 „Et
591 2822 693 2853 multa
715 2821 747 2852 in
774 2821 901 2852 Abidan
993 2820 1024 2853 6.
1051 2816 1188 2853 ’Anni-'Ia
1191 2830 1242 2851 ιο.)
1276 2814 1692 2859 cod.Ven.Vu190'-Av

157 2875 382 2899 astronomum
424 2874 536 2899 contra
573 2867 679 2899 fatum
715 2867 903 2898 disserens“
948 2865 1075 2900 mato-0.

158 2917 241 2953 cett„
266 2915 336 2945 huic
355 2915 420 2945 loco
442 2915 558 2945 mederi
579 2915 636 2944 sibi
658 2915 742 2945 visus
761 2917 803 2944 est
827 2914 902 2945 scri·
995 2912 1024 2944 7.
1050 2913 1096 2943 lla
1118 2910 1456 2949 cod.Venet.Vu190
1478 2906 1601 2954 α’ντῇρε,
1650 2929 1692 2934 -

159 2960 254 2990 bendo
276 2956 380 2992 πολλὰ
400 2956 484 3000 πρὸς
502 2955 658 3001 Ἀβειδάν
673 2957 839 3001 -λέγωνΙ
859 2976 903 2982 -
948 2959 992 2990 De
1013 2958 1172 2996 Apollonio
1194 2956 1249 2987 hoc
1272 2955 1311 2995 cf.
1336 2955 1468 2988 Casaub.
1491 2957 1534 2988 ad
1555 2938 1615 2989 ful
1632 2958 1694 2989 Ca-

162 3004 300 3036 Celerum
317 3006 354 3036 de
366 3005 556 3036 Bardesanis
575 3008 680 3036 contra
700 3005 801 3044 fatum
826 3005 903 3035 libro
946 3003 1066 3043 pitolin.
1088 3012 1121 3042 p.
1142 3001 1195 3034 53.

237 3057 351 3094 Corpus
370 3057 548 3086 Haereseol.
567 3057 603 3085 11.
623 3059 649 3087 2.
1374 3061 1423 3101 10

1713 1203 1790 1247 Cap.
1819 1204 1844 1235 Ι.
