2030 3324
483 197 664 229 PANARn
691 196 773 228 Lm.
790 198 829 229 u.
855 199 962 230 TOM.
984 199 1025 230 11.
1052 198 1183 229 HAER.
1208 198 1335 231 LXJX.
1606 191 1687 231 675

142 275 270 316 dantia
296 275 459 328 quadam
484 275 735 316 humanitatis
767 277 803 316 iu
829 291 917 317 sese
943 278 1162 328 transtulit,
1197 292 1273 317 nou
1303 277 1540 317 necessitate
1572 278 1619 317 ad
1652 278 1688 317 id

141 342 352 396 impulsus,
386 343 453 382 sed
478 342 690 383 voluntatis
718 344 904 394 arbitrie,
948 353 988 385 ut
1021 352 1220 399 peccatum
1254 345 1291 384 in
1320 359 1438 385 carne
1468 346 1686 396 damnaret,

142 416 180 449 et
202 410 496 450 execrationem
523 410 560 450 in
586 425 702 451 cruce
726 413 906 463 dilueret,
930 420 969 452 et
990 414 1026 452 in
1049 413 1226 467 sepulcro
1252 414 1511 467 corruptelam
1535 427 1689 453 omnem

141 490 162 517 e
191 478 317 517 medio
345 478 523 528 tolleret,
559 487 596 518 et
620 480 664 518 ad
688 479 836 519 inferos
858 495 942 520 cum
979 480 1106 520 anima
1140 495 1185 520 ac
1218 480 1422 520 divinitate
1445 482 1690 521 descendeus

140 544 336 585 stimulum
370 546 506 586 mortis
534 547 792 599 infringeret,
829 548 1041 601 foedusque
1069 562 1155 587 cum
1180 547 1315 588 inseris
1341 548 1475 587 initum
1499 549 1689 588 dissolve-

139 619 214 653 ret.
277 613 333 652 At
359 612 501 666 ingrati
537 614 736 665 homines,
781 615 841 669 qui
871 615 972 654 bona
1002 615 1038 654 in
1065 616 1164 654 mala
1192 622 1454 665 commutant,
1501 631 1585 656 cum
1620 631 1688 671 pro

140 679 199 720 his
222 680 402 721 omnibus
436 682 766 732 clementissimo,
808 697 852 721 ae
883 684 1058 736 perlecto
1087 683 1265 736 bonoque
1301 696 1322 722 a
1352 682 1455 723 bono
1484 691 1591 737 patre
1622 698 1690 739 ge-

139 747 221 788 nito
255 748 330 788 lilio
364 751 575 802 gratificari
603 751 810 800 deberent,
846 764 921 789 nnn
949 751 1061 790 modo
1096 750 1220 790 nullas
1250 749 1393 790 liabent
1415 752 1584 804 gratias,
1619 753 1688 792 sed

139 823 178 855 et
200 816 488 869 ingratissimos
512 832 599 858 sese
614 818 821 872 praebent,
858 817 1019 871 eiusque
1052 817 1242 858 divinitati
1276 818 1503 859 affectiones
1528 834 1573 859 ac
1600 833 1688 874 per-

139 883 383 924 turbationes
424 887 631 939 alliuguut3
681 887 780 939 quod
821 885 973 939 quidem
1016 886 1168 925 efficere
1212 885 1317 925 nullo
1356 887 1469 926 modo
1508 894 1686 942 possunt,

139 966 225 992 cnm
259 953 438 993 omnibus
471 953 617 993 veritas
652 953 732 1007 ipsa
765 952 972 993 manifesta
1005 953 1068 993 sit.

254 1019 325 1060 His
357 1021 394 1060 in
427 1021 527 1061 hunc
560 1021 712 1060 modum
746 1021 977 1075 explicatis,
1017 1021 1062 1060 ad
1096 1021 1195 1071 alia,
1230 1036 1328 1075 quae
1361 1022 1408 1062 ab
1441 1022 1516 1061 illis
1549 1037 1689 1077 propo·
1712 1026 1791 1069 Cap·
1806 1027 1893 1059 LIII.

139 1095 306 1138 nuntur‚
343 1102 403 1128 me
426 1089 604 1128 consero.
668 1086 771 1128 Nam
805 1102 857 1128 ex
889 1089 1094 1141 evangelio
1119 1090 1259 1128 dictum
1287 1089 1463 1143 inprimis
1488 1090 1577 1130 illud
1601 1105 1689 1144 pro-

141 1157 293 1206 ferunt,
339 1156 664 1210 interpretatione
697 1170 768 1196 sua
800 1157 1073 1210 depravatum:
1122 1159 1198 1206 Qui
1224 1160 1325 1195 meisi!
1354 1172 1410 1196 me
1434 1165 1547 1208 paler·
1577 1161 1697 1197 maior
1716 1148 1840 1217 Ῑῗῖῗᾚε,

137 1238 194 1262 me
223 1232 300 1263 est:
335 1223 399 1264 ubi
432 1225 640 1264 notandum
674 1224 712 1263 in
747 1223 879 1278 primis
911 1224 1001 1263 illud
1035 1232 1118 1274 est,
1153 1225 1252 1278 quod
1287 1225 1362 1275 ait,
1409 1228 1484 1275 Qui
1511 1229 1613 1265 misit
1634 1241 1689 1265 me

135 1300 268 1344 paler,
306 1307 382 1332 nou
407 1299 560 1342 antem,
597 1291 673 1345 Qui
701 1292 851 1332 creavit
875 1306 958 1331 me:
994 1292 1181 1345 siqnidem
1207 1293 1385 1333 omnibus
1412 1294 1448 1333 in
1472 1294 1690 1348 scripturae

140 1359 248 1399 libris
275 1360 394 1400 (livini
432 1360 540 1399 verbi
575 1375 660 1400 enin
696 1368 804 1415 patre
836 1359 1075 1413 germanitas
1107 1361 1352 1414 exprimitur.
1419 1364 1593 1400 Gemcz'stz'
1618 1377 1686 1410 me,

132 1435 268 1479 paler,
306 1427 444 1481 inquit,
481 1435 540 1478 et,
577 1431 659 1478 Ego
684 1444 733 1467 ea·
752 1436 865 1479 patre
894 1431 1014 1475 catii-i,
1050 1436 1086 1467 et
1111 1431 1225 1476 vncl05
1260 1428 1368 1475 item,
1402 1432 1486 1480 Ego
1516 1433 1553 1468 in
1579 1438 1693 1482 patre
1711 1429 1815 1458 1⁰³¹¹¹¹·

138 1504 175 1534 et
199 1504 312 1547 paler
342 1499 379 1534 ile
406 1511 482 1543 me,
519 1503 580 1546 et,
625 1499 701 1546 Qui
728 1499 829 1534 vals-il
859 1511 914 1535 me
939 1504 1065 1547 paler.
1131 1495 1220 1537 ,Nec
1245 1511 1403 1550 usquam
1427 1504 1493 1536 aut
1520 1505 1691 1548 creator,
1714 1467 1838 1560 laliiinli}

139 1570 204 1603 aut
236 1566 360 1603 l'actor
384 1563 538 1604 dicitur.
603 1562 782 1616 Quonam
817 1563 936 1617 igitur
968 1571 1080 1618 pacto
1110 1579 1209 1618 quae
1240 1564 1416 1619 nuspiam
1452 1572 1543 1605 suut
1574 1580 1688 1606 accu-
1708 1554 1892 1604 1⁰³¹⁷¹¹²5i3⁷·

140 1631 287 1671 mulare
314 1632 515 1672 nituntur?
576 1635 652 1682 Qui
677 1635 779 1670 misit
807 1647 864 1670 me
888 1640 1001 1684 patet·
1030 1636 1150 1671 maior
1177 1648 1233 1671 me
1262 1641 1330 1671 εει.
1396 1632 1499 1686 Quid
1524 1647 1568 1673 ea
1591 1648 1688 1675 voce

139 1699 263 1753 magis
289 1699 513 1753 proprium?
555 1700 642 1753 quid
667 1699 932 1739 necessarium
958 1701 1106 1754 magis?
1138 1701 1224 1754 quid
1252 1701 1376 1754 magis
1401 1701 1597 1755 geminum
1624 1709 1691 1742 aut

141 1769 384 1821 congruum?
445 1767 482 1807 A
518 1782 682 1821 quonam
716 1768 817 1807 enim
848 1774 1153 1808 consentaneum
1189 1769 1311 1822 magis
1346 1776 1406 1808 est
1436 1768 1534 1809 affici
1564 1769 1689 1823 gloria

140 1835 409 1889 celebrarique
434 1843 604 1890 patrem,
641 1850 751 1890 quam
778 1836 824 1876 ab
850 1849 1038 1890 germano
1066 1836 1167 1886 filio,
1202 1837 1264 1890 qui
1289 1837 1341 1876 sit
1366 1836 1412 1876 ab
1435 1851 1482 1877 eo
1507 1837 1691 1890 genitus?

139 1907 253 1944 Pater
282 1907 376 1943 enim
405 1906 605 1956 glorqfieat
622 1906 775 1956 filium,
825 1912 862 1943 et
889 1906 1004 1956 filius
1038 1906 1237 1956 glorg'fi'cal
1268 1913 1429 1956 palrem.
1495 1903 1610 1946 Unde
1641 1905 1688 1945 ad
1702 1899 1894 1969 ¹⁰eatn¹33¹gff

139 1986 211 2013 nos
254 1973 360 2027 ipsos
405 1971 696 2023 informandos,
745 1986 908 2026 eamque
952 1973 1283 2026 praedicationem
1327 1973 1688 2023 demonstrandum,

139 2055 252 2095 quam
272 2040 311 2080 in
338 2047 485 2094 patrem
508 2041 682 2080 collatam
705 2041 751 2080 ad
773 2040 1013 2094 singularem
1040 2041 1245 2091 unitatem,
1268 2040 1586 2095 singularemque
1608 2041 1692 2094 glo-

138 2109 236 2150 riam
273 2109 465 2158 referret,
511 2108 633 2162 gloria
666 2109 770 2149 illum
805 2109 958 2148 afficere
986 2109 1131 2160 voluit,
1168 2115 1209 2149 ut
1235 2108 1542 2163 intelligeremus
1570 2109 1693 2148 hono-

139 2190 220 2218 rem
245 2191 356 2217 sunm
384 2176 482 2230 patri
506 2189 594 2217 esse
619 2190 886 2226 communem,
921 2177 1241 2230 quemadmodum
1269 2177 1390 2227 dixit,
1427 2179 1503 2227 Qui
1528 2192 1600 2216 non
1627 2178 1692 2215 lzo-
1705 2183 1895 2220 loann.5,23‚

138 2246 318 2297 norfficat
335 2246 490 2295 filium,
526 2253 568 2283 ut
596 2247 824 2296 honorfficat
847 2253 1017 2296 patrem,
1053 2249 1111 2284 ἵνα
1142 2248 1207 2284 dee'
1233 2248 1270 2284 in
1302 2248 1381 2296 ipso
1412 2253 1546 2284 manet.
1611 2242 1645 2284 V
1650 2258 1691 2285 e-

139 2327 223 2354 rum
252 2327 337 2352 cum
366 2313 551 2353 maiorem
577 2327 665 2353 esse
694 2319 842 2367 patrem
869 2320 1074 2363 asserunt,
1109 2327 1273 2367 quanam
1299 2313 1334 2352 id
1362 2314 1514 2353 demum
1539 2312 1691 2353 ratione

141 2381 393 2436 concipiunt?
452 2379 587 2421 Mole?
619 2395 667 2421 au
693 2382 893 2436 tempore?
924 2395 972 2422 au
995 2381 1259 2422 sublimitate?
1289 2395 1336 2420 an
1364 2387 1515 2428 aetate,
1550 2379 1613 2420 vel
1636 2380 1692 2420 di-

140 2449 320 2504 gnitate?
381 2446 484 2501 Quid
515 2449 650 2489 horum
677 2449 779 2489 inest
810 2449 849 2489 in
877 2450 974 2500 deo,
1022 2456 1063 2489 ut
1084 2449 1156 2489 hoc
1182 2448 1373 2503 suspicari
1398 2448 1539 2488 liceat?
1597 2446 1690 2488 Non
1711 2449 1835 2513 Ῑῗὲῦῑὲὲ.

141 2518 242 2558 enim
270 2518 405 2558 subest
433 2517 595 2570 tempori
619 2517 739 2567 deus,
783 2524 824 2557 ut
855 2517 1020 2557 inferior
1052 2524 1229 2571 putetur,
1275 2531 1360 2557 eum
1400 2530 1421 2555 a
1458 2523 1566 2571 patre
1601 2523 1692 2556 ante
1765 2506 1773 2520 ¹

142 2593 293 2641 tempus
318 2599 433 2626 omne
458 2585 506 2624 sit
529 2585 701 2638 genitus.
765 2583 844 2625 Sed
881 2599 1006 2639 neque
1036 2599 1287 2639 progressum
1314 2585 1431 2624 ullum
1465 2584 1564 2624 idem
1598 2584 1693 2624 deus

141 2654 332 2704 admittit,
376 2660 415 2693 ut
439 2653 487 2693 ob
515 2653 588 2692 hoc
611 2652 735 2707 ipsum
769 2654 1023 2707 progrediens
1049 2653 1149 2693 filius
1177 2660 1377 2707 paternam
1403 2651 1694 2706 amplitudinem

143 2721 298 2776 assequi
326 2735 402 2761 non
428 2734 544 2775 posse
568 2720 732 2761 dicatur.
794 2719 898 2760 Nam
926 2721 958 2761 si
983 2721 1042 2760 dei
1070 2721 1169 2761 filius
1195 2720 1293 2760 lianc
1320 2720 1442 2775 ipsam
1469 2719 1694 2774 appellatio-

144 2803 231 2830 nem
255 2791 434 2845 profectu
457 2788 621 2842 quodam
646 2788 856 2838 meruerit,
890 2788 1097 2842 plerosque
1121 2801 1284 2828 necesse
1312 2795 1372 2828 est
1394 2787 1578 2841 aequales
1604 2786 1692 2826 huic

145 2858 350 2908 extitisse,
385 2871 547 2912 quorum
577 2869 597 2896 e
625 2869 787 2896 numero
809 2855 980 2896 efferens
1004 2869 1118 2906 sese,
1151 2870 1194 2896 ac
1219 2869 1450 2910 progressus
1474 2855 1537 2895 ille
1563 2861 1605 2895 ut
1630 2867 1693 2894 ce-

189 2992 219 3026 3·
246 2992 293 3037 μὴ
315 2990 332 3028 ὁ
353 2992 427 3032 υἱός
451 2994 517 3026 0⁰³1·
540 2992 666 3032 Rhedt'o·
987 2990 1016 3024 4-
1045 2990 1171 3025 ἐλάττω
1198 2992 1288 3024 codd.
1311 3001 1383 3023 mss.
1411 2995 1436 3022 et
1458 2991 1505 3023 ed.
1527 2993 1625 3030 princ.

1316 3051 1369 3091 43
1394 3048 1417 3072 *
