2066 3319
214 986 280 1014 pag.
299 978 356 1006 439.

191 1178 278 1223 Κεφ.
299 1176 350 1218 ις’.

376 204 427 243 76
938 208 1097 242 SANCTI
1121 209 1343 242 ΕΡΙΡΗΑΝΙΙ

375 285 556 341 καθάπερ
583 284 664 328 ἅνω
685 283 804 339 κάμοὶ
830 285 1120 341 προδεδήλωται
1141 289 1182 329 ἐκ
1205 291 1274 340 τῆς
1297 284 1528 336 ὑποθέσεως
1552 285 1713 340 ταύτης·
1744 286 1815 330 δύο
1837 288 1906 341 μὲν

376 352 734 407 ἀκολουθησάντων
765 351 870 410 αύτῷ
904 353 1012 408 παρά
1036 352 1228 396 Ἰωάννου
1254 353 1502 407 ἀκηκοότων,
1541 349 1596 396 ὧν
1622 354 1691 397 δύο
1723 353 1776 404 εἷς
1805 350 1907 414 {2256

375 420 569 477 Ἀνδρέας,
591 419 652 473 ἐφ’
670 419 764 474 ἡμῖν
782 422 823 462 δὲ
850 427 861 450 ¹
876 425 894 449 0
909 423 1223 476 διανενοημένοις
1241 425 1449 470 καλλίστως
1464 421 1532 464 τὸν
1549 424 1677 478 ἕτερον
1696 421 1792 465 εἶναι
1811 421 1907 476 τάχα

377 491 444 531 ἕνα
478 493 555 530 τῶν
587 491 686 530 υἱῶν
720 491 953 542 Ζεβεδαίου,
994 489 1059 532 διά
1084 489 1126 532 τὸ
1163 488 1348 545 συνεργόν
1379 490 1446 531 καὶ
1479 491 1637 544 μέτοχον
1670 492 1736 532 καὶ
1769 479 1905 532 κοίνω-

375 555 494 598 νικόν.
555 558 632 598 Καὶ
666 555 805 599 λοιπὸν
829 556 923 610 μετά
947 562 1066 599 ταῦτα
1095 557 1222 599 πάντα
1245 560 1546 610 καταλείψαντες
1569 559 1609 599 οἱ
1628 559 1828 614 τέσσαρες,
1858 557 1906 600 τά

374 641 414 666 τε
437 630 575 676 πλοῖα,
607 626 661 674 εἰς
690 624 760 679 τήν
790 630 862 681 γῆν
892 623 1194 680 ἠκολούθησαν,
1226 623 1279 674 ὦς
1302 627 1375 679 ἔχει
1397 623 1422 679 ἦ
1443 630 1514 667 τοῦ
1537 630 1680 668 Λουκᾶ
1705 629 1905 682 μαρτυρία.

362 692 482 741 “Ώςτε
505 692 717 743 ἐξάπαντος
743 696 971 735 δείκνυσθαι
996 693 1055 736 ὅτι
1076 693 1237 747 οὐδεμία
1257 692 1477 746 σκολιότης,
1508 692 1596 735 οὔτε
1623 692 1844 748 ἐναντιότης
1867 695 1907 736 ἕν

374 766 457 810 τοῖς
481 759 607 816 άγίοις
638 760 892 817 εὐαγγελίοις,
925 761 1012 804 οὔτε
1035 761 1142 817 παρά
1164 768 1246 810 τοῖς
1275 759 1402 816 άγίοις
1429 759 1710 817 εύαγγελισταῖς
1739 760 1905 816 εὑρίσκε-

374 846 450 880 ται,
482 827 574 870 ἀλλά
595 828 724 871 πάντα
743 835 866 883 σαφῆ,
897 829 1044 885 χρόνων
1068 831 1109 871 δέ
1130 832 1200 871 εἰσι
1223 828 1451 878 διαστάσεις.
1508 828 1724 886 Ἐντεῦθεν
1743 828 1818 885 γάρ
1840 831 1908 871 καὶ

376 898 573 949 ἐπέκεινα,
613 902 691 939 τῶν
723 899 811 952 περὶ
847 899 1002 954 Πέτρον
1032 899 1101 939 καὶ
1127 896 1317 950 Ἰωάννην
1352 895 1491 939 λοιπόν
1529 897 1812 949 συναφθέντων
1839 898 1907 939 καὶ

376 965 726 1018 ἀκολουθούντων,
766 967 912 1021 ἐγένετο
945 965 1140 1008 διδάσκων
1170 967 1210 1007 ἐν
1239 964 1347 1023 πάσῃ
1380 969 1427 1023 τῇ
1454 967 1658 1022 Γαλιλαία,
1696 966 1764 1006 καὶ
1793 966 1833 1007 ἒν
1859 970 1908 1023 τῇ

373 1032 570 1091 Ἰουδαίᾳ,
600 1036 665 1076 καὶ
688 1033 825 1077 λοιπόν
847 1035 1140 1087 πλατυνομένου
1163 1038 1232 1075 τοῦ
1254 1031 1504 1089 κηρύγματος
1532 1031 1579 1074 τά
1603 1034 1690 1086 ἑξῆς
1711 1037 1788 1074 τῶν
1815 1040 1906 1076 θεο-

376 1105 545 1157 σημείων
576 1103 750 1144 ἐπετέλει.
798 1102 917 1151 “sagn
948 1101 1046 1144 εἶναι
1074 1101 1145 1155 τὴν
1175 1100 1418 1143 ἀκολουθίαν
1448 1099 1661 1151 ἐξάπαντος
1691 1100 1826 1150 οὕτως.

489 1175 656 1225 Πρῶτον
689 1171 757 1224 μὲν
788 1172 1075 1224 βαπτισθέντος
1108 1168 1231 1211 αύτοῦ
1254 1168 1334 1211 κατ’
1359 1171 1621 1224 Αἰγυπτίους,
1663 1167 1716 1218 ὥς
1745 1171 1907 1223 ἔφημεν,

371 1237 494 1294 Ἀθύρ
529 1239 731 1296 δωδεκάτῃ
766 1237 842 1294 πρὸ
874 1241 918 1288 ’ἐξ
954 1240 1068 1280 εἰδῶν
1102 1241 1362 1293 Νοεμβρίων,
1404 1238 1576 1279 τουτέστι
1608 1235 1685 1292 πρὸ
1722 1236 1908 1290 ἑξήκοντα

372 1305 530 1362 ’ἡμερῶν
560 1311 574 1335 1
592 1307 748 1361 πλήρων
771 1309 839 1360 τῆς
860 1305 1008 1361 ἡμέρας
1030 1311 1108 1347 τῶν
1128 1305 1404 1357 Ἐπιφανίων,
1431 1304 1458 1358 ἤ
1481 1307 1582 1347 ἔστιν
1604 1303 1729 1358 ἡμέρα
1749 1309 1817 1360 τῆς
1840 1305 1908 1347 αὕ-

372 1380 442 1416 τοῦ
474 1374 689 1430 γεννήσεως
724 1373 821 1416 κατά
854 1373 998 1429 σάρκα,
1045 1372 1098 1422 ὥς
1129 1375 1202 1427 ἔχει
1232 1372 1258 1426 ἦ
1293 1376 1482 1428 μαρτυρία
1510 1378 1581 1415 τοῦ
1613 1372 1711 1415 κατά
1741 1379 1908 1416 Λουκᾶν

373 1441 615 1498 εὐαγγελίου,
648 1442 728 1493 ὅτι,
752 1438 826 1484 ῖΗν
847 1441 1005 1495 Ἰησοῦς
1028 1440 1239 1495 ἀρχόμενος
1262 1439 1361 1482 εἶναι
1385 1439 1437 1490 οἷς
1467 1442 1562 1483 ἐτῶν
1592 1441 1819 1497 τριάκοντα,
1852 1441 1907 1484 ὧν

373 1509 479 1561 υἱὸς,
521 1509 573 1560 ὥς
600 1512 814 1564 ἐνομίζετο,
855 1514 923 1552 τοῦ
954 1508 1117 1562 Ἰωσήφ.
1168 1504 1242 1550 ςΗν
1274 1508 1346 1564 γάρ
1380 1513 1432 1566 τῷ
1461 1509 1530 1562 μὲν
1561 1507 1644 1551 ὄντι
1675 1511 1908 1552 εἶκοσιεννέα

375 1581 470 1621 ἐτῶν
492 1579 558 1620 καὶ
581 1583 712 1632 μηνῶν
733 1580 847 1630 δέκα,
878 1577 941 1620 ὅτε
964 1578 1028 1619 ἐπὶ
1050 1576 1093 1619 τό
1118 1575 1317 1630 βάπτισμα
1343 1571 1434 1630 ἧκε,
1465 1575 1672 1631 τριάκοντα
1699 1577 1768 1631 μὲν
1797 1579 1906 1630 ε’τῶν,

374 1645 451 1688 ἀλλ’
481 1645 528 1689 ού
552 1647 719 1702 πλήρης·
752 1646 812 1689 διὸ
833 1648 953 1702 λέγει,
983 1644 1215 1701 Ἀρχόμενος
1239 1643 1292 1693 ὥς
1317 1646 1413 1687 ε’τῶν
1434 1643 1653 1699 τριάκοντα.
1709 1643 1909 1688 Ἀπεντεῦ-

372 1722 446 1756 θεν
480 1717 523 1756 αἱ
552 1714 838 1771 τεσσαράκοντα
868 1719 939 1756 τοῦ
973 1718 1212 1770 πειρασμοῦ,
1252 1714 1319 1755 καὶ
1352 1715 1395 1754 αἱ
1426 1711 1497 1754 δύο
1532 1712 1745 1767 ἕβδομάδες
1781 1719 1906 1772 μικρῷ

372 1789 502 1825 πλεῖον
537 1786 579 1825 αἱ
609 1785 650 1826 ἐν
678 1784 854 1839 Ναζαρὲτ
883 1781 961 1825 ἀπὸ
994 1786 1070 1824 τῶν
1103 1780 1258 1835 ἡμερῶν
1291 1786 1362 1823 τοῦ
1399 1786 1635 1834 πειρασμοῦ,
1675 1783 1741 1823 καὶ
1771 1781 1906 1838 πρώτη

371 1849 498 1906 ’ἡμέρα
529 1850 629 1906 πρὸς
652 1849 862 1904 Ἰωάννην,
895 1852 958 1892 καὶ
993 1851 1176 1905 δευτέρα,
1208 1851 1275 1891 καὶ
1304 1848 1421 1891 πάλιν
1453 1847 1530 1890 ἀπὸ
1552 1847 1743 1891 Ἰωάννου
1773 1849 1905 1905 πρώτη

374 1921 441 1961 καὶ
471 1920 648 1973 δευτέρα,
679 1919 743 1960 ὅτε
770 1917 1050 1972 ἠκολούθησαν
1079 1916 1182 1975 αὐτῷ
1209 1920 1250 1959 οἱ
1274 1919 1363 1973 περὶ
1380 1915 1586 1972 Ἀνδρέαν,
1618 1918 1748 1959 ἔπειτα
1770 1921 1906 1972 Σίμων

377 1988 538 2042 Πέτρος.
599 1988 679 2028 Καὶ
708 1992 754 2044 τῇ
780 1986 872 2044 ἄλλῃ
900 1984 1048 2043 ἡμέρᾳ,
1081 1985 1133 2035 ὦς
1165 1988 1312 2039 ἔφημεν
1341 1986 1407 2027 καὶ
1437 1986 1510 2039 ἔχει
1535 1983 1562 2038 ’ἦ
1586 1983 1807 2028 ἀκολουθία
1836 1992 1906 2029 τοῦ

374 2054 617 2111 εὐαγγελίου,
652 2058 854 2096 Φιλίππου
876 2059 1009 2107 κλῆσις
1029 2055 1096 2095 καὶ
1118 2059 1188 2096 τοῦ
1213 2052 1452 2106 Ναθαναὴλ,
1483 2053 1549 2093 καὶ
1568 2052 1705 2095 λοιπὸν
1726 2059 1773 2112 τῇ
1796 2057 1905 2114 τρίτῃ

373 2122 502 2181 ἡμέρα
523 2123 646 2178 γάμος
671 2125 815 2178 ἐγένετο
841 2124 879 2165 έν
902 2127 1017 2179 Κανᾷ
1040 2127 1109 2176 τῆς
1132 2125 1356 2173 Γαλιλαίας,
1388 2119 1481 2175 μετά
1501 2119 1570 2169 τοὶς
1592 2119 1664 2163 δύο
1686 2120 1754 2171 τοὶς
1775 2139 1903 2178 προει-

374 2193 562 2247 ρημένας·
595 2191 690 2247 ὅπερ
711 2196 869 2247 πρῶτον
893 2197 1050 2244 σημεῖον
1071 2192 1136 2232 καὶ
1160 2189 1351 2245 πλήρωμα
1373 2188 1579 2244 τριάκοντα
1604 2191 1701 2231 ἐτῶν
1721 2189 1798 2232 ἀπὸ
1821 2208 1904 2246 γεν-·

373 2260 521 2314 νήσεως
543 2266 613 2313 τῆς
640 2259 832 2314 ένσάρκου
857 2257 979 2301 αὐτοῦ
1001 2261 1229 2313 παρουσίας.
1287 2256 1360 2299 Ἐν
1387 2255 1484 2315 αὐτῇ
1516 2256 1588 2312 γάρ
1615 2256 1827 2312 εὑρίσκεται
1856 2264 1904 2318 τῇ

374 2327 499 2386 ἡμέρα
526 2334 596 2382 τῆς
619 2326 741 2370 αὐτοῦ
766 2327 865 2369 κατά
896 2327 1022 2382 σάρκα
1049 2325 1264 2382 γεννήσεως
1287 2323 1509 2378 πεποιηκώς
1533 2324 1575 2367 τὸ
1607 2331 1761 2381 πρῶτον
1790 2326 1904 2369 πάλιν

375 2403 534 2450 σημεῖον
565 2401 635 2438 τοῦ
665 2396 807 2445 ’ὕδατος
841 2398 894 2444 εἰς
926 2393 1052 2446 οἶνον,
1086 2397 1125 2437 ἐν
1148 2400 1202 2451 τῷ
1224 2398 1423 2448 πληρῶσαι
1449 2391 1566 2434 αὐτὸν
1589 2393 1794 2449 τριάκοντα
1823 2397 1902 2449 ἔτη,

378 2463 430 2514 οἷς
450 2464 634 2514 πολλάκις
655 2463 783 2515 εἶπον,
815 2462 892 2505 ἀπὸ
916 2467 985 2517 τῆς
1010 2463 1201 2519 ἐνσάρκου
1229 2461 1350 2504 αὐτοῦ
1372 2460 1584 2517 γεννήσεως
1605 2478 1644 2503 τε
1665 2464 1732 2504 καὶ
1754 2480 1901 2519 παρου-

377 2537 483 2585 σίας,
517 2532 568 2582 ὦς
593 2532 824 2575 ὑποτίθεται
855 2530 948 2584 ’ἡμῖν
973 2533 1143 2573 συνιέναι
1175 2533 1240 2572 καὶ
1264 2531 1572 2583 καταλαμβάνειν
1596 2528 1622 2583 ἦ
1645 2535 1722 2571 τῶν
1752 2530 1904 2587 εὐαγγε-

375 2604 466 2643 λίων
489 2601 666 2655 ἀκρίβειά
688 2619 726 2643 τε
747 2602 814 2642 καὶ
839 2599 1069 2641 ἀκολουθία.
1115 2601 1192 2640 Καὶ
1215 2598 1354 2641 λοιπὸν
1376 2596 1452 2639 ἀπό
1472 2602 1541 2639 τοῦ
1565 2597 1722 2653 πρώτου
1740 2603 1903 2652 σημείου

377 2669 516 2711 τούτου
540 2670 586 2711 τά
608 2687 647 2711 τε
671 2669 763 2711 ἄλλα
785 2674 943 2722 σημεῖα,
974 2669 1038 2709 καὶ
1058 2666 1101 2709 τὸ
1124 2667 1304 2723 κήρυγμα
1321 2664 1478 2717 λοιπόν,
1509 2667 1576 2707 καὶ
1595 2665 1642 2708 τά
1666 2666 1757 2708 ἄλλα
1776 2667 1902 2710 πάντα

377 2743 446 2790 τῆς
470 2743 704 2792 θαυμαστῆς
727 2735 849 2779 αὐτοῦ
874 2735 1109 2791 πληρώσεως
1138 2741 1206 2788 τῆς
1232 2737 1532 2790 φιλανθρωπίας
1562 2736 1629 2776 καὶ
1659 2733 1902 2790 εὖαγγελικῆς

379 2809 698 2861 θαυματουργίας
718 2822 756 2847 τε
775 2806 842 2848 καὶ
862 2807 1123 2855 διδασκαλίας,
1150 2802 1204 2852 ὥς
1223 2803 1405 2852 πολλάκις
1422 2804 1535 2856 ἔφην,
1558 2804 1623 2845 καὶ
1641 2801 1901 2859 ἀναγκάζομαι

444 2978 491 3010 10.
535 2979 658 3009 Correxi
693 2976 963 3019 διανενοημένοις.
1023 2978 1119 3017 Vulgo
1169 2975 1213 3007 ita
1234 2982 1269 3008 ut
1281 2975 1372 3008 nobis
1394 2974 1602 3018 cogitandum
1618 2975 1784 3020 reliquerit
1797 2987 1900 3009 evan-

379 3027 461 3056 extat
495 3022 745 3065 διανενοημένοι.
804 3025 971 3055 Carnarius
1009 3024 1118 3054 vertit:
1167 3021 1302 3064 gelista,
1326 3021 1464 3054 alterum
1486 3025 1550 3054 cett.
