2066 3319
155 1644 222 1673 pag.
240 1636 298 1664 52⁶1.

142 2445 230 2489 Κεφ.
244 2443 286 2480 δ’.

309 176 389 217 232
870 177 1031 211 εΑΝοΤι
1055 178 1277 212 EPJPHANII

310 268 393 310 τοῖς
418 257 659 314 ὄξυγράφοις
689 257 756 298 καὶ
785 260 866 304 τοῖς
893 253 1155 311 ὑπηρετοῦσιν
1184 255 1289 314 αὐτῷ
1318 257 1599 311 ε’παρκοῦντος,
1629 253 1772 311 χάρτην
1800 272 1840 297 τε

310 330 376 372 καὶ
397 326 444 368 τοὶ
467 326 559 368 ἄλλα
578 330 656 367 τῶν
677 322 953 378 άναλωμάτων,
983 325 1050 366 καὶ
1070 329 1139 366 τοῦ
1158 323 1383 381 Ὠριγένους
1401 326 1442 366 ἕν
1462 340 1502 365 τε
1522 322 1752 379 άγρυπνίαις
1773 325 1839 365 καὶ

312 400 426 453 σχολῇ
450 397 607 451 μεγίστῃ
633 392 701 434 τόν
732 391 907 446 κάματον
930 391 998 433 τόν
1028 394 1117 448 περὶ
1146 397 1215 447 τῆς
1244 397 1401 448 γραφῆς
1427 390 1665 441 διανύοντος.
1711 391 1840 433 ’Όθεν

310 463 352 506 τὸ
376 468 531 518 πρῶτον
553 460 675 503 αὐτοῦ
695 462 885 514 ἐπιμελῶς
906 459 1202 515 ἐφιλοτιμήσατο
1224 466 1451 516 σνναγαγεῖν
1471 464 1548 502 τῶν
1565 462 1610 510 ἓξ
1629 461 1840 515 ἕρμηνειῶν

309 530 462 582 Ἀκύλα,
495 528 729 584 Συμμάχου,
759 533 839 570 τῶν
862 545 902 569 τε
921 518 1306 583 Ἑβδομηκονταδῦο,
1337 530 1402 570 καὶ
1424 530 1701 580 Θεοδοτίωνος,
1734 529 1840 581 Πέμ-

312 617 410 653 πτης
446 616 486 640 τε
523 600 590 641 καὶ
614 597 760 650 ’Έκτης
794 594 1034 648 Ἐκδόσεως,
1078 595 1171 650 μετά
1211 598 1468 651 παραθέσεως
1507 595 1670 650 ἑκάστης
1708 597 1842 646 λέξεως

306 667 531 723 Ἑβραϊκῆς,
561 667 628 708 καὶ
654 664 784 707 αὐτῶν
807 663 908 718 ὁμοῦ
928 669 1005 706 τῶν
1024 667 1231 719 στοιχείων,
1263 667 1305 708 ἐκ
1329 663 1572 719 παραλλήλου
1595 664 1636 706 δὲ
1659 662 1843 718 ἄντικρυς

313 737 505 792 2δευτέρα
529 737 647 776 σελίὸι
671 732 867 789 χρώμενος
894 731 994 775 κατὰ
1018 732 1205 775 σύνθεσιν
1224 731 1436 788 Ἑβραϊκὴν
1456 733 1523 786 μὲν
1543 737 1590 790 τῇ
1615 733 1731 782 λέξει,
1759 729 1839 772 Ἑλ·

310 809 455 862 ληνικῶ
476 806 517 845 δὲ
538 807 590 860 τῷ
613 801 821 858 γράμματι,
853 801 985 856 ἑτέραν
1005 800 1121 843 πάλιν
1141 805 1330 855 πεποίηκε
1350 801 1549 852 σύνθεσιν,
1582 797 1635 848 ῶς
1655 797 1753 841 εἶναι
1774 799 1843 852 μὲν

311 878 432 915 ταῦτα
458 873 525 914 καὶ
548 876 752 913 καλεῖσθαι
771 868 939 920 Ἑξαπλᾶ
969 871 1034 912 ἐπὶ
1063 869 1132 919 τοὶς
1154 868 1378 923 Ἑλληνικάς
1409 871 1611 923 ἑρμηνείας
1640 866 1712 909 δύο
1742 864 1843 920 ὁμοῦ

311 941 551 997 παραθέσεις
585 944 654 993 τῆς
677 936 886 994 Ἑβραικῆς
918 937 1035 991 φύσει
1063 936 1112 980 δι’
1137 936 1357 993 Ἑβραϊκῶν
1387 940 1454 980 καὶ
1483 937 1715 991 Ἑλληνικῶν
1745 950 1845 979 στοι-

311 1013 444 1064 χείων,
483 1008 576 1058 ῶςτε
611 1005 709 1049 εἶναι
734 1006 804 1060 τήν
826 1011 955 1048 πᾶσαν
979 1005 1147 1048 παλαιάν
1176 1006 1375 1060 διαθήκην
1407 1004 1455 1048 δι’
1477 1004 1676 1056 Ἑξαπλῶν
1705 1009 1842 1047 καλου·

313 1079 440 1132 μένων
465 1078 530 1118 καὶ
553 1074 618 1118 διά
638 1081 718 1117 τῶν
739 1074 810 1117 δύο
833 1072 1054 1130 Ἑβραϊκῶν
1078 1073 1274 1130 ῥημάτων.
1322 1073 1477 1128 Ταύτην
1499 1072 1599 1126 ὁμοῦ
1621 1078 1750 1114 πᾶσαν
1773 1071 1844 1126 τὴν

316 1147 580 1202 πραγματείαν
607 1142 630 1186 ὅ
655 1142 753 1198 άνήρ
787 1141 881 1197 μετὰ
909 1142 1086 1197 καμάτου
1117 1146 1415 1197 πεφιλοτίμητο,
1452 1140 1529 1184 ἄλλ’
1552 1140 1625 1184 οὐκ
1656 1143 1710 1190 εἷς
1738 1141 1845 1190 τέλος

313 1213 356 1257 τὸ
382 1215 492 1263 κλέος
518 1211 640 1255 αὐτοῦ
666 1211 853 1266 ἄσβεστον
875 1210 1042 1265 διήνυσε.
1101 1213 1336 1265 Συμβέβηκε
1360 1209 1432 1267 γάρ
1466 1209 1571 1267 αὐτῷ
1602 1208 1644 1251 τό
1675 1214 1744 1263 τῆς
1773 1226 1843 1251 πο-

313 1285 514 1337 λυπειρίας
538 1283 591 1330 εἰς
614 1282 709 1335 μέγα
732 1285 882 1333 πτῶμα.
926 1278 987 1329 Ἐξ
1009 1277 1131 1321 αὐτοῦ
1152 1278 1224 1334 γάρ
1250 1284 1319 1321 τοῦ
1340 1284 1493 1321 σκοποῦ
1514 1277 1753 1332 βουλόμενος
1775 1295 1846 1332 μη-

315 1352 380 1393 δὲν
402 1355 480 1392 τῶν
499 1352 622 1391 θείων
642 1353 807 1404 γραφῶν
828 1347 939 1390 ἐάσαι
960 1345 1244 1402 άνερμήνευτον
1264 1349 1316 1396 εἰς
1339 1346 1542 1403 ἐπαγωγὴν
1563 1345 1700 1388 ἑαυτὸν
1721 1347 1846 1401 περιέ-

316 1422 429 1474 βαλεν
459 1416 671 1471 ἁμαρτίας,
702 1417 770 1457 καὶ
793 1414 998 1469 θανάσιμα
1029 1413 1240 1470 ἐξηγήσατο
1265 1414 1438 1469 ῥήματα,
1469 1416 1508 1464 ἐξ
1537 1409 1658 1470 οὗπερ
1682 1417 1722 1456 οἷ
1742 1413 1845 1468 Ὠρι-

314 1487 511 1543 γενιασταὶ
546 1483 802 1538 καλούμενοι,
843 1482 913 1538 οὐχ
944 1485 984 1525 οἱ
1015 1487 1198 1538 ἔ”πριιῖτοι
1231 1482 1301 1537 τὴν
1334 1484 1618 1538 αἰσχρουργίαν.
1682 1480 1741 1523 Οὐ
1770 1480 1844 1538 γάρ

315 1557 386 1610 ἔχω
409 1555 498 1610 περὶ
523 1556 681 1596 ἐκείνων
705 1553 846 1608 λέγειν,
879 1550 932 1601 ῶς
953 1553 1018 1593 καὶ
1041 1550 1117 1606 ἤδη
1140 1557 1352 1607 προεῖπον,
1383 1553 1418 1593 εἰ
1436 1553 1478 1594 ἐκ
1502 1555 1606 1592 4τοῦ
1624 1548 1846 1606 Ὠριγένους

315 1628 385 1666 τοῦ
407 1624 473 1665 καὶ
495 1620 752 1675 Ἀδαμαντίου
778 1620 958 1675 ἐσχήκασι
979 1618 1049 1673 τήν
1073 1618 1214 1675 άρχήν,
1245 1619 1272 1673 ἢ
1294 1618 1423 1674 ἕτερόν
1441 1637 1527 1661 τινα
1550 1617 1719 1674 άρχηγὸν
1740 1617 1847 1672 ἐσχή-

314 1705 427 1734 κασιν
451 1689 651 1746 Ὠριγένην
673 1688 890 1745 λεγόμενον.
954 1689 1059 1730 Φασὶ
1088 1689 1129 1730 δὲ
1150 1691 1218 1730 καὶ
1241 1693 1380 1730 τοῦτον
1409 1687 1478 1730 τόν
1497 1686 1702 1743 Ὠριγένην
1722 1688 1843 1729 ε’πινε·

318 1761 499 1814 νοηκέναι
522 1760 647 1815 ἑαυτῷ
665 1757 765 1800 κατα
784 1756 826 1800 τό
853 1762 870 1786 ⁵
885 1755 995 1811 σῶμά
1018 1775 1066 1809 τι,
1098 1756 1144 1798 ὃν
1165 1757 1289 1810 οἱμὲν
1306 1757 1459 1812 λέγουσι
1478 1760 1614 1811 νεῦρον
1636 1753 1846 1809 άποτετμη-

319 1829 429 1871 κέναι
454 1826 519 1869 διά
541 1826 583 1869 τὸ
610 1825 663 1881 μή
687 1825 810 1884 ἦόονῇ
841 1824 1058 1879 ὀχλεῖσθαι,
1090 1825 1187 1879 μηδὲ
1210 1827 1250 1868 ἒν
1271 1831 1356 1874 ταῖς
1379 1823 1551 1879 κινήσεσι
1575 1830 1659 1872 ταῖς
1681 1838 1846 1878 σωματι-

320 1903 408 1946 καῖς
440 1896 653 1951 φλέγεσθαί
675 1911 714 1936 τε
740 1896 807 1936 καὶ
837 1899 1167 1950 6πυρπολεῖσθαι.
1224 1892 1357 1935 ’Ἀλλοι
1388 1893 1430 1935 δὲ
1460 1892 1544 1947 οὐχί
1573 1906 1713 1945 φασιν,
1753 1890 1846 1933 ἄλλά

320 1965 506 2018 ἐπενόησέ
525 1981 561 2004 τι
583 1961 794 2018 φάρμακον
818 1965 1014 2005 ἐπιθεῖναι
1041 1968 1123 2012 τοῖς
1146 1965 1318 2018 μορίοις,
1349 1963 1414 2004 καὶ
1440 1960 1691 2016 άποξηρᾶναι.
1736 1959 1846 2002 ’Έτε-

320 2051 380 2089 ροι
413 2033 453 2074 δὲ
489 2033 554 2074 καὶ
581 2030 675 2073 ἅλλα
707 2033 761 2081 εἷς
791 2029 911 2073 αὐτόν
935 2029 1143 2087 α’ναφέρειν
1166 2036 1374 2084 τολμῶσιν,
1417 2028 1470 2078 ῶς
1497 2028 1556 2071 ὅτι
1584 2029 1650 2070 καὶ
1677 2027 1847 2082 βοτάνην

319 2100 405 2143 τινα
427 2100 588 2156 εὕρηκεν
611 2098 789 2154 ἰατρικήν
811 2099 963 2153 μνήμης
987 2101 1108 2142 ἕνεκα.
1170 2101 1251 2140 Καὶ
1279 2097 1325 2141 τοὶ
1349 2099 1417 2152 μὲν
1436 2096 1635 2153 ὑπέρογκα
1656 2094 1755 2152 ’ὑπὲρ
1779 2094 1847 2138 αὔ-

319 2173 388 2212 τοῢ
412 2169 593 2225 λεγόμενα
624 2166 672 2210 οὐ
696 2169 800 2210 πάνυ
825 2167 1153 2222 πεπιστεύκαμεν,
1195 2167 1302 2222 ὅμως
1325 2165 1371 2208 τά
1399 2165 1582 2222 λεγόμενα
1607 2166 1769 2215 ἐξειπεῖν
1798 2163 1846 2207 οὗ

320 2240 589 2294 παρελίπομεν.

434 2440 484 2484 Ἡ
501 2443 542 2484 δὲ
568 2443 605 2492 ἐξ
636 2439 758 2483 αὐτοῦ
781 2445 889 2494 φῦσα
917 2443 1061 2496 αἵρεσις
1083 2446 1239 2495 πρῶτον
1272 2441 1342 2495 μὲν
1374 2441 1415 2482 ἕν
1443 2441 1490 2497 τῇ
1517 2442 1593 2480 τῶν
1617 2439 1846 2494 Αἰγυπτίων

323 2511 427 2569 χώρᾳ
452 2508 693 2566 ὑπάρχουσα,
724 2508 770 2551 τά
793 2514 864 2551 νῦν
891 2509 932 2551 δὲ
954 2507 1042 2565 παρ’
1066 2507 1198 2559 αὐτοῖς
1218 2515 1300 2559 τοῖς
1322 2505 1568 2563 ἐξοχωτάτοις
1590 2507 1658 2548 καὶ
1684 2509 1845 2549 δοκοῦσι

367 2638 398 2669 2.
422 2640 532 2678 Epiph.
546 2638 582 2669 de
595 2639 687 2670 Mens.
702 2638 927 2670 etPonderibus
940 2646 1009 2676 cap.
1022 2636 1063 2669 7.·
1109 2635 1224 2679 λογίων
1254 2634 1315 2678 τὴν
1345 2633 1505 2690 δύναμιν,
1551 2632 1609 2667 καὶ
1640 2629 1747 2671 οὕτως
1777 2635 1846 2671 τοῖς

325 2681 423 2738 ,,Το“ις
443 2681 506 2725 γὰρ
521 2681 588 2722 ἓξ
578 2682 754 2736 ερμηνείας
777 2681 834 2716 και
853 2694 912 2724 την
924 2678 1062 2738 Εβραῖ-
1105 2680 1296 2736 λεγομένοις
1335 2675 1389 2715 υπ’
1431 2677 1533 2714 αυτοῦ
1566 2676 1746 2718 Εξαπλοῖς
1788 2677 1846 2711 καὶ

324 2727 386 2769 κήν
417 2726 548 2782 γραφήν
580 2724 773 2792 Εβοαῖκοῖς
803 2726 972 2771 στοιχείοις
1003 2725 1061 2760 καὶ
1105 2724 1304 2765 Ὀκταπλοῖς
1324 2723 1386 2765 τὰς
1405 2724 1519 2781 μὲν
1498 2722 1558 2759 δύο
1572 2721 1765 2779 Ἑβραῖκὰς
1791 2734 1845 2756 σε·

324 2771 467 2828 ῥημασιν
492 2770 604 2810 αὐτοῖς
626 2772 658 2806 ἐν
688 2772 792 2807 σελίδι
813 2773 872 2818 μιᾷ
896 2772 1060 2806 συντεθει-
1106 2771 1200 2810 λίδας
1229 2770 1286 2805 καὶ
1315 2769 1376 2810 τάς
1409 2769 1444 2811 ἐξ
1470 2770 1537 2813 τῶν
1571 2767 1784 2822 ἐρμηνευτῶν
1806 2767 1844 2802 ἐκ

325 2816 395 2856 κῶς
439 2813 539 2860 ἄλλην
579 2817 693 2852 σελίδα
728 2808 983 2873 ἀντιπαράὲετον
1018 2814 1060 2851 δι’
1104 2814 1314 2859 παραλληλου
1326 2808 1569 2858 ἀντιπαραῗτεὶς,
1595 2810 1743 2856 μεγάλην
1753 2811 1844 2866 ωφέ-

324 2861 527 2903 Ἑλληνικῶν
549 2875 606 2906 μεν
629 2862 845 2917 γραμμάτων,
868 2860 1060 2919 Εβραϊκῶν
1107 2863 1193 2895 λειαν
1222 2860 1382 2904 γνώσεως
1412 2860 1519 2896 ἔδωκε
1545 2862 1614 2897 τοῖς
1642 2856 1842 2902 φιλοκάλοις.

327 2907 364 2944 δε
392 2907 509 2948 λεξεων
531 2907 614 2949 πρὸς
635 2905 821 2951 κατάληψιν
849 2909 915 2943 τῶν
940 2906 986 2964 μὴ
1016 2907 1062 2942 εἰ·
1105 2906 1193 2940 Εἴθε
1218 2905 1256 2941 δὲ
1279 2905 1336 2940 καὶ
1365 2906 1397 2941 ἐν
1424 2910 1492 2945 τοῖς
1516 2901 1616 2939 αὐτοῦ
1639 2903 1846 2959 συντάγμασι

327 2952 432 2989 δότων
461 2950 627 2996 Εβραϊκά
656 2958 822 2998 στοιχεῖα,
860 2953 908 2992 εἰς
935 2951 972 2988 τὸ
1004 2950 1060 2988 διὰ
1108 2950 1154 2995 μὴ
1184 2951 1372 2994 παρέπεσε,
1407 2951 1464 2987 καὶ
1489 2947 1604 2986 ἑαυτὸν
1625 2948 1684 2983 καὶ
1707 2947 1762 2983 τὸν
1785 2947 1844 2984 κό-

326 2999 391 3034 τῶν
412 2996 616 3041 Ἑλληνικῶν
642 2999 762 3034 εἰδέναι
783 3001 848 3034 τῶν
870 2996 1060 3044 Εβραῖκων
1108 3008 1188 3041 σμον
1217 2995 1387 3041 ηδίκησε,
1421 3008 1536 3036 κακως
1568 2994 1773 3039 δογματίσας
1801 2992 1844 3029 τὰ
