2066 3319
215 1303 302 1347 Κεφ.
322 1302 360 1338 κ’.

223 2067 287 2095 pag.
305 2058 362 2086 637.

387 183 466 223 432
947 193 1109 226 SANc'n
1130 193 1352 227 ΕΡΙΡΗΑΝΠ

391 269 468 308 Καὶ
499 273 700 323 παρῆλθεν
731 266 917 322 Ἰάκωβος
945 267 967 310 6
995 275 1150 325 πρῶτος
1174 271 1460 321 ε’πισκοπεύσας
1495 274 1534 314 ἐν
1559 271 1860 327 Ἰεροσολύμοις,
1890 272 1913 315 6

388 334 553 387 άδελφός
585 337 810 389 ἐπικληθεὶς
839 341 909 378 τοῦ
932 340 1091 392 κυρίου,
1123 346 1218 388 παῖς
1247 340 1288 381 δὲ
1319 345 1389 382 τοῦ
1414 339 1579 393 Ἰωσὴφ,
1612 339 1689 382 άπὸ
1715 345 1783 393 τῆς
1814 342 1914 390 ἰδίας

388 402 510 445 αὐτοῦ
530 403 714 458 γυναικὸς
736 406 941 460 γεννηθεὶς
964 405 1036 446 σὺν
1058 412 1140 455 τοῖς
1160 413 1311 456 λοιποῖς
1338 407 1460 450 αὐτοῦ
1483 406 1684 460 ἀδελφοῖς,
1716 406 1776 457 οἷς
1798 423 1913 451 συνα-

387 473 617 528 ναστραφεὶς
640 471 663 514 6
683 472 819 528 κύριος
836 471 985 526 Ἰησοῦς
1010 474 1200 529 Χριστὸς,
1232 474 1256 517 6
1278 474 1355 518 άπὸ
1377 479 1540 531 Μαρίας
1559 480 1628 529 τῆς
1650 474 1912 532 ἄειποιρθένον

388 538 486 582 κατά
520 539 646 596 σάρκα
676 542 900 596 γεννηθεὶς,
933 543 974 583 ἐν
1004 541 1106 592 τάξει
1133 541 1313 595 ἀδελφῶν
1341 546 1422 598 ἔσχε
1450 549 1521 586 τοῦ
1551 549 1755 586 καλεῖσθαι
1785 542 1913 586 αὐτῶν

387 607 570 661 ἁδελφός,
602 610 666 650 καὶ
691 611 731 650 οἵ
751 608 966 665 σύνθρονοι
991 608 1112 652 αὐτοῦ
1135 610 1275 660 πάντες
1296 615 1337 654 οἱ
1355 612 1470 667 άγιοι,
1501 613 1567 654 καὶ
1589 610 1665 665 μετ’
1684 610 1813 654 αὐτῶν
1831 617 1909 654 Συ-

388 676 487 729 μεών
512 675 534 718 6
562 676 649 726 υίὸς
674 682 744 719 τοῦ
767 679 1043 733 πατραδέλφου
1074 677 1195 720 αὐτοῦ
1224 678 1310 728 υἱὸς
1341 686 1413 722 τοῦ
1439 685 1608 732 Κλωπᾶ,
1639 685 1708 722 τοῦ
1739 679 1911 733 άδελφοῦ

384 743 535 798 Ἰωσήφ.
586 739 662 786 Ὧν
692 745 784 795 τους
808 745 976 801 χρόνους
1004 745 1098 788 καθ’
1121 748 1207 801 ἑξῆς
1232 749 1297 789 καὶ
1322 747 1415 789 καθ’
1439 747 1571 803 εἷρμὸν
1594 746 1670 790 απὸ
1691 753 1763 790 τοῦ
1782 748 1911 791 'Iocum-

387 817 460 898 βου
479 818 547 856 τοῦ
571 813 811 865 ἐπισκόπου,
843 832 934 864 τους
959 814 1058 856 κατά
1079 814 1265 869 διαδοχήν
1291 816 1533 866 ἐπισκόπους
1557 818 1598 858 ἐν
1619 815 1910 872 Ιεροσολύμοις,

387 901 450 924 και
473 900 564 932 τους
595 881 688 924 καθ’
715 884 876 925 ε’καστον
902 885 1061 937 βασιλέα
1089 883 1281 934 υπέταξα,
1313 886 1385 933 ἕως
1407 889 1476 926 τοῦ
1500 883 1643 940 χρόνου
1668 890 1740 927 τοῦ
1765 889 1911 942 προδη-

386 952 580 1000 λωθέντος
606 951 860 1007 Αὐρηλιανοῦ
888 968 927 993 τε
959 953 1023 993 καὶ
1051 951 1237 1007 Πρόβου,
1270 954 1310 994 ἐν
1334 955 1363 1010 ῷ
1395 948 1510 1002 οὗτος
1538 970 1558 994 ο
1583 952 1729 1007 Μάνης
1755 955 1911 1010 ἐγνωρί-

386 1026 482 1070 ζετο,
513 1018 730 1075 α’νθρωπός
752 1037 808 1069 τις
832 1018 886 1061 ὠν
913 1021 1088 1075 Πέρσης,
1119 1019 1349 1076 ἕγγεννησας
1370 1026 1423 1079 τῷ
1445 1024 1517 1079 βίῳ
1542 1023 1702 1076 ταυτηνὶ
1720 1020 1792 1076 τήν
1815 1020 1910 1064 7άλ-

385 1087 544 1130 λόκοτον
573 1090 834 1130 διδασκαλίαν.
897 1090 974 1130 Καὶ
1006 1090 1108 1130 ἔστιν
1138 1088 1282 1138 οὕτως·

478 1293 523 1335 α’.
582 1292 780 1345 Ἰάκωβος,
818 1297 830 1320 ¹
847 1290 870 1334 6
893 1291 992 1350 ξύλῳ
1014 1294 1184 1348 πληγεὶς,
1207 1295 1247 1334 ἐν
1262 1291 1541 1349 Ἰεροσολύμοις
1563 1295 1815 1351 ἐμαρτύρησε,
1846 1295 1906 1350 με’-

585 1379 645 1416 χρι
676 1362 874 1415 Νέρωνος.

478 1429 524 1484 β’.
585 1428 772 1483 Συμεών,
805 1430 868 1471 ἐπὶ
898 1433 1094 1485 Τραϊανοῦ
1125 1428 1368 1485 ἐσταυρώθη.

478 1497 521 1553 γ’.
583 1495 776 1546 ’ΖἸούδας

480 1565 525 1608 δ’.
589 1569 794 1622 Ζαχαρίας.

484 1634 522 1676 ε’.
588 1637 749 1689 Τωβίας.

477 1703 521 1752 ς’.
582 1706 779 1757 Βενιαμίν.

487 1771 527 1822 ζ’.
584 1770 786 1825 Ἰωάννης,
817 1772 890 1819 ἕως
923 1769 1211 1812 3δεκαεννάτου
1242 1772 1353 1819 ἔτους
1382 1774 1586 1826 Τραϊανοῦ.

475 1839 523 1893 η’.
585 1843 786 1889 Ματθίας.

474 1908 526 1950 θ’.
588 1912 793 1956 Φίλιππος.

492 1976 525 2019 ι’.
587 1982 607 2006 4
623 1978 803 2025 Σενέκας.

464 2045 524 2088 ια’.
582 2044 767 2095 Ἰοῦστος,
799 2045 872 2093 ἕως
905 2041 1156 2099 5Ἀδριανοῦ.

465 2113 525 2168 ιβ’.
584 2117 718 2161 Λευΐς.

466 2180 525 2238 ιγ’.
590 2187 607 2211 ⁶
629 2179 817 2237 Οὕάφρις.

466 2250 525 2292 ιδ’.
585 2248 749 2298 7Ἰωσίς.

474 2318 526 2361 ιε’.
583 2317 755 2368 Ἰούδας,
788 2317 895 2372 μέχρι
924 2316 1131 2359 ἑνδεκάτου
1166 2316 1435 2360 8Ἀντωνίνου.

731 2380 848 2427 Οὗτοι
879 2386 920 2426 δὲ
950 2384 1027 2427 dno*
1060 2391 1269 2442 περιτομῆς
1305 2385 1596 2428 ἐπεσκόπευσαν
1624 2392 1694 2441 τῆς
1719 2384 1908 2443 Ἰερουσα-

651 2454 738 2509 λήμ.
797 2452 859 2503 Ἐξ
890 2455 1022 2496 ἐθνῶν
1053 2455 1093 2495 δὲ
1124 2449 1250 2496 οὗτοι·

467 2524 524 2573 ις’.
585 2522 766 2579 Μάρκος.

471 2592 525 2644 ιζ’.
586 2589 818 2640 Κασσιανός.

465 2661 525 2714 ιη’.
587 2659 800 2709 Πούπλιος.

461 2729 527 2771 ιθ’.
586 2729 782 2783 Μάξιμος.

429 2878 458 2911 7.
494 2874 668 2912 ἀλλόκοτον
701 2880 818 2910 correxi
853 2887 916 2917 eye.
972 2879 1005 2909 In
1037 2878 1121 2908 libris
1211 2876 1241 2908 3.
1267 2875 1482 2910 δεκαεννάτου
1506 2874 1597 2913 ἔτους
1620 2885 1682 2916 e90.
1729 2876 1905 2910 δεκαεννέα

384 2927 466 2954 exlat
489 2920 674 2957 ἄλλο’τοκσν.
1168 2919 1248 2954 {rm-a
1270 2924 1387 2961 placuit
1407 2923 1543 2953 Petavio.
1590 2922 1624 2952 In
1643 2923 1728 2954 libris
1750 2924 1840 2962 vulgo
1863 2924 1905 2954 le-

432 2968 506 2999 CAp.
526 2969 606 2999 XX.
633 2987 673 2992 —-
723 2968 750 3000 1.
776 2971 923 3008 Suspicor
945 2963 993 3005 ὃς.
1166 2969 1249 3006 9itur
1273 2965 1449 2999 δεκαεννέα
1472 2964 1572 3003 ἔτους.

424 3009 612 3051 2.Ἰοῦστος
623 3015 943 3054 ὴαῦειΝῐοερὴονιιεὶη
957 3015 1120 3053 Chronoyr.
1210 3009 1242 3044 4.
1268 3011 1418 3049 Σενεκᾶς
1441 3012 1563 3051 Νἰοερὴ.
