2066 3319
454 204 636 237 PANARII
658 205 740 238 LIB.
761 205 802 235 Il.
832 203 941 236 ToM.
958 205 983 235 l.
1008 203 1138 235 HAER.
1157 203 1280 235 LXIV.
1554 192 1634 234 363

102 287 142 328 in
165 285 371 326 amentiam
396 298 610 334 converse,
644 290 797 339 poterat
819 283 949 338 utique
974 283 1194 338 redemptor
1220 289 1354 323 noster
1384 296 1428 323 ac
1460 281 1636 322 dominus

102 354 238 408 deique
267 353 388 404 filius,
433 352 497 407 qui
531 352 675 392 idcirco
705 359 867 392 venerat
898 359 938 392 ut
966 352 1069 393 vitae
1097 352 1206 392 nobis
1239 365 1346 405 spem
1380 350 1635 391 certissimam

103 423 271 472 faceret,
306 421 470 476 quique,
506 427 546 460 ut
570 421 756 460 dictorum
781 434 937 461 suorum
966 421 1075 460 fidem
1100 419 1210 459 nobis
1236 420 1479 466 adstrueret,
1513 419 1637 473 plera-

102 504 176 545 que
199 489 236 530 in
256 503 298 530 se
323 490 406 544 ipso
426 489 549 531 voluit
568 489 806 544 exprimere,
842 495 1008 544 poterat,
1043 489 1213 542 inquam,
1248 487 1422 541 corporis
1445 487 1503 527 sui
1528 493 1636 541 parte

102 558 274 613 deposita
300 557 413 598 aliam
441 557 615 597 excitare
646 564 818 612 partem,
851 557 1169 611 quemadmodum
1199 555 1365 595 verbosa
1396 555 1459 595 illa
1486 563 1547 595 tua
1577 569 1637 595 re-

102 633 186 667 ctae
216 626 303 666 fidei
337 625 550 666 confutatio
585 633 699 680 atque
727 625 1052 680 ineptissimarum
1080 624 1297 673 rationum,
1332 638 1353 661 0
1379 624 1639 664 contentionis

102 694 262 749 cupide,
296 693 498 735 multitudo
525 694 709 734 declarat.
774 692 919 734 Verum
943 693 1025 746 ipse
1051 699 1153 732 tuum
1182 705 1202 731 e
1226 691 1392 745 vestigio
1418 692 1570 731 modum
1595 707 1637 732 ac

101 763 291 804 rationem
315 763 555 816 redarguens
579 763 630 802 ita
656 762 898 817 pronuntiat:
940 763 1030 800 Nisi
1044 774 1207 812 granum
1226 761 1419 813 frumenti
1441 763 1575 799 cudens
1600 764 1636 800 in
1649 767 1840 801 Ioann.12,²⁴-

103 840 243 871 terram
269 839 452 870 mortuum
462 832 612 884 suerit,
647 833 765 869 solum
787 837 929 869 manet:
962 833 1000 867 si
1015 836 1136 867 autem
1162 831 1350 875 ceciderit,
1386 837 1640 881 mortuumque

97 901 237 952 fuerit,
269 914 394 951 grana
425 902 541 938 multa
568 902 685 951 parit.
751 895 955 951 Quodnam
987 897 1077 937 illud
1109 904 1193 937 erat
1215 911 1378 951 granum
1406 897 1451 936 (le
1478 911 1552 950 qno
1585 897 1640 936 lo-

102 968 318 1023 quebatur?
376 965 505 1008 Nemo
539 973 599 1007 est
631 966 693 1021 qui
727 966 898 1017 dubitet,
940 965 1054 1020 idque
1082 966 1210 1005 mundi
1244 965 1361 1005 totius
1393 965 1639 1005 confessione

101 1043 276 1087 constat,
311 1036 357 1076 de
384 1049 426 1076 se
449 1035 533 1090 ipso
560 1035 753 1075 dominum
781 1035 973 1085 locutum,
1010 1034 1080 1074 hoc
1105 1041 1165 1074 est
1189 1034 1233 1073 de
1258 1048 1421 1088 corpore
1449 1047 1519 1074 suo
1551 1048 1640 1074 san-

102 1104 349 1159 ctissimaque
373 1103 437 1144 illa
466 1117 583 1144 carne
611 1118 721 1158 quam
750 1118 801 1143 ex
825 1101 951 1143 Maria
977 1109 1155 1157 ceperat,
1200 1117 1243 1142 ac
1270 1103 1315 1142 de
1345 1102 1507 1142 humana
1536 1103 1638 1142 omni

102 1181 256 1214 natura.
320 1170 433 1226 Quod
467 1179 593 1212 autem
629 1172 788 1212 cadendi
821 1186 864 1212 ac
893 1171 1082 1212 moriendi
1111 1171 1311 1211 vocabulis
1347 1171 1488 1222 utitur,
1532 1179 1571 1212 ut
1604 1179 1641 1212 et

104 1242 179 1283 alio
204 1242 243 1282 in
268 1241 353 1282 loco
388 1240 501 1291 (licit,
547 1242 618 1280 Ubi
645 1244 718 1280 erit
742 1243 913 1288 cadaver,
948 1243 1027 1279 illic
1050 1241 1382 1291 congregabuntur
1408 1248 1447 1279 et
1473 1243 1634 1293 aquilae,
1658 1240 1768 1304 {⁸2³2ng

102 1311 149 1352 ad
174 1310 392 1351 triduanum
421 1309 596 1364 corporis
621 1323 800 1364 soporem
828 1309 973 1359 retulit,
1008 1309 1106 1362 quod
1132 1322 1179 1349 ne
1205 1308 1286 1363 ipse
1316 1308 1466 1362 quidem
1491 1309 1640 1349 diffiteri
1697 1298 1704 1311 ’

104 1386 231 1435 potes.
292 1377 393 1418 Nam
420 1378 602 1419 divinitas
637 1378 720 1432 ipsa
752 1392 835 1417 cum
865 1377 989 1418 somni
1019 1383 1077 1417 est
1102 1391 1268 1432 expers,
1303 1383 1380 1417 tum
1415 1378 1554 1418 cadere
1579 1392 1641 1418 su-

105 1447 309 1503 perarique
342 1461 418 1487 uon
445 1453 595 1501 potest,
631 1460 701 1486 nec
727 1453 786 1486 est
809 1446 966 1485 omnino
994 1444 1202 1485 mutabilis.
1266 1444 1463 1486 Mortuum
1488 1453 1547 1486 est
1571 1446 1642 1486 ita-

106 1529 180 1570 que
216 1516 398 1555 frumenti
430 1529 618 1570 granum,
652 1521 765 1568 atque
800 1514 937 1554 iterum
973 1514 1199 1554 excitatum.
1261 1512 1491 1554 Utrumnam
1524 1515 1642 1568 igitur

105 1584 297 1638 integrum
324 1597 486 1637 granum
515 1583 727 1623 excitatum
754 1589 835 1633 est,
870 1596 917 1622 an
943 1582 1045 1623 illius
1070 1596 1156 1637 pars
1185 1589 1246 1622 est
1269 1583 1396 1636 aliqua
1430 1583 1641 1623 derelicta?

105 1652 274 1693 Aliudne
299 1665 414 1706 porro
439 1665 551 1706 quam
581 1651 681 1705 quod
704 1658 816 1691 antea
845 1658 951 1701 erat,
986 1665 1032 1690 an
1056 1650 1156 1690 idem
1178 1650 1332 1705 penitus
1354 1665 1441 1691 esse
1470 1666 1515 1692 ac
1539 1652 1641 1692 revi-

105 1721 259 1762 viscere
283 1719 432 1775 coepit,
468 1720 567 1774 quod
595 1726 634 1759 et
660 1720 706 1760 ab
736 1722 889 1771 losepho
917 1722 1071 1759 sindone
1097 1720 1306 1758 obvolutum
1334 1734 1378 1758 ac
1400 1724 1581 1773 sepultum
1606 1730 1643 1761 et
1664 1721 1774 1784 {2⁸¹3}-

106 1792 143 1829 in
185 1804 277 1828 novo
317 1797 548 1828 monumento
582 1792 745 1840 positum
783 1788 981 1828 surrexit?
1051 1786 1154 1828 Tute
1187 1788 1269 1842 ipse
1306 1802 1380 1828 non
1418 1790 1639 1844 negaveris.
1709 1778 1715 1791 ³
1754 1776 1776 1783 ι’

107 1855 325 1911 Quemnam
357 1863 484 1897 autem
518 1856 742 1897 mulieribus
765 1857 891 1910 angeli
916 1855 1185 1896 resurrexisse
1215 1856 1440 1907 nuntibant,
1475 1872 1560 1898 cum
1591 1860 1644 1900 ita

107 1927 303 1977 dicerent,
347 1928 459 1976 Quem
495 1928 704 1977 quaeritis?
762 1929 881 1964 Iesum
912 1928 1185 1964 Nazarenam?
1244 1927 1443 1974 Surreoeit,
1485 1942 1557 1966 uon
1589 1936 1645 1967 est
1658 1928 1759 1990 {Vfgffli
1771 1928 1847 1991 {gs}

108 1997 190 2043 lzic,
225 1997 365 2041 venite,
397 1997 516 2033 videte
543 1996 674 2033 locum.
738 1992 905 2034 Perinde
929 2008 974 2034 ac
996 1994 1028 2035 si
1055 1993 1225 2044 diceret,
1261 1998 1407 2042 Venite,
1442 1998 1559 2034 videte
1590 1986 1665 2035 lo-*
1762 1984 1767 1990 ⁸
1806 1984 1813 1998 ’
1840 1982 1847 1990 ’

106 2078 208 2111 cum,
245 2070 284 2103 et
305 2060 519 2117 Origenem
545 2063 697 2112 docete,
732 2062 856 2103 nullas
876 2062 962 2102 istic
986 2062 1087 2102 illius
1108 2062 1236 2102 iacere
1260 2063 1460 2117 reliquias,
1495 2064 1562 2104 sed
1586 2064 1644 2104 in-

107 2139 257 2186 tegrum
282 2132 522 2172 surrexisse.
586 2132 715 2185 Atque
742 2138 782 2171 ut
806 2131 998 2185 intelligas
1024 2131 1296 2171 resurrexisse
1322 2138 1471 2183 totum,
1506 2136 1643 2172 Surre-

106 2204 186 2249 xit,
221 2200 365 2255 inquit,
399 2215 470 2239 uon
498 2208 556 2239 est
577 2202 660 2247 lu'c5
696 2207 735 2240 ut
762 2199 940 2240 nimirum
973 2214 1096 2254 nugas
1127 2206 1212 2240 tuas
1244 2199 1455 2240 discuteret
1486 2201 1644 2241 demon-

108 2277 327 2324 straretque
358 2269 557 2309 residuum
589 2267 691 2308 illius
723 2268 865 2309 nullum
896 2267 1087 2308 abiectum
1113 2282 1158 2308 ac
1189 2268 1365 2309 relictum
1400 2269 1541 2319 fuisse,
1576 2270 1642 2309 sed

107 2338 207 2379 idem
232 2352 321 2379 esse
344 2338 457 2393 plane
482 2351 646 2392 corpus,
681 2337 780 2391 quod
812 2344 850 2377 et
879 2337 998 2377 clavis
1026 2337 1221 2377 confixum
1249 2344 1288 2377 et
1310 2337 1445 2377 lancea
1470 2338 1644 2391 persora-

111 2414 187 2448 tum
219 2414 258 2448 et
288 2421 309 2448 a
339 2405 562 2447 Pliarisaeis
594 2405 914 2460 comprehensum
948 2413 1006 2447 est
1037 2420 1082 2446 ac
1114 2406 1236 2460 sputis
1269 2406 1511 2460 adspersum.

223 2474 323 2530 Quid
353 2482 478 2516 autem
514 2475 650 2514 attinet
680 2475 786 2529 plura
821 2475 864 2514 ad
894 2474 1087 2515 infelicem
1118 2474 1220 2515 illius
1257 2482 1295 2514 et
1324 2474 1554 2514 insolentem
1587 2474 1642 2514 lo·
1703 2481 1781 2522 Cap.

110 2543 341 2600 quacitatem
380 2544 624 2598 congerere?
683 2541 879 2596 Quocirca
912 2558 989 2584 non
1027 2557 1140 2584 secus
1176 2550 1291 2596 atque
1328 2541 1391 2582 ille
1423 2542 1645 2583 resurrexit
1668 2527 1820 2558 valtl.

109 2627 296 2668 suumque
323 2627 463 2667 corpus
485 2612 687 2661 excitavit,
722 2611 774 2652 ita
796 2619 833 2652 et
855 2627 925 2652 nos
949 2611 1149 2652 excitabit.
1204 2610 1305 2651 Nam
1335 2624 1385 2650 ex
1410 2624 1456 2650 eo
1480 2610 1644 2651 sanctis-

109 2683 229 2723 simus
256 2681 452 2737 apostolus
487 2695 593 2736 spem
620 2687 792 2721 nostram
822 2681 1063 2721 confirmavit
1095 2680 1152 2720 his
1174 2678 1327 2720 verbis:
1375 2682 1559 2729 Quomodo
1589 2683 1847 2725 dz'-1.00r.15,12.

110 2759 198 2790 cunt
230 2754 373 2804 quidem
406 2753 443 2789 in
473 2751 574 2789 vobis
607 2758 834 2789 mortuorum
867 2752 1176 2789 resurrectionem
1208 2762 1279 2786 uon
1309 2752 1417 2786 csse?
1477 2750 1583 2798 Quod
1610 2752 1648 2787 si

112 2828 339 2859 mortuorum
365 2822 594 2858 resurrectio
626 2834 699 2858 non
728 2827 802 2866 est,
845 2834 961 2871 neque
986 2820 1157 2857 Christus
1189 2819 1420 2864 resurr-emt,
1460 2820 1498 2855 si
1523 2825 1644 2856 alitem

114 2889 285 2927 Christus
307 2903 379 2927 non
400 2891 626 2935 resurrexit,
660 2891 781 2927 inanis
804 2902 895 2939 ergo
918 2895 973 2926 est
988 2888 1221 2938 praedicatio
1242 2892 1385 2933 nostru,
1422 2900 1514 2924 vanu
1534 2893 1591 2924 est
1609 2893 1645 2924 et

101 2957 204 3007 fides
231 2964 374 2996 vestra:
420 2960 626 2996 invenimur
657 2965 776 2995 autem
812 2964 849 2995 et
868 2958 973 3009 salsi
1000 2962 1109 2993 testes
1139 2956 1218 3000 dei,
1262 2957 1432 3005 quonium
1464 2957 1640 3001 dzlrimus,

115 3026 318 3063 Suscitavit
350 3027 536 3064 Christum
570 3033 640 3064 etc.
706 3023 858 3065 Deinde
891 3021 1077 3072 subiecit,
1122 3024 1275 3073 Oportet
1306 3023 1548 3074 corruptibile
1578 3025 1646 3061 hoc
