2066 3319
568 187 748 219 PANAssn
773 188 855 219 Lm.
875 189 914 220 11.
940 189 1046 221 Tom.
1066 191 1088 221 1.
1115 176 1316 221 mensu.
1633 182 1711 220 107

173 273 257 316 rat3
292 280 376 306 cum
406 265 582 306 nimirum
607 266 644 306 in
670 273 892 307 sanctorum
925 269 1151 322 corporibus
1180 270 1323 310 habitet
1349 270 1465 319 deus,
1500 283 1543 309 ac
1570 269 1710 309 dictum

174 334 264 374 illud
292 334 416 388 reipsa
441 341 682 387 praestetur:
717 336 902 373 Habilabo
922 338 958 374 [η
980 338 1070 383 illis,
1094 345 1130 375 et
1149 339 1395 376 z'mmtbnlabo.
1440 336 1586 378 Verum
1612 337 1708 377 haud
1721 345 1807 373 Lex—it
1821 347 1863 381 ¹26,
1876 348 1914 375 12.

173 403 285 442 dubie
310 402 474 442 fidelium
502 402 692 442 mentibus
720 404 870 457 quidam
901 404 1137 459 obrepsisse!
1163 420 1296 454 error,
1331 405 1402 444 nie}
1432 406 1615 459 spiritalis
1642 415 1744 445 no-2.
1757 386 1862 451 effu,
1875 416 1914 443 16.

171 470 230 510 bis
257 484 395 511 sensus
422 477 528 510 esset
551 471 651 510 illius
674 471 758 511 libri
782 474 1018 526 patefactus3
1055 480 1093 512 ut
1116 474 1202 513 inde
1229 474 1468 514 disceremus
1491 474 1580 514 nihil
1610 475 1709 515 tubis

170 538 256 579 istis
281 553 375 593 opus
401 552 512 590 esse,
546 539 612 579 sed
641 539 818 594 quicquid
846 540 904 580 hic
928 541 1083 581 molitur
1106 543 1214 591 deus,
1250 541 1295 580 ad
1319 542 1527 595 spiritalem
1554 557 1708 583 sensum

171 614 352 662 oportere.
383 608 608 658 transferri,
645 622 691 648 ne
716 608 864 648 scilicet
890 607 1130 649 ludaicarnm
1161 609 1335 648 tubarum
1367 623 1417 649 ex
1447 624 1537 649 aere
1570 625 1708 665 argen-

172 682 260 715 tove
293 676 544 715 conflatarum
572 675 749 730 quiddam
784 676 895 716 nobis
924 678 1049 716 simile
1081 678 1295 730 tingamus,
1338 678 1404 717 sed
1439 678 1626 732 spiritali,
1670 686 1709 719 ut

169 743 310 784 dictum
337 751 417 793 est,
452 745 682 785 documento
708 745 757 784 sit
781 745 905 794 istud,
941 759 1073 784 corum
1097 746 1317 799 dogmatum
1345 759 1442 799 quae
1467 746 1512 785 ab
1540 748 1707 787 ecclesia

168 813 374 852 traduntur
397 814 723 868 praedicationem
748 826 767 852 e
789 813 899 852 coelo
927 827 1121 853 manasse.
1182 811 1221 853 ld
1245 816 1342 867 quod
1372 823 1406 852 et
1433 814 1507 853 alio
1534 815 1618 854 loco
1644 817 1709 855 de-

169 881 339 921 claratur
365 881 422 921 his
449 882 600 921 verbis:
635 885 679 920 In
707 884 773 920 illa
801 884 859 920 de'e
886 890 1125 933 perstrepent
1154 883 1240 921 tuba
1272 896 1421 934 magna.
1487 881 1588 922 Nam
1623 898 1706 923 cum
1728 894 1909 932 Lexit.25‚9.

168 949 283 989 tubae
307 951 491 1004 quaedam
515 950 725 1005 prophetae
748 950 929 990 extitisse
951 950 1145 1000 videntur,
1179 957 1256 990 tum
1282 950 1405 991 maior
1425 951 1486 990 illa
1511 951 1599 991 tuba
1618 966 1708 992 san-

166 1018 337 1058 ctissima
366 1015 514 1058 Christi
550 1019 587 1058 in
621 1018 825 1072 evangelio
857 1032 934 1059 vox
969 1018 1052 1058 t'uit.
1116 1017 1378 1072 Quamobrem
1409 1020 1522 1060 etiam
1557 1021 1706 1074 angelis

167 1086 371 1140 detegendi
412 1086 522 1128 nobis
555 1101 692 1127 munus
727 1094 784 1127 est
820 1087 1083 1127 commissum.
1150 1090 1267 1126 Callet
1294 1091 1387 1127 em’m
1421 1090 1530 1136 tuba,
1567 1089 1911 1143 inquit,1.c0r.15‚52.

165 1164 201 1195 et
225 1159 596 1207 mortetz'resm‘geul.
663 1153 775 1209 Quod
801 1156 832 1196 si
862 1156 1088 1210 angelorum
1114 1156 1223 1196 vobis
1250 1156 1363 1196 tubae
1391 1157 1503 1207 illae,
1538 1171 1635 1211 quae
1668 1158 1706 1198 in

166 1223 404 1279 Apocalypsi
429 1224 633 1278 leguntur,
676 1225 755 1264 risu
787 1224 926 1279 dignae
955 1224 1158 1275 videntur,
1191 1226 1366 1279 sequitur
1397 1226 1510 1266 etiam
1544 1226 1706 1266 alteram

163 1293 268 1333 illam
302 1294 399 1348 apud
434 1293 649 1347 apostolum
679 1293 809 1333 tubam
838 1308 913 1333 non
946 1292 1072 1333 minus
1101 1307 1188 1334 esse
1220 1292 1440 1334 ridiculam:
1483 1298 1702 1343 Descendet,

163 1361 309 1416 inquit,
345 1364 389 1400 de
410 1364 510 1400 coelo
536 1365 572 1401 e'lz
605 1365 804 1401 novissima
838 1363 947 1410 tuba,
983 1371 1021 1401 et
1044 1366 1184 1401 morlai
1213 1372 1416 1414 resurgent
1443 1367 1480 1402 in
1510 1367 1706 1404 novissimo

163 1433 244 1478 die,
280 1433 317 1469 in
344 1445 429 1469 voce
452 1432 686 1482 archangeli.
750 1429 960 1485 Postquam
995 1431 1113 1485 igitur
1147 1446 1231 1471 cum
1263 1432 1437 1486 apostolo
1463 1430 1584 1473 Paulo
1616 1447 1707 1488 apo-

163 1500 286 1539 stolus
310 1513 431 1553 aeque
456 1497 623 1539 loannes
645 1499 682 1538 in
707 1499 946 1554 Apocalypsi
973 1500 1070 1539 adeo
1095 1499 1254 1539 mirifice
1281 1499 1498 1551 consentit,
1533 1501 1619 1555 qnid
1646 1509 1707 1542 est

164 1568 264 1622 quod
292 1568 337 1608 ab
359 1568 433 1608 illis
454 1567 576 1622 possit
598 1569 765 1623 opponi?
805 1566 950 1608 Nonne
974 1567 1097 1607 omnis
1119 1567 1280 1608 istorum
1307 1581 1420 1608 error
1442 1569 1604 1610 subinde
1629 1571 1706 1612 dis-

164 1637 352 1688 solvitur,
386 1651 470 1676 cum
493 1636 539 1676 ab
565 1636 752 1677 ambobus
780 1636 885 1677 bisce
908 1636 1053 1677 sanctis
1079 1650 1189 1677 suum
1217 1637 1311 1677 deus
1337 1637 1599 1679 testimonium
1625 1639 1705 1679 edi-

165 1712 242 1745 tum
274 1719 363 1746 esse
394 1705 590 1746 voluerit?

279 1771 358 1814 Sed
380 1775 525 1814 instant
548 1774 698 1814 illorum
721 1775 860 1829 aliqui,
895 1782 933 1814 et
957 1775 1055 1828 quod
1081 1774 1117 1814 in
1143 1774 1380 1831 Apocalypsi
1407 1776 1548 1830 legitur
1572 1790 1703 1831 repre·
1729 1766 1886 1844 X‘Z‘QNJ

162 1843 405 1883 hendendum
439 1849 586 1896 putant.
651 1841 762 1884 Dixit
793 1844 918 1894 enim,
953 1842 1151 1897 inquiunt,
1186 1843 1223 1884 in
1250 1858 1296 1884 eo
1323 1844 1444 1895 libro,
1480 1847 1612 1884 Scribe
1636 1860 1703 1885 cm-
1722 1835 1906 1892 Apssc.2,1e.

158 1914 245 1964 gelo
268 1913 445 1950 eeclesiae
471 1914 748 1963 Thyatz'rormn.
813 1912 932 1966 Atqui
957 1912 1059 1952 nulla
1083 1911 1283 1967 Thyatiris
1306 1910 1616 1954 Christianorum
1642 1929 1704 1954 ec-

161 1980 280 2021 clesia
308 1980 392 2020 fuit.
457 1978 532 2034 Qui
559 1981 677 2035 igitur
703 1981 747 2020 ad
776 1994 875 2031 eam,
912 1995 1007 2035 quae
1033 1995 1218 2035 nusquam
1246 1989 1346 2032 erat,
1382 1982 1583 2022 ecclesiam
1606 1983 1702 2023 scri-

161 2049 261 2105 psit?
322 2047 468 2090 Verum
497 2063 550 2089 ex
575 2049 648 2089 illis
674 2049 791 2104 ipsis,
826 2063 923 2104 quae
952 2051 1140 2090 adversus
1169 2050 1372 2090 veritatem
1402 2050 1614 2102 obiiciunt,
1648 2050 1703 2091 ei-

162 2119 246 2158 dem
279 2117 486 2171 suffragari
511 2118 759 2158 confessione
795 2132 863 2158 sua
891 2126 1096 2173 coguntur.
1159 2118 1261 2159 Nam
1296 2126 1336 2159 ut
1367 2119 1457 2159 illud
1490 2128 1698 2175 opponant,

161 2187 302 2227 nullam
329 2186 403 2226 iam
430 2200 518 2226 esse
544 2185 748 2241 Thyatiris
774 2187 1003 2237 ecclesiam,
1038 2188 1149 2242 plane
1176 2186 1359 2228 loannem
1387 2189 1512 2228 afflatu
1540 2189 1702 2243 prophe-

161 2255 236 2295 tico
260 2256 384 2294 futura
412 2255 654 2309 praevidisse
679 2255 913 2309 significant.
977 2253 1075 2297 Cum
1098 2256 1199 2296 enim
1229 2257 1306 2296 illic
1330 2264 1406 2297 tam
1434 2257 1618 2297 haeretici
1649 2257 1700 2297 illi

159 2338 271 2379 quam
297 2322 475 2378 Phryges
501 2323 783 2375 habitaverint,
819 2332 856 2365 et
877 2338 1009 2365 eorum
1040 2325 1204 2365 fidelium
1236 2325 1299 2380 qui
1325 2325 1580 2380 simpliciores
1612 2333 1701 2366 sunt

159 2393 308 2434 animas
332 2392 505 2447 luporum
531 2406 638 2433 more
661 2393 914 2448 diripuerint,
948 2393 1126 2448 oppidum
1155 2394 1378 2434 universnm
1407 2395 1452 2433 ad
1477 2407 1584 2433 suam
1611 2394 1700 2435 bae-

156 2462 262 2502 resin
291 2462 564 2503 traduxerunt.
628 2460 703 2515 Qui
735 2476 820 2502 cum
847 2462 1134 2517 Apocalypsin,
1169 2470 1282 2517 atque
1315 2477 1465 2503 omnem
1496 2462 1595 2503 illam
1630 2464 1697 2503 do-

158 2530 319 2570 ctrinam
351 2537 602 2585 respuerent,
637 2531 681 2570 ad
717 2532 964 2571 evertendam
1000 2531 1226 2586 religionem
1259 2532 1363 2571 vires
1394 2546 1483 2571 suas
1515 2546 1560 2572 ac
1592 2533 1697 2573 velut

159 2599 359 2640 exercitus
388 2607 677 2654 compararunt.
742 2597 821 2639 lam
848 2614 942 2639 vero
966 2600 1151 2654 singulari
1176 2600 1235 2639 dei
1262 2600 1448 2639 beneficio
1472 2600 1529 2640 bis
1553 2608 1697 2655 tempo-

158 2668 264 2708 ribus
291 2667 451 2717 accidit,
486 2674 526 2708 ut
552 2676 637 2722 post
664 2675 817 2708 centum
844 2682 887 2708 ac
921 2669 1121 2708 duodecim
1155 2683 1278 2709 annos
1311 2668 1386 2708 illic
1417 2669 1580 2709 ecclesia
1612 2684 1696 2710 cre-

157 2743 310 2787 sceret,
356 2737 401 2776 ad
443 2751 554 2791 quam
592 2736 688 2776 aliae
727 2737 909 2792 deinceps
947 2738 1194 2777 accederent.
1258 2736 1372 2776 Tunc
1404 2751 1498 2777 vero
1530 2739 1696 2779 ecclesia

161 2805 285 2846 omnis
312 2818 400 2845 sese
431 2805 468 2845 in
492 2803 670 2861 Phrygas
692 2805 945 2846 exhauserat.
1009 2805 1269 2859 Quamobrem
1297 2804 1454 2859 spiritus
1479 2815 1637 2848 sanctus
1660 2808 1695 2847 id

159 2874 310 2927 aperire
343 2874 583 2928 potissimum
617 2875 783 2915 studuit:
831 2874 1034 2915 ecclesiam
1079 2881 1163 2928 post
1196 2874 1483 2927 apostolorum,
1530 2876 1601 2917 hoc
1636 2884 1695 2917 cst

160 2939 339 2991 loannis,
373 2956 417 2982 ac
441 2950 658 2983 ceterorum
685 2950 879 2998 tempora,
914 2944 958 2982 ad
982 2957 1154 2982 errorem
1180 2956 1267 2983 esse
1291 2943 1592 2994 declinaturum,
1627 2960 1694 2986 an-

161 3008 218 3048 nis
247 3017 331 3064 post
357 3025 562 3052 ascensum
592 3009 738 3052 Christi
764 3013 885 3053 tribus
910 3026 953 3051 ac
988 3011 1219 3066 nonaginta,
1255 3026 1329 3067 quo
1359 3019 1530 3069 tempore
1563 3015 1600 3054 in
1633 3028 1694 3054 er-
