2030 3324
138 823 205 853 pag.
224 815 283 842 752.

115 2175 205 2218 Κεφ.
230 2173 297 2218 κη’.

297 181 377 222 632
860 185 1023 219 SANCTI
1047 186 1274 219 EPIPHANH

298 264 427 317 θητοὶς
451 265 542 316 ἔφη,
577 262 724 318 Πάτερ,
754 261 824 311 δός
844 260 978 311 αὐτοῖς
1001 261 1102 315 ζωὴν
1123 264 1221 316 ἔχειν
1234 266 1275 306 έν
1298 265 1467 315 ἑαυτοῖς·
1496 265 1596 320 αῦτη
1625 266 1667 308 δέ
1690 267 1792 308 ἔστιν
1810 265 1838 321 ἦ

298 331 459 380 αἰώνιος
481 330 572 384 ζωὴ,
604 333 669 372 ἰ’να
692 329 910 385 γινώσκωσί
934 344 974 371 σε
994 328 1062 371 τόν
1081 329 1203 383 μόνον
1226 329 1419 385 ἀληθινὸν
1442 332 1553 384 θεὸν,
1585 335 1652 375 καὶ
1676 333 1722 376 ὃν
1743 331 1838 377 άπέ-

298 404 444 447 στειλας
467 397 621 451 Ἰησοῦν
651 397 835 451 Χριστόν.
891 395 990 438 Ἀλλ’
1013 396 1091 450 ἤδη
1124 415 1192 450 μοι
1214 401 1555 455 πεπραγμάτευται
1579 402 1668 454 περὶ
1689 400 1838 443 τούτων

298 466 457 508 πάντων
478 468 519 508 ἐν
539 470 593 523 τῷ
616 465 768 523 μεγάλῳ
792 466 881 518 περὶ
900 468 1064 514 πίστεως
1083 464 1208 522 λόγῳ,
1241 460 1272 522 ᾦ
1294 467 1410 509 πάλιν
1432 468 1530 510 κατά
1551 469 1621 523 τήν
1640 466 1754 522 ἡμῶν
1775 484 1838 521 με·

299 533 480 590 τριότητα
503 535 567 575 καὶ
595 533 807 575 ἀσθένειαν
831 532 1146 588 ἀναγκασθέντες
1170 531 1249 575 ὑπὸ
1274 539 1344 588 τῆς
1368 541 1445 577 τῶν
1470 535 1650 588 ἀδελφῶν
1677 553 1840 592 προτρε-

300 607 442 655 πτικῆς
473 602 754 656 παρακλήσεως
780 600 1031 656 γεγράφαμεν
1064 601 1153 652 περὶ
1181 604 1378 652 Πίστεως,
1421 598 1452 660 ᾧ
1481 603 1583 661 λόγῳ
1613 606 1840 658 ἐπεθέμεθα

300 668 426 723 ὄνομα
462 668 747 725 1Ἀγκυρωτόν.
810 670 890 710 Καὶ
923 667 1017 724 γάρ,
1060 667 1244 724 καθάπερ
1282 667 1306 711 ὅ
1330 667 1514 725 ἡμέτερος
1540 674 1710 726 ἐξίσχυσε
1737 690 1841 714 πτω-

298 736 366 791 χὸς
393 742 488 786 νοῦς
522 736 587 778 διά
612 741 679 790 τῆς
705 739 776 778 τοῦ
800 741 898 778 θεοῦ
933 738 1143 789 βοηθείας,
1191 737 1234 777 ἐκ
1265 737 1394 791 πάσης
1424 744 1581 793 γραφῆς
1611 739 1842 796 συνάγοντες

302 804 349 846 τοὶ
382 803 553 857 ἀληθινοὶ
584 809 654 858 τῆς
685 808 756 846 τοῦ
783 809 881 846 θεοῦ
910 806 1159 852 διδασκαλίας
1198 802 1373 860 ἄγκυραν
1397 805 1524 861 ὥςπερ
1552 813 1632 856 τοῖς
1654 809 1840 862 βουλομέ-

300 891 383 922 νοις
404 871 475 926 τὴν
500 871 613 928 ἁγίαν
636 873 815 927 πατέρων
838 875 988 923 πίστιν,
1030 870 1292 925 άποστολικήν
1322 890 1362 915 τε
1386 875 1451 915 καὶ
1476 874 1745 929 προφητικήν,
1776 876 1844 917 καὶ

300 939 366 983 ἄπ’
391 941 512 996 ἀρχῆς
540 940 626 996 ἄχρι
647 945 717 981 τοῦ
740 943 856 995 δεῦρο
883 941 923 982 ἐν
953 944 1002 997 τῇ
1031 937 1123 996 άγίᾳ
1156 943 1225 981 τοῦ
1253 945 1354 982 θεοῦ
1389 943 1572 1000 ἐκκλησία
1606 944 1844 998 κεκηρυγμέ-

300 1027 394 1062 νην,
426 1013 563 1061 σαφῶς
585 1009 868 1063 παρεθέμεθα,
901 1009 955 1056 εἰς
978 1006 1020 1048 τὸ
1043 1009 1273 1061 κατέχεσθαι
1306 1007 1378 1062 τὴν
1404 1009 1584 1052 διάνοιαν
1617 1011 1684 1052 καὶ
1717 1008 1846 1063 άσφα-

300 1081 491 1128 λίζεσθαι,
534 1076 587 1130 μὴ
609 1082 694 1125 ταῖς
723 1077 913 1125 ἐπινοίαις
941 1080 1011 1117 τοῦ
1035 1075 1224 1129 διαβόλου
1252 1078 1494 1131 ρἰπίζεσθαι,
1537 1078 1635 1132 μηδὲ
1657 1081 1845 1120 κλυδωνι-

303 1151 387 1202 σμῷ
422 1145 777 1199 παραβλάπτεσθαι
809 1149 863 1201 τῷ
894 1142 972 1185 άπὸ
1003 1148 1081 1185 τῶν
1111 1145 1297 1197 αῐρέσεων
1329 1146 1370 1187 ἐν
1399 1146 1535 1204 κόσμῳ
1570 1145 1847 1200 πολυβλύστως

301 1214 553 1270 κεκινημένῳ.
619 1212 732 1254 Οὕτω
759 1211 830 1267 γάρ
857 1213 924 1253 καὶ
958 1210 981 1253 ὁ
1001 1210 1141 1265 κύριος
1173 1213 1322 1262 ἐδίδαξε
1358 1211 1449 1262 τοῦς
1484 1215 1626 1255 ἑαυτοῦ
1662 1212 1847 1267 μαθητάς

300 1281 421 1336 λέγων
444 1280 524 1331 ὅτι,
557 1278 649 1321 Ἐάν
674 1279 769 1333 ὅπερ
793 1278 972 1333 άπαρχῆς
990 1277 1203 1330 ἠκούσατε,
1237 1283 1258 1307 2
1273 1282 1385 1338 μείνῃ
1412 1282 1451 1322 ἐν
1474 1278 1568 1333 ύμῖν
1604 1283 1686 1332 [καὶ
1707 1279 1776 1324 εὀἓν
1805 1283 1847 1324 ἐν

302 1346 397 1401 ύμῖν
425 1351 564 1404 3μείνῃ
589 1346 611 1388 ὃ
640 1346 832 1400 ἠκούσατε
854 1345 1071 1400 άπαρχῆς],
1102 1344 1216 1400 ’ὑμεῖς
1240 1349 1280 1389 ἒν
1303 1349 1389 1401 ἐμοὶ
1410 1355 1577 1400 μενεῖτε,
1606 1350 1675 1390 καὶ
1705 1348 1779 1404 ἐγώ
1805 1350 1847 1391 ἓν

303 1414 415 1468 ύμῖν,
446 1413 554 1469 κάγιὸ
581 1416 620 1456 ἒν
642 1419 698 1471 τῷ
723 1415 862 1467 πατρὶ,
902 1416 969 1456 καὶ
999 1412 1111 1467 ὑμεῖς
1143 1416 1184 1456 ἐν
1209 1416 1304 1468 ε’μοί.
1352 1415 1471 1465 ’Ώςτε
1502 1411 1575 1458 οῦν
1598 1415 1645 1458 τοὶ
1670 1416 1849 1471 ἄπαρχῆς

303 1482 552 1525 άκουσθέντα
579 1481 692 1524 4ἆπὸ
715 1487 787 1524 τοῦ
809 1484 948 1537 κυρίου
971 1480 1142 1535 άληθινοὶ
1174 1487 1244 1536 τῆς
1271 1486 1437 1533 πίστεως
1467 1486 1570 1538 μένει
1602 1486 1643 1527 ἒν
1674 1489 1721 1542 τῇ
1756 1482 1848 1542 ἁγίᾳ

303 1556 374 1592 τοῦ
393 1555 494 1592 θεοῦ
519 1552 720 1608 ἐκκλησίᾳ,
763 1551 830 1592 καὶ
865 1549 930 1592 διὰ
963 1555 1079 1592 τοῦτο
1115 1551 1219 1604 μένει
1255 1549 1281 1605 ἦ
1314 1549 1404 1607 άγία
1430 1557 1500 1595 τοῦ
1523 1557 1625 1595 θεοῦ
1648 1554 1845 1606 ἐκκλησία,

304 1620 368 1660 καὶ
399 1617 619 1672 ὄρθόδοξος
645 1621 773 1667 πίστις
793 1619 835 1660 ἐν
863 1621 1008 1676 κυρίῳ,
1041 1620 1108 1660 καὶ
1134 1617 1157 1660 ὅ
1179 1618 1319 1673 κύριος
1342 1618 1365 1662 ὅ
1382 1619 1598 1675 μονογενὴς
1632 1622 1673 1662 ἒν
1694 1625 1748 1678 τῷ
1773 1637 1846 1662 πα-

303 1688 383 1741 τρὶ,
414 1688 479 1728 καὶ
505 1685 528 1728 ὁ
554 1685 682 1740 πατὴρ
709 1688 750 1728 ἐν
778 1689 872 1744 υἱῷ,
913 1688 978 1728 καὶ
1003 1684 1116 1739 ἡμεῖς
1143 1688 1183 1728 ἐν
1212 1685 1319 1744 αὐτῷ
1346 1687 1413 1730 διά
1442 1693 1512 1730 τοῦ
1538 1686 1652 1744 άγίου
1676 1687 1848 1742 πνεύμα-

302 1771 389 1806 τος,
422 1753 491 1796 εὀὶν
516 1753 723 1809 γενώμεθα
754 1755 845 1796 ναοὶ
869 1759 1086 1809 χωροῦντες
1120 1753 1162 1797 τδ
1196 1753 1309 1810 ἅγιον
1337 1754 1462 1798 αὐτοῦ
1494 1760 1668 1810 πνεῦμα,
1708 1755 1849 1806 καθώς

306 1819 411 1863 εἶπεν
434 1820 456 1863 ὁ
479 1822 589 1878 ἅγιος
615 1827 687 1864 τοῦ
710 1827 811 1864 θεοῦ
840 1822 1058 1871 ἀπόστολος
1079 1821 1161 1874 ὅτι,
1198 1821 1327 1876 Ὑμεῖς
1346 1822 1442 1873 ναὸς
1463 1828 1563 1866 θεοῦ
1584 1825 1689 1875 ἐστε,
1719 1825 1787 1866 καὶ
1806 1822 1849 1866 vd

304 1894 459 1942 πνεῦμα
487 1895 557 1931 τοῦ
584 1895 685 1932 θεοῦ
709 1892 813 1932 οἰκεῖ
838 1893 877 1933 ἐν
906 1888 1011 1943 ύμῖν.
1061 1889 1164 1945 ”Apa
1188 1896 1285 1945 γοῦν
1306 1890 1402 1940 θεὸς
1424 1893 1466 1934 ἐκ
1488 1896 1591 1933 θεοῦ
1612 1890 1654 1934 τὸ
1680 1896 1849 1946 πνεῦμα,

304 1954 353 1998 δι’
381 1951 431 1998 οῦ
451 1957 673 2011 πνεύματος
703 1956 818 2013 ἁγίου
843 1960 933 2001 ναοὶ
955 1957 1204 2011 καλούμεθα,
1238 1957 1306 2001 εὀἳν
1332 1958 1627 2013 κατοικήσωμεν
1651 1958 1694 2001 τὸ
1727 1958 1850 2002 αὐτοῦ

303 2029 457 2078 πνεῦμα
480 2027 520 2067 ἐν
539 2024 645 2079 ἡμῖν.
709 2031 875 2079 Πνεῦμα
897 2025 969 2082 γάρ
1003 2030 1178 2082 Χριστοῦ
1207 2031 1226 2054 5
1244 2032 1397 2081 πνεῦμα
1418 2027 1566 2083 πατρός
1588 2026 1848 2083 ἐκπορευόμε-

302 2110 393 2145 νον,
425 2095 490 2134 καὶ
522 2099 591 2135 τοῦ
621 2095 714 2135 υίοῦ
743 2093 967 2148 λαμβάνον,
999 2093 1053 2142 ὥς
1083 2092 1203 2142 αὕτὸς
1232 2093 1255 2136 ὁ
1285 2093 1498 2151 μονογενὴς
1527 2093 1719 2151 ὁμολογεῖ.

430 2166 562 2203 Ταῦτα
583 2156 655 2203 οῦν
675 2161 803 2203 πάντα
826 2164 867 2204 ἐν
886 2166 938 2219 τῷ
963 2163 1052 2217 περὶ
1077 2164 1252 2211 Πίστεως
1273 2162 1374 2220 λόγῳ
1405 2164 1674 2221 προειρημένῳ
1696 2161 1851 2219 ὑφηγη-

304 2227 462 2279 σάμεθα
483 2231 524 2271 έν
550 2235 625 2287 τῷ,
660 2227 713 2279 ὥς
732 2228 864 2280 εἶπον,
908 2231 1093 2285 γραφέντι
1125 2232 1179 2279 εἰς
1213 2229 1260 2272 τά
1286 2232 1384 2285 μέρη
1416 2236 1487 2285 τῆς
1514 2233 1755 2285 Παμφυλίας
1783 2233 1851 2273 καὶ

307 2299 485 2346 Πισίδος.
543 2295 742 2340 Ἐνταῦθα
775 2299 840 2349 δὲ,
885 2296 1021 2351 ἐπειδὴ
1053 2298 1286 2352 ἐφθάσαμεν
1317 2301 1372 2348 εἰς
1403 2298 1472 2348 τὰς
1495 2301 1583 2353 ἑξῆς
1615 2300 1851 2353 ζητουμένας

304 2366 443 2416 λέξεις,
476 2365 700 2421 ἀναγκαίως
733 2366 846 2408 πάλιν
877 2368 1214 2419 ἐπιμνημονεῦσαι
1247 2366 1546 2421 ἐσπουδάσαμεν
1572 2366 1619 2409 τοὶ
1644 2365 1761 2420 αὐτοὶ,
1797 2365 1851 2417 οἷς

306 2435 448 2485 εἰπεῖν,
480 2432 547 2475 διοὶ
571 2432 638 2476 τὸν
659 2437 918 2489 προκείμενον
943 2433 1190 2489 αἷρεσιάρχην
1208 2433 1388 2490 ’Ἀρειον,
1428 2437 1496 2477 καὶ
1527 2434 1621 2485 τοῦς
1659 2433 1754 2477 Ῑᾶπ’
1780 2435 1850 2477 αὖ·

305 2506 375 2543 τοῦ
402 2499 647 2557 Ἀρειανοῦς,
688 2504 754 2544 ἰ’να
786 2500 1006 2555 ἐκλύσωμεν
1036 2501 1106 2550 τοὶς
1131 2501 1262 2544 αὐτῶν
1285 2506 1444 2554 κακίας,
1477 2503 1546 2553 τοὶς
1575 2502 1618 2545 τό
1644 2502 1765 2559 γλυκύ
1796 2505 1850 2552 εἰς

305 2568 449 2624 πικρὸν
475 2569 782 2623 μεταβαλούσας,
813 2571 877 2611 καὶ
900 2568 943 2612 τὸ
969 2568 1129 2624 ἆγαθὸν
1150 2572 1205 2619 εἰς
1227 2575 1390 2622 φαῦλον,
1421 2572 1488 2613 καὶ
1511 2569 1554 2613 τὸ
1577 2576 1664 2623 φῶς
1687 2573 1741 2619 εἰς
1760 2569 1849 2612 σκό-

303 2653 378 2685 τος.
431 2642 520 2686 Τοῖς
539 2636 612 2693 γάρ
635 2637 828 2687 ’τοιούτοις
848 2641 998 2687 τελείως
1020 2636 1100 2680 ὖπὸ
1120 2643 1191 2679 τοῦ
1211 2641 1351 2693 κυρίου
1374 2638 1440 2680 διά
1462 2644 1532 2681 τοῦ
1551 2637 1666 2694 ἁγίου
1686 2637 1848 2680 Ἡσαΐου

304 2703 347 2745 τδ
377 2703 477 2746 Οὐαὶ
502 2704 685 2759 ὁρίζεται,
726 2713 807 2755 τοῖς
838 2705 885 2748 τά
919 2704 1054 2762 άγαθοὶ
1078 2707 1133 2755 εἰς
1158 2704 1262 2748 κακά
1289 2705 1579 2760 μεταβάλλουσι.
1641 2707 1722 2747 Καὶ
1751 2704 1849 2755 θεὸς

305 2770 482 2825 οὐδαμοῦ
507 2776 629 2823 αἴτιος
659 2779 737 2817 τῶν
770 2773 982 2825 τοιούτων,
1024 2772 1101 2815 ἄλλ’
1125 2775 1285 2824 ἕκαστος
1319 2773 1467 2817 τούτων
1504 2773 1530 2827 ἢ
1559 2772 1657 2815 κατα
1687 2776 1848 2816 κενοδο-

352 2898 429 2930 CAp.
451 2899 653 2932 XXV11.—
690 2902 715 2933 1.
744 2903 790 2942 Cf.
815 2904 958 2933 Ancurae.
981 2911 1049 2941 cap.
1143 2900 1174 2933 3.
1210 2900 1306 2945 μείνῃ
1343 2902 1432 2933 codd.
1465 2909 1536 2932 mss.
1572 2903 1706 2940 uterque.
1763 2899 1847 2944 μένῃ

303 2942 324 2975 2
338 2952 401 2984 sqq.
1097 2948 1179 2979 editi.
1232 2949 1326 2978 Verba
1348 2955 1427 2986 quae
1448 2949 1613 2985 praeeunte
1637 2947 1765 2977 Petavio
1789 2956 1847 2977 un-

347 2990 378 3020 2.
404 2987 500 3032 μείνῃ
523 2991 609 3022 codd.
625 3000 695 3024 mss.
709 2995 842 3031 uterque.
869 2990 952 3035 μένῃ
966 2993 1049 3023 edici.
1096 2994 1173 3024 cinis
1193 2993 1304 3024 inclusi
1325 2993 1477 3032 glossema
1498 2991 1642 3023 videntur
1658 2999 1740 3031 esse,
1763 2994 1791 3023 et
1808 2992 1847 3022 li-
