2066 3319
499 145 679 178 PANARn
705 145 787 176 [ΑΒ.
808 145 848 178 n.
872 146 981 177 Toxi.
1004 146 1043 177 u.
1071 145 1201 176 ΗΑΕΒ.
1227 145 1347 176 vat.
1618 135 1699 174 495

156 227 350 268 sevutsam
374 225 475 265 illam
504 225 657 264 virtutis
683 238 776 265 suae
807 225 1028 279 particulam
1060 225 1275 264 clanculum
1304 240 1324 263 a
1358 222 1593 264 coelestibus
1625 223 1699 262 illis

156 294 296 335 incolis
327 293 489 347 eripiat,
533 293 850 346 quemadmodum
892 293 1081 347 impostor
1121 292 1182 332 ille
1216 300 1403 346 nugatur²
1451 292 1554 332 nullo
1587 292 1699 332 modo

155 376 315 403 servare
349 376 420 401 nos
453 362 589 415 possit.

270 428 510 484 Quamquam
550 429 638 482 quid
669 430 705 468 in
739 430 1016 483 percensendis
1056 429 1155 469 illius
1183 428 1329 468 dclii-iis
1366 430 1506 468 frustra
1539 442 1694 483 operam

157 506 382 553 tempusque
408 498 621 538 consumo?
682 495 806 537 Cuius
843 505 947 538 tanta
984 505 1042 537 est
1076 496 1309 551 impudentia
1348 511 1389 535 ac
1423 497 1628 550 petulantis
1661 497 1698 536 in

156 567 268 607 deum
292 567 444 620 linguae
472 566 628 606 licentia
659 573 697 605 ut
727 566 973 606 tenebrarum
998 564 1217 619 Principem
1244 564 1346 603 illum
1373 564 1492 618 ipsum
1521 578 1607 605 esse
1633 566 1697 604 ‹le-

157 636 308 685 tendat,
342 635 404 689 qui
429 634 465 674 in
495 635 579 687 lege
605 649 648 674 ac
676 634 873 688 prophetis
899 635 1050 674 locutus
1077 640 1151 672 est.
1215 631 1249 672 O
1283 632 1414 672 l'elices
1449 647 1491 672 ac
1526 633 1698 687 praecla—

155 717 219 743 ras
244 717 334 758 spes
360 703 537 743 nostras!
573 717 658 742 cum
685 702 929 742 tenebrarum
951 699 1123 755 Principi
1148 698 1330 740 Christus
1355 715 1512 740 munera
1546 702 1696 741 del'erre

153 772 342 825 coegerit.
406 769 664 824 Posteaquam
696 771 795 810 enim
833 769 1140 824 elepliantiaeum
1173 768 1275 808 illum
1312 770 1514 822 purgavit,
1557 770 1696 809 donum

155 840 244 880 illud
269 840 368 894 quod
398 839 482 893 lege
505 839 782 892 praescriptum
808 845 868 877 est
891 837 1033 877 all'erre
1058 836 1185 877 statim
1219 835 1345 877 iussit.
1410 840 1521 884 l'mle,
1556 837 1693 890 inquit,

155 910 254 963 offer
286 923 418 947 munus
442 916 566 954 luam,
601 911 703 945 sit-ut
719 909 914 958 praecepit
935 908 1098 955 Moyses.
1164 903 1367 945 Eiusmodi
1394 920 1510 960 porro
1543 919 1696 954 munus,

153 976 254 1030 quod
280 976 328 1016 ob
355 976 500 1030 lepram
525 975 784 1024 offerebatur,
830 974 981 1014 avicula
1016 981 1100 1013 erat
1135 973 1172 1013 in
1200 973 1458 1024 sacrificium,
1504 981 1541 1013 et
1577 973 1698 1013 simila

154 1045 192 1085 in
218 1044 502 1085 holocaustum.
565 1043 685 1097 Atqui
710 1043 741 1083 si
769 1042 1016 1083 tenebrarum
1043 1042 1107 1082 ille
1130 1040 1320 1095 Princeps
1348 1042 1468 1091 foret,
1504 1056 1696 1095 nunquam

154 1112 314 1153 verbum
338 1126 359 1152 e
382 1113 493 1152 coelo
520 1111 740 1166 delapsum,
776 1111 913 1165 deique
947 1110 1071 1161 filius,
1106 1111 1192 1164 qui,
1237 1117 1275 1150 ut
1302 1108 1559 1150 Manicliaeus
1597 1109 1697 1149 arbi-

155 1188 294 1231 tratur‚
325 1180 470 1220 idcirco
495 1180 601 1220 venit
623 1187 662 1220 ut
686 1179 877 1220 hominem
902 1194 922 1219 a
940 1177 1163 1234 Principum
1188 1193 1324 1219 errore
1346 1178 1546 1229 liberarete
1570 1178 1696 1232 lepro-

153 1264 237 1290 sum
265 1249 394 1297 illum,
429 1247 489 1288 cui
523 1248 727 1289 sanitatem
754 1248 1002 1297 restituerat,
1049 1247 1184 1288 iisdem
1220 1247 1411 1288 subditum
1446 1261 1534 1288 esse
1560 1246 1696 1287 iussis-

153 1325 235 1367 set,
270 1317 336 1358 sed
370 1316 537 1371 fugiendi
561 1317 687 1371 potius
716 1324 852 1357 auctor
883 1315 1043 1366 fuisset,
1078 1330 1123 1356 ac
1154 1331 1200 1357 ne
1221 1318 1320 1371 quod
1353 1318 1580 1372 imperatum
1612 1323 1697 1355 erat

154 1393 371 1441 praestaret
395 1391 501 1425 esset
523 1384 713 1425 hortatus.
778 1383 856 1425 Sed
886 1384 1063 1424 nimirum
1098 1384 1183 1425 ideo
1218 1385 1268 1425 ita
1305 1399 1346 1425 se
1379 1386 1502 1440 gessit
1527 1384 1626 1439 quod
1649 1385 1693 1423 ad

154 1455 404 1495 evertendam
442 1454 565 1507 legem
603 1467 843 1507 nequaquam
871 1460 1056 1503 venerat,
1102 1468 1211 1507 quam
1239 1454 1399 1494 dederat
1424 1454 1529 1508 ipse,
1569 1466 1694 1506 neque

153 1523 383 1578 prophetas,
419 1523 485 1562 sed
513 1529 549 1560 ut
575 1521 702 1575 potius
727 1522 928 1576 itnpleretg
973 1529 1012 1561 ut
1035 1522 1107 1561 hoc
1140 1522 1262 1576 ipsum
1289 1522 1386 1575 legis
1419 1536 1462 1561 ac
1491 1521 1695 1577 proplieta-

152 1605 235 1632 rum
260 1591 583 1645 complementum
611 1590 647 1629 in
672 1590 862 1643 evangelii
885 1590 1013 1644 quiete
1047 1604 1092 1629 ac
1117 1590 1392 1644 tranquillitate
1417 1591 1580 1643 positum
1608 1603 1695 1629 esse

153 1666 405 1700 monstraret.
468 1657 568 1698 Nam
601 1658 693 1698 licet
722 1659 820 1698 idem
850 1673 871 1698 a
904 1658 1100 1713 prophetis
1126 1661 1308 1699 adoratus
1342 1659 1391 1698 sit
1415 1660 1534 1708 deus,
1578 1665 1616 1697 et
1646 1657 1693 1697 ab

150 1727 235 1782 ipso
259 1728 323 1768 lex
351 1727 488 1767 tradita
505 1759 515 1776 ‚
551 1741 625 1767 non
655 1728 790 1767 eodem
817 1735 943 1767 tamen
966 1727 1078 1767 hodie
1103 1727 1290 1767 donorum
1313 1740 1459 1780 genere
1476 1759 1486 1777 ‚
1520 1727 1586 1766 sed
1609 1740 1693 1781 pre-

151 1796 259 1837 cibus
283 1803 321 1836 et
344 1795 613 1845 eucharistiis‚
648 1802 685 1835 et
709 1795 795 1835 aliis
821 1796 1032 1836 bonoribus
1055 1795 1186 1835 divino
1211 1795 1355 1835 numini
1383 1795 1557 1836 adoratio
1584 1808 1694 1849 prae-

149 1872 289 1905 statur.
353 1863 509 1904 Etenim
544 1863 725 1917 graviora
763 1864 836 1904 illis
871 1872 1050 1918 tanquam
1086 1864 1212 1905 servis
1247 1864 1471 1918 imperavit,
1517 1864 1616 1917 quod
1649 1877 1695 1904 ea

150 1933 303 1973 ratione
335 1935 380 1973 ad
417 1932 643 1986 obsequium
683 1933 783 1985 adigi
826 1946 939 1987 posse
975 1941 1247 1987 cognosceret.
1319 1931 1466 1973 Contra
1500 1932 1694 1986 evangelii

150 2001 347 2056 discipulis
377 2001 546 2050 leviora,
581 2007 710 2055 utpote
733 2001 888 2051 liberis,
924 2016 992 2056 pro
1015 2002 1209 2056 exquisita
1231 2016 1302 2042 sua
1321 2001 1560 2056 benignitate
1586 2017 1693 2042 man-

150 2069 272 2110 davit.
337 2067 471 2122 Quare
500 2084 585 2109 cum
624 2084 722 2109 unus
751 2069 900 2124 sibique
933 2070 1183 2111 consentiens
1218 2070 1315 2125 legis
1342 2071 1612 2125 evangeliique
1644 2070 1693 2111 sit

149 2138 270 2188 deus,
314 2151 386 2178 nec
420 2138 607 2178 alterutra
642 2137 884 2178 diversorum
920 2145 1133 2193 temporum
1166 2139 1315 2180 sublata
1351 2140 1612 2193 dissolutaque
1644 2139 1693 2179 sit

150 2205 320 2257 functio,
354 2206 453 2246 idem
479 2214 539 2246 est
567 2220 743 2260 unusque
770 2207 885 2256 deus,
920 2207 982 2261 qui
1010 2207 1151 2248 seculis
1181 2207 1400 2249 dominatur
1420 2208 1619 2257 omnibus,
1653 2215 1691 2248 et

149 2288 169 2314 a
195 2275 323 2316 servis
345 2274 427 2315 suis
452 2275 501 2314 ita
526 2274 666 2315 colitur
699 2281 738 2314 ut
760 2289 829 2330 pro
853 2289 898 2315 eo
920 2290 965 2316 ac
986 2276 1110 2317 cuivis
1131 2276 1251 2317 aetati
1272 2277 1457 2318 convenit
1483 2291 1631 2318 summa
1655 2277 1689 2316 id

148 2343 386 2384 humanitate
409 2344 606 2398 deposcat.
672 2342 863 2397 Superest
884 2343 1003 2399 igitur
1029 2344 1131 2385 illius
1156 2352 1196 2386 ut
1223 2359 1334 2387 error
1361 2360 1413 2387 ex
1447 2346 1548 2386 omni
1582 2353 1690 2401 parte

149 2411 425 2462 convincatur,
470 2412 776 2466 quandoquidem
813 2426 858 2453 ea
899 2427 996 2468 quae
1032 2414 1117 2468 lege
1153 2414 1390 2469 praescripta
1426 2423 1517 2455 sunt
1547 2416 1689 2470 exequi

148 2480 325 2521 salvatur
354 2481 436 2536 ipse
471 2481 642 2521 iusserit.
708 2478 818 2534 Quae
843 2482 994 2536 quidem
1021 2489 1222 2538 postquam
1256 2484 1357 2523 illius
1391 2485 1570 2525 mandato
1602 2499 1688 2540 per-

149 2550 247 2590 fecta
275 2556 387 2599 sunt,
421 2549 468 2590 ab
491 2550 626 2589 eodem
656 2550 837 2605 deinceps
865 2565 939 2591 non
965 2551 1115 2602 soluta,
1152 2567 1226 2592 non
1258 2551 1295 2592 iu
1322 2552 1479 2592 nibilum
1514 2555 1684 2607 redacta,

148 2618 215 2658 sed
240 2617 396 2673 impleta
429 2625 541 2659 sunt:
588 2632 672 2658 cum
707 2618 858 2659 scilicet
885 2634 952 2674 pro
981 2620 1038 2660 his
1062 2634 1160 2674 quae
1191 2621 1227 2660 in
1251 2621 1337 2674 lege
1360 2630 1564 2677 praecepta
1597 2632 1688 2665 sunt

149 2700 271 2726 novas
295 2688 477 2740 quasdam
505 2688 577 2727 deo
602 2687 681 2727 lieri
713 2687 931 2728 oblationes
956 2688 1144 2739 instituit,
1180 2689 1358 2744 pietatis,
1393 2690 1590 2744 bonitatis,
1624 2707 1687 2734 ca-

148 2753 315 2805 stitatis,
351 2755 605 2796 accuratioris
638 2756 802 2810 denique
834 2757 936 2797 vitae
968 2756 1130 2797 rationis
1161 2772 1204 2797 ac
1231 2759 1402 2811 generiS.

258 2821 395 2878 Pergit
421 2838 515 2864 vero
540 2822 796 2865 Manicliaeus
824 2839 868 2866 ac
900 2832 1104 2866 venturum
1131 2826 1295 2880 denique
1320 2825 1463 2868 Senem
1488 2829 1593 2871 illum
1627 2838 1682 2872 at-

194 2901 223 2933 ὃ
249 2899 351 2941 αὐτὸς
373 2902 468 2947 δείξῃ
492 2900 595 2942 αὐτὸς
614 2902 651 2937 τὸ
673 2906 738 2936 cod.
765 2907 889 2946 Rhediy.
983 2908 1012 2935 ,Ψ
1042 2908 1180 2938 Fortasse
1204 2904 1258 2949 δὴ.

193 2949 224 2980 b.
252 2949 398 2988 Suspicor
420 2945 690 2989 ἅπαροὶσπαστον.
983 2950 1013 2984 9.
1040 2953 1237 2992 Reposuerirn
1260 2952 1318 2987 τοῦ
1342 2951 1526 2998 ἐπιτρέψαι.

194 2991 223 3025 7.
250 2991 373 3034 γίνεται
395 2996 461 3027 cod.
485 2996 614 3037 Rhediy.

1748 404 1826 446 Cap.

1746 450 1846 481 LVll.

1717 845 1788 873 Inue.
1803 847 1829 879 5,
1848 847 1885 874 lt.

1735 2798 1814 2842 Cap.

1714 2845 1829 2879 Lvut.
