2066 3319
490 190 671 223 PANARH
694 189 777 223 Lm.
798 189 839 221 n.
869 188 1034 220 T0M.n.
1058 186 1189 219 HAER.
1209 186 1331 218 vai.
1604 173 1675 212 431

157 272 418 314 testimonium
445 272 598 311 divinus
622 283 751 310 sermo
777 269 947 323 protulit.
1013 271 1061 306 El
1084 270 1174 306 vidit
1196 270 1285 305 deus
1315 271 1447 303 cuncta
1473 276 1566 315 quae
1583 263 1687 315 sece-

155 349 238 389 rat,
273 349 309 380 el
330 356 413 379 ecce
437 342 543 379 valde
568 340 684 378 bona.-
719 337 782 377 ubi
808 344 846 376 et
874 350 1007 377 vocem
1043 336 1167 386 illam,
1204 337 1337 380 l'alde,
1374 332 1537 372 additam
1569 329 1690 370 voluit

156 413 261 460 (erat
292 423 386 449 vero
413 415 489 448 tum
515 405 589 447 Vl.
619 406 723 455 dies,
758 405 819 446 vel
853 405 992 459 quictis
1016 403 1158 456 Vll.),
1192 410 1230 442 ut
1258 402 1358 442 omni
1385 399 1557 456 perversi
1590 398 1690 438 illius

156 478 202 518 de
230 477 331 518 malo
357 477 548 531 dogmatis
574 475 680 516 velut
706 474 834 514 radice
863 473 1012 513 sublata
1041 487 1173 512 ansam
1205 472 1292 510 inde
1321 470 1447 509 nullus
1477 475 1603 508 tantae
1635 473 1691 506 te-

156 545 344 586 meritatis
369 544 584 599 arriperet,
619 543 894 598 sempiternam
929 549 966 581 nt
995 555 1081 581 csse
1114 539 1295 579 malitiam
1321 538 1525 592 cogitaret.
1588 533 1688 575 Nam

157 612 345 654 eiusmodi
371 613 416 653 de
441 613 503 653 illa
527 626 750 652 sermonum
774 611 928 650 occasio
954 609 1201 664 praeciditur.
1264 606 1403 660 Neque
1429 606 1529 645 enim
1553 604 1688 644 malum

156 682 302 736 uspiam
325 688 431 733 erat,
466 695 549 721 cum
576 683 680 720 valde
706 682 798 719 bonu
823 685 954 719 essent
981 677 1132 728 onmia,
1166 683 1204 716 et
1227 689 1248 715 a
1269 675 1371 715 bono
1394 675 1466 714 deo
1490 674 1686 728 producta,

158 750 407 804 eiusdemque
441 749 663 790 testimonio
696 747 960 803 comprobata.

271 816 455 860 Ceterum
480 818 666 859 materiae
691 830 830 857 nomen
854 815 1042 870 duplicem
1065 812 1387 867 significationem
1412 810 1573 851 obtinet.
1625 809 1689 849 Al·
1706 809 1781 851 Cap.
1797 808 1894 840 ΧΙΧ·

159 895 242 928 tera
267 894 327 928 est
349 901 446 941 quae
471 901 522 927 ex
544 884 761 926 detestandi
788 884 889 924 illius
918 882 1081 923 hominis
1108 881 1301 922 sententia
1329 881 1520 920 actionem
1548 886 1585 918 et
1608 892 1691 917 cor-

158 955 375 1011 ruptionem
413 970 458 996 ac
498 953 824 1008 consumptricem
859 952 1049 1006 quandam
1088 949 1163 990 vim
1206 948 1412 1004 exprimit,
1461 948 1581 988 altera
1621 961 1692 1000 qua

157 1024 274 1079 vulgo
299 1038 426 1065 rerum
454 1023 621 1064 omnium
655 1035 751 1076 quae
775 1021 822 1061 ad
847 1034 957 1061 usum
986 1018 1144 1060 artificis
1169 1025 1346 1073 spectant
1368 1023 1587 1072 apparatum
1617 1029 1693 1054 ma-

158 1093 295 1134 teriam
318 1092 494 1143 dicimus,
530 1091 647 1132 veluti
671 1090 879 1144 lignorum,
914 1088 1083 1142 figlinae,
1118 1087 1200 1128 auri
1222 1085 1449 1141 argentique
1472 1084 1693 1133 materiem,

159 1161 371 1217 appellatur
395 1169 433 1201 et
463 1159 626 1201 materia
652 1159 689 1199 in
715 1158 941 1214 corporibus
968 1170 1066 1212 quae
1091 1170 1141 1197 ex
1170 1156 1371 1196 humorum
1400 1153 1618 1209 corruptela
1642 1153 1698 1192 vi-

161 1230 290 1285 tioque
317 1230 526 1285 colligitur.
578 1227 694 1268 Dicat
715 1228 843 1282 itaque
868 1241 992 1267 novus
1016 1226 1079 1266 ille
1104 1232 1230 1276 vates,
1264 1225 1326 1278 qui
1349 1237 1391 1264 se
1417 1237 1463 1264 ea
1486 1223 1586 1263 scire
1613 1236 1698 1277 pro-

160 1299 290 1340 fitetur
318 1313 415 1353 quae
446 1298 492 1338 ab
526 1297 628 1338 omni
664 1297 896 1337 aeternitate
929 1296 1100 1336 suerunt.
1164 1291 1364 1347 Siquidem
1399 1300 1437 1334 et
1465 1291 1697 1347 paracletum

160 1381 203 1408 se
229 1368 403 1422 spiritum
429 1367 527 1407 idem
552 1366 614 1406 ille
638 1380 714 1406 non
737 1364 925 1405 dubitavit
946 1377 1141 1405 asserere.
1204 1360 1402 1402 Interdum
1430 1375 1525 1404 vero
1549 1368 1585 1401 et
1609 1374 1698 1415 apo-

161 1436 302 1477 stolum
327 1434 416 1477 Iesu
441 1433 609 1485 Christi,
646 1441 686 1474 ut
713 1441 803 1474 ante
830 1433 935 1484 dixi,
970 1439 1179 1487 nuncupat.
1242 1431 1362 1485 Atqui
1394 1444 1519 1484 neque
1556 1429 1698 1470 colum-

160 1504 232 1545 bae
265 1505 423 1558 figuram
455 1518 619 1558 unquam
650 1502 795 1552 induit,
831 1516 956 1556 neque
987 1500 1162 1556 spiritum
1196 1499 1300 1540 illum
1335 1499 1597 1554 paracletum,
1639 1497 1700 1551 qui

164 1581 205 1614 ut
227 1573 424 1628 apostolos
452 1573 593 1613 virtute
618 1570 922 1626 incorruptionis
947 1570 1140 1620 indueret,
1175 1569 1212 1609 in
1238 1582 1305 1608 eos
1333 1581 1354 1608 e
1379 1568 1489 1608 coelo
1513 1567 1701 1607 demissus

166 1649 241 1682 est.
305 1640 430 1695 Quem
460 1640 575 1681 ctiam
605 1640 811 1680 missurum
839 1653 881 1680 se
915 1637 1136 1692 unigenitus
1167 1638 1226 1678 dei
1257 1636 1356 1677 filius
1390 1637 1590 1692 promisit,
1626 1650 1701 1676 non
1720 1643 1781 1669 Act·
1802 1643 1823 1671 1.
1844 1644 1867 1671 5.

164 1717 250 1766 post
279 1710 418 1750 multos
446 1710 515 1750 llos
549 1709 653 1760 dies,
697 1709 764 1749 sed
793 1708 1023 1762 simulatque
1057 1707 1351 1747 conscendisset
1382 1706 1420 1746 in
1452 1705 1626 1755 coelum,
1662 1710 1700 1744 ut

163 1779 246 1834 ipse
278 1779 409 1819 definit
442 1778 500 1818 his
535 1778 688 1818 verbis:
732 1780 780 1816 Sl
811 1780 903 1816 enlm
935 1778 1061 1816 abfero
1095 1779 1159 1815 ille
1193 1779 1322 1815 vem'et.
1387 1774 1449 1814 Ac
1478 1774 1639 1814 subinde
1666 1773 1702 1813 in
1717 1779 1902 1807 town-¹1⁵5.

166 1847 378 1888 coenaculo
401 1849 537 1899 repleti
555 1855 644 1886 sunt
663 1850 799 1898 spiritu
820 1854 949 1886 Μαί-[ο
963 1878 972 1893 ,
1007 1860 1087 1884 cum
1113 1861 1161 1884 αι’
1183 1841 1384 1885 Olivarum
1412 1851 1541 1884 monte
1567 1843 1703 1884 rediis-

165 1923 266 1957 sent.
329 1914 449 1970 quue
472 1916 569 1956 adeo
595 1915 652 1956 his
673 1914 803 1955 verbis
827 1915 1018 1970 scriptura
1044 1921 1228 1955 testatur:
1264 1917 1318 1953 Et
1334 1921 1594 1966 apparuerunt
1611 1915 1701 1965 ipsis
1719 1918 1901 1951 Act-2234·

167 1987 318 2037 linguae
341 1988 441 2037 [guis
468 1988 705 2036 (impertitae,
740 1992 775 2023 et
804 1987 931 2023 clmnus
957 1986 1099 2035 repleta
1130 1991 1187 2022 est
1216 1986 1327 2035 quusi
1355 1991 1458 2022 vento
1484 1985 1699 2027 vehementi.

167 2056 376 2106 reseditque
393 2057 550 2105 spiritus
571 2068 685 2105 supra
707 2056 877 2105 singulos
899 2068 1039 2101 eorum,
1066 2060 1104 2092 et
1123 2053 1368 2105 loquebantur
1390 2054 1530 2103 lmguz‘s
1550 2065 1703 2103 maguu—

169 2124 219 2162 lz‘a
240 2125 319 2170 dei,
354 2130 392 2161 et
413 2125 664 2175 unusquelsque
690 2124 820 2173 lingua
846 2137 914 2161 suu
941 2124 1129 2174 loquentes
1156 2124 1241 2160 illos
1270 2122 1466 2161 audiebat:
1501 2128 1612 2159 eruut
1638 2134 1704 2158 au-

170 2199 239 2230 tem
259 2206 306 2230 ex
328 2194 430 2230 omni
447 2194 597 2230 natione
620 2206 713 2243 quae
735 2192 803 2230 sub
825 2193 924 2230 coelo
946 2199 1021 2239 est,
1057 2190 1306 2245 singulosque
1331 2189 1607 2230 consolabatur
1630 2188 1705 2242 spi-

169 2259 266 2301 ritus
303 2266 485 2311 sanctus,
529 2260 726 2315 apostolos
766 2260 917 2314 quidem
951 2259 1111 2300 coelesti
1147 2259 1210 2300 illo
1245 2259 1458 2310 beneficio,
1500 2257 1705 2298 universas

171 2342 265 2370 vero
296 2328 474 2369 nationes
507 2329 659 2369 divinae
697 2328 797 2370 illius
831 2328 1067 2369 admirabilis
1100 2328 1344 2369 institutione
1378 2327 1592 2368 doctrinae.
1656 2324 1707 2365 Et

172 2411 266 2439 vero
293 2398 325 2439 si
349 2397 538 2453 impostor
561 2399 635 2438 iste
657 2396 814 2453 spiritus
837 2397 900 2438 ille
927 2404 1084 2438 sanctus
1106 2404 1235 2449 esset,
1269 2411 1379 2452 quem
1407 2395 1602 2450 discipulis
1628 2395 1706 2449 pol-

173 2465 300 2507 licitus
330 2473 415 2507 erat
440 2465 641 2517 dominus,
677 2474 714 2507 et
743 2466 1001 2521 promissione
1035 2467 1198 2508 fraudati
1227 2465 1502 2506 discessissent
1525 2464 1706 2518 apostoli,

174 2550 258 2576 cum
293 2542 418 2576 tamen
452 2548 473 2574 a
504 2535 682 2585 domino,
717 2536 778 2589 qui
807 2535 959 2576 mentiri
995 2550 1070 2576 non
1105 2542 1252 2591 potest,
1287 2534 1431 2589 pridem
1457 2533 1547 2573 illud
1580 2532 1708 2573 audis-

175 2611 284 2645 sent:
317 2607 524 2656 Acce'pe‘ete's
545 2606 679 2643 donum
702 2607 858 2656 spiritus
882 2608 1023 2654 saneti,
1061 2620 1132 2644 teon
1153 2611 1240 2656 post
1257 2605 1391 2642 multos
1411 2605 1477 2641 hos
1498 2605 1588 2641 (lies.
1643 2599 1705 2641 Ex
1727 2588 1910 2658 ‘mad-2⁵53·

175 2687 248 2728 qno
277 2680 475 2714 veterator
508 2672 569 2713 ille
601 2672 865 2723 convincitur,
899 2673 987 2713 dnm
1016 2671 1214 2714 Christum
1248 2685 1345 2726 quae
1379 2671 1534 2712 dixerat
1564 2684 1707 2725 nequa-

176 2756 287 2796 quam
323 2741 503 2797 implesse
541 2742 738 2782 mentitur.
800 2742 1078 2796 Apostolorum
1118 2741 1253 2796 quippe
1291 2740 1492 2794 generatio
1528 2739 1704 2790 transiit3

177 2810 354 2851 nimirum
379 2825 401 2850 a
422 2808 529 2851 Petri
555 2818 726 2865 tempore
748 2810 793 2851 ad
814 2809 974 2851 Paulum
1000 2818 1039 2851 et
1060 2808 1266 2859 Ioannem,
1301 2809 1363 2862 qui
1388 2809 1434 2849 ad
1459 2822 1579 2863 usque
1604 2807 1707 2848 Tra-

222 2899 253 2934 3.
277 2898 470 2944 οἷναγκάῲαι
493 2904 559 2934 cod.
582 2903 711 2942 Rhediy.
763 2904 855 2934 Verba
885 2901 916 2935 ἐν
1008 2898 1038 2934 4.
1065 2902 1149 2932 Libri
1169 2902 1320 2931 habebant
1340 2900 1403 2942 τῆς
1424 2897 1486 2933 ὑπὸ
1513 2896 1669 2942 οὐρανῶν,

178 2947 226 2990 τῷ
246 2949 357 2979 vitium
370 2950 502 2980 traxisse
517 2952 603 2988 puto,
626 2958 695 2979 cum
707 2950 786 2979 oculi
797 2950 918 2979 librarii
1009 2947 1039 2978 ὀ.
1065 2943 1214 2998 &sp-uvi&
1237 2947 1302 2977 cod.
1324 2947 1451 2987 Rhediy.

180 2993 223 3023 ad
253 2995 345 3024 verba
375 2996 536 3033 proximae
567 2995 664 3026 lineae
699 2995 920 3026 aberraverint.
1012 2990 1043 3024 6.
1069 2992 1241 3035 ληῴεσὸαι
1262 2992 1329 3024 cod.
1348 2993 1477 3032 Rhediy.

183 3039 303 3077 Reperio
321 3040 414 3077 igitur
438 3037 476 3072 ἐκ
498 3040 566 3072 τοῦ.
