2066 3319
513 251 693 283 PANARH
718 250 800 282 ΜΒ.
821 250 860 281 11.
885 250 991 282 ToM.
1013 251 1037 282 1.
1059 250 1188 282 HAER.
1210 250 1332 281 inv.
1618 239 1697 279 337

165 340 224 374 est
244 332 382 373 malum
405 330 494 372 mihi
517 330 720 386 perspicue
743 330 914 370 molitum
945 343 1032 370 esse
1059 336 1280 380 constaret,
1314 336 1428 383 atque
1454 336 1493 369 ut
1517 328 1698 369 inventor

164 402 225 442 ille
254 401 403 456 peccati
428 407 466 441 et
489 399 724 440 architectus
758 398 966 438 excellenti
993 399 1153 452 quadam
1182 397 1332 438 ratione
1364 404 1545 451 peccator
1575 404 1695 447 esset,

165 476 278 523 atque
311 482 398 510 esse
425 467 804 523 deprehenderetur,
841 474 878 506 et
905 480 924 505 a
950 466 1051 507 bono
1085 467 1356 519 seiungeretnr
1388 467 1418 505 is
1453 467 1513 519 qui
1547 466 1699 505 divinae

164 538 237 591 legi
274 537 470 578 contraria
504 542 768 591 procurasset.
835 534 1057 590 Spiritalem
1093 535 1193 575 enim
1227 535 1351 587 legem
1384 547 1471 573 esse
1504 534 1697 584 novimus,

164 606 327 660 ideoque
351 604 494 645 nemini
522 618 608 645 esse
635 603 757 644 fraudi
784 603 858 644 ulla
880 604 917 643 in
940 617 982 643 re
1008 617 1138 658 posse,
1174 616 1258 642 cum
1284 602 1330 641 ab
1355 610 1514 657 experte
1539 602 1700 642 rationis

165 673 372 728 cupiditate
407 674 520 726 longe
555 671 742 727 spiritalia
776 672 908 712 dissita
942 672 1032 711 sint.
1095 674 1179 722 Ego
1207 686 1290 709 vero
1314 673 1479 709 carnalis
1508 686 1608 718 snm,
1645 686 1701 709 ve·
1720 677 1902 712 Rom.7,14.

164 744 362 781 aemulatus
383 743 452 781 sub
476 750 682 793 peccatum.
748 738 870 794 Quasi
897 740 1064 789 diceret,
1099 742 1183 790 Ego
1209 754 1294 777 vero
1319 741 1484 778 earnalis
1508 755 1610 786 seme,
1647 747 1701 779 at-

165 811 299 866 quein
321 811 408 850 mali
433 809 600 863 bonique
625 809 751 850 medio
777 808 948 863 positus,
984 814 1115 862 utpote
1148 807 1267 857 liber,
1302 814 1344 847 ut
1374 807 1474 860 quod
1501 808 1614 847 velim
1647 808 1703 847 in-

165 886 315 933 tegrum
342 878 431 918 mihi
460 878 511 919 sit
536 878 681 932 eligere
714 878 844 930 (Posui
863 880 978 924 enim,
1014 875 1158 930 inquit,
1193 883 1278 914 (mle
1305 876 1440 927 sociem
1467 884 1565 914 tuam
1594 879 1702 914 vitam
1715 888 1801 915 nent,
1812 888 1906 922 30‚15.

166 956 203 987 et
221 947 415 1002 morlem);
451 961 535 987 cum
562 946 601 986 in
622 946 659 986 id
684 946 949 996 inclinassem,
983 951 1023 984 ut
1048 951 1087 984 et
1110 943 1270 999 spiritali
1295 943 1386 997 legi,
1421 944 1493 984 hoc
1517 951 1576 984 est
1599 959 1705 984 man-

166 1017 271 1067 dato,
305 1016 461 1057 minime
482 1029 674 1071 parerem,
704 1021 742 1055 et
764 1021 944 1055 terrenae
966 1028 1010 1054 ac
1033 1027 1118 1053 cum
1141 1012 1327 1052 materiae
1349 1014 1458 1052 l'aece
1481 1020 1704 1063 concretae,

167 1085 239 1126 boc
262 1091 322 1125 est
344 1085 536 1140 serpentis
559 1083 738 1133 monitis,
773 1083 1108 1137 obtemperarem,
1143 1088 1300 1136 propter
1326 1081 1425 1121 hunc
1451 1081 1640 1121 delectum
1669 1081 1706 1120 in

167 1159 365 1209 peceatum
394 1153 596 1207 prolapsus
624 1152 777 1192 diabolo
803 1165 887 1192 sum
915 1150 1111 1191 venditus.
1176 1149 1277 1190 Hinc
1307 1149 1446 1190 malum
1476 1150 1581 1189 velut
1605 1148 1708 1189 obsi-

168 1222 264 1262 dens
288 1221 378 1261 mihi
404 1220 671 1271 adhaerescit,
705 1227 821 1274 atque
847 1220 885 1260 in
916 1233 1033 1260 carne
1058 1233 1165 1269 mea,
1201 1226 1381 1273 tanquam
1406 1218 1443 1258 in
1471 1219 1583 1258 domo
1616 1232 1707 1272 qna—

169 1291 277 1341 dam,
313 1289 478 1340 habitat,
513 1289 832 1343 quemadmodum
868 1289 978 1329 sucus
1006 1287 1151 1328 circum
1185 1288 1292 1328 favos
1326 1301 1438 1341 apum
1464 1286 1632 1326 volitans
1664 1301 1707 1327 ac

168 1359 318 1399 bombis
341 1358 587 1412 obstrepens.
646 1356 744 1398 Mihi
765 1357 894 1411 itaque
918 1356 1053 1397 violati
1077 1355 1245 1396 mandati
1267 1369 1392 1410 poena
1414 1355 1507 1396 haec
1531 1355 1706 1410 imposita

169 1434 251 1479 est,
284 1427 338 1468 uti
363 1427 462 1467 malo
485 1427 764 1481 quodammodo
790 1426 997 1466 venderer.
1060 1423 1274 1479 Propterea
1297 1424 1395 1478 qnod
1423 1424 1522 1463 facio
1548 1438 1624 1464 non
1649 1423 1707 1463 in-

170 1496 324 1550 telligo,
359 1496 444 1535 dum
471 1495 569 1549 qnod
598 1495 687 1535 nolo
715 1494 859 1548 cogito.
923 1492 1031 1533 Haec
1065 1493 1165 1532 enim
1194 1492 1335 1543 verba,
1373 1494 1478 1543 Quod
1494 1494 1603 1545 facio
1633 1507 1704 1531 non
1723 1504 1847 1538 Ronm,
1870 1503 1910 1530 15.

169 1579 374 1616 cognosco,
409 1572 447 1602 et
475 1566 574 1615 quod
600 1566 665 1602 odi
684 1565 813 1617 socio,
850 1576 924 1602 non
951 1562 1006 1602 sic
1034 1561 1256 1616 accipienda
1279 1567 1392 1612 sunt,
1428 1560 1536 1614 qnasi
1568 1560 1707 1600 malum

171 1633 358 1688 perlicere
391 1632 542 1687 penitus
567 1646 612 1672 ac
644 1630 887 1671 committere
913 1630 1085 1681 dicatur,
1119 1630 1185 1669 sed
1217 1629 1262 1669 ad
1286 1629 1407 1669 solam
1434 1629 1708 1683 cogitationem

171 1701 308 1741 referri
335 1714 403 1756 par
434 1707 516 1752 est,
551 1715 634 1740 cum
662 1700 884 1755 plerumque
910 1698 1059 1739 alienae
1091 1698 1203 1738 nobis
1227 1705 1265 1738 et
1291 1697 1482 1738 absurdae
1506 1697 1709 1751 cogitatio-

173 1783 242 1810 nes
263 1769 467 1818 advolent,
503 1776 541 1809 et
565 1771 610 1809 ad
634 1782 679 1809 ea
701 1782 798 1823 quae
824 1768 1002 1808 nolumus
1026 1766 1220 1806 illudendo
1245 1780 1315 1806 nos
1339 1773 1574 1821 provocent,
1610 1766 1708 1819 quod

171 1837 296 1878 anima
330 1837 630 1892 cogitationibus
662 1837 743 1878 suis
775 1850 843 1891 per
873 1835 1020 1876 inlinita
1052 1849 1181 1875 rerum
1213 1848 1360 1889 genera
1392 1834 1642 1875 distrahatur.

282 1904 423 1961 Neque
448 1906 547 1946 enim
572 1905 611 1945 in
640 1906 749 1946 nobis
776 1905 851 1945 ullo
875 1904 987 1945 modo
1013 1904 1128 1944 sitnm
1156 1910 1215 1943 est
1236 1903 1486 1943 abhorrentia
1518 1902 1706 1957 cogitare,
1724 1906 1913 1950 captvn.

175 1974 232 2015 vel
273 1989 349 2014 non
383 1974 580 2029 cogitare,
621 1976 686 2014 sed
715 1974 790 2024 uti,
834 1973 895 2013 vel
926 1987 1001 2013 non
1037 1972 1088 2012 uti
1120 1971 1315 2025 cogitatis.
1377 1969 1480 2011 Nam
1514 1985 1562 2011 ne
1599 1970 1710 2011 nobis

174 2042 390 2084 istiusmodi
413 2042 671 2097 cogitationes
698 2042 885 2097 obrepant
913 2055 1009 2096 quae
1035 2041 1220 2096 probandi
1247 2040 1369 2080 nostri
1397 2053 1535 2080 caussa
1563 2040 1711 2079 extrin-

175 2125 288 2152 secus
313 2111 586 2161 immittuntur,
620 2110 825 2166 prohibere
854 2125 928 2150 non
956 2123 1176 2165 possumus,
1211 2123 1287 2148 non
1308 2108 1489 2148 assentiri
1514 2115 1552 2148 et
1574 2108 1710 2148 oblatis

177 2193 252 2220 non
274 2180 325 2220 uti
347 2193 566 2235 possumus.
630 2179 788 2233 Alioqui
812 2179 1002 2233 quomodo
1025 2178 1178 2218 tandem
1203 2177 1400 2232 apostolus
1423 2177 1576 2227 malum,
1612 2177 1710 2230 quod

177 2248 248 2288 sibi
287 2248 536 2304 displicebat,
577 2247 745 2288 maxime
779 2247 1060 2297 committeret,
1103 2246 1241 2286 malum
1276 2259 1372 2286 vero
1407 2246 1505 2299 quod
1538 2244 1713 2299 placebat

180 2330 422 2371 nequaquam
463 2318 632 2368 laceret,
677 2316 751 2356 nisi
791 2317 836 2357 de
875 2315 1092 2370 peregrinis
1131 2313 1430 2369 cogitationibus
1471 2314 1710 2368 loqueretur,

178 2399 272 2440 quas
296 2385 424 2426 animo
449 2386 677 2440 quandoque
703 2384 764 2426 vel
786 2384 895 2425 inviti
919 2385 1142 2438 incertaque
1167 2383 1277 2423 nobis
1302 2397 1353 2423 cx
1379 2395 1517 2422 caussa
1545 2388 1712 2422 tractare

179 2453 372 2494 solemus?
432 2452 541 2508 Quas
569 2454 720 2508 quidem
743 2459 923 2495 evertere
949 2459 1063 2507 atque
1093 2452 1269 2492 inhibere
1294 2451 1498 2500 convenit,
1532 2463 1580 2489 ne
1603 2449 1713 2489 diffu-

180 2535 247 2563 sae
272 2536 316 2562 ac
339 2522 544 2563 collatatae
571 2529 771 2563 extremos
793 2535 965 2576 quosque
991 2521 1097 2562 velut
1118 2519 1270 2561 animae
1295 2519 1391 2559 fines
1420 2518 1457 2557 in
1482 2524 1711 2572 potestatem

180 2590 372 2645 redigant.
432 2589 574 2645 Neque
595 2590 695 2630 enim
720 2591 801 2631 lieri
827 2597 953 2646 potest
975 2596 1015 2630 ut
1036 2591 1069 2631 si
1090 2590 1180 2630 illae
1204 2588 1403 2628 commode
1426 2585 1710 2637 succreverint,

181 2659 322 2700 bonum
350 2659 389 2699 in
423 2658 535 2699 nobis
568 2659 798 2700 efflorescat.
860 2657 984 2699 Recte
1013 2659 1140 2712 itaque
1173 2656 1322 2697 dicebat
1355 2655 1574 2709 apostolus,
1610 2657 1716 2706 Quod

183 2731 276 2767 enim
297 2729 478 2780 perficio,
512 2742 584 2767 non
610 2742 817 2780 cognosco,·
851 2742 922 2767 non
947 2730 1040 2766 enim
1066 2729 1165 2779 quod
1190 2727 1269 2764 volo
1292 2726 1415 2775 Ιὶιείο,
1448 2726 1515 2763 sed
1534 2726 1632 2776 quod
1654 2725 1718 2762 odi

184 2797 379 2850 hocsacz'o.
443 2794 634 2837 Volumus
656 2797 793 2851 quippe
816 2810 861 2837 ea
884 2809 980 2851 qnae
1007 2794 1162 2835 minime
1187 2792 1438 2841 conveniunt,
1472 2805 1644 2846 quaeque
1668 2792 1713 2831 il-

185 2863 287 2905 licita
311 2870 420 2915 sunt,
454 2878 503 2905 ne
530 2864 702 2919 cogitare
734 2864 901 2919 quidem.
965 2862 1059 2904 lllnd
1092 2863 1194 2902 enim
1220 2862 1429 2915 perfectum
1463 2861 1613 2901 demum
1645 2859 1711 2899 bo-

187 2945 276 2972 num
302 2939 376 2984 est,
410 2932 509 2987 quod
533 2947 609 2973 non
633 2933 747 2974 modo
770 2947 792 2973 a
812 2932 1086 2988 perpetrando,
1120 2930 1187 2971 scd
1211 2935 1247 2969 et
1269 2929 1473 2983 cogitando
1494 2929 1594 2970 malo
1617 2936 1711 2969 tem—

187 3007 310 3056 perat.
370 2999 423 3040 Et
449 3004 547 3054 quod
571 3003 702 3041 bonum
730 3004 915 3048 volumus,
952 3011 1190 3053 nequaquam
1224 2997 1405 3048 efficitur,
1438 3001 1503 3037 sed
1528 3000 1625 3050 qnod
1648 3012 1712 3036 ηο-

189 3070 308 3108 lumus
328 3071 476 3108 malum.
522 3068 720 3124 Siquidem
743 3070 870 3111 animo
895 3075 1027 3109 nostro
1057 3068 1277 3120 trequentes
1299 3065 1486 3118 incidunt,
1520 3080 1564 3107 ac
1578 3065 1640 3107 vel
1655 3065 1712 3105 in-

258 3134 374 3171 (ἔοι-ρας
391 3135 565 3164 naen-escol.
590 3133 629 3164 11.
647 3136 673 3163 2.
1391 3137 1444 3178 22
