2066 3319
492 218 671 252 PANARll
698 218 780 250 LlB.
807 218 848 250 11.
875 218 980 251 TOM.
1003 219 1043 250 11.
1072 218 1200 250 HAER.
1223 218 1347 251 LXVI.
1607 208 1687 248 427

150 317 171 342 a
202 314 244 342 se
274 299 473 356 praedicat
504 305 770 354 propugnator
801 298 928 353 potius
964 312 1007 338 ac
1038 299 1221 339 defensor
1248 305 1428 354 apparet,
1465 304 1688 352 tantumque

149 369 261 410 abest
283 375 324 409 ut
346 367 450 408 illam
476 366 616 417 oderit,
651 373 690 406 ut
714 366 919 406 amicitiam
947 381 1098 421 quoque
1123 382 1207 407 cum
1233 381 1275 406 ea
1301 367 1687 421 communionemque

148 435 348 491 suscipiat.
410 434 512 476 Nam
537 442 576 475 et
596 434 850 475 substantiam
878 434 941 474 ille
966 435 1120 486 tribuit,
1155 442 1194 474 et
1217 442 1415 474 aeternam
1442 449 1527 476 esse
1555 436 1688 476 del'en-

148 505 227 556 dit,
273 517 318 544 ac
354 517 438 544 cum
475 504 547 543 deo
583 516 737 557 semper
774 516 887 554 esse,
935 516 1005 542 nec
1045 516 1210 557 unquam
1250 502 1430 542 desinere
1470 504 1685 558 profitetur.

147 571 272 614 Porro
299 586 385 612 cum
410 571 447 611 in
478 571 581 611 omni
617 570 875 625 disputatione
907 571 1026 612 variis
1056 571 1157 611 illam
1191 570 1410 611 nominibus
1444 572 1632 625 appellet,
1666 586 1687 611 a

147 640 313 682 veritate
337 639 468 695 procul
493 639 678 679 aberrare
702 639 1028 694 deprehendetur,
1062 653 1146 679 cum
1175 652 1226 678 ex
1254 638 1379 678 allatis
1403 639 1449 678 ab
1475 639 1558 694 ipso
1582 640 1687 680 testi-

147 710 286 750 moniis
310 707 453 762 liquido
478 707 698 748 eonstiterit
722 707 898 762 quicquid
922 721 941 747 a
967 707 1037 747 deo
1062 706 1256 747 eonditum
1286 713 1345 746 est
1376 706 1474 748 bene
1506 722 1550 748 ac
1582 715 1688 749 recte

146 777 267 819 fuisse
298 783 560 832 procreatum.

258 845 388 899 Atque
411 844 503 885 illud
527 843 688 899 primum
711 843 917 884 videndum
938 849 1013 895 est,
1041 843 1140 897 quod
1165 856 1249 883 eam
1274 844 1475 884 materiam
1497 844 1685 895 nominat,
1731 841 1824 919 ,ἓῖξῇ

147 915 181 955 id
211 914 310 969 quod
341 926 393 953 ex
426 913 527 953 illius
557 912 750 953 sententia
784 912 883 952 idem
919 918 978 952 est
1006 925 1049 951 ac
1082 911 1294 966 corruptio.
1359 910 1506 952 Verum
1539 913 1570 952 si
1603 927 1688 952 cor-
1830 913 1837 919 ‘

146 983 273 1038 ruptio
296 982 369 1033 sit,
405 981 513 1021 euius
535 980 610 1020 erit
638 980 790 1020 tandem
814 979 1039 1035 corruptio?
1099 978 1143 1020 Si
1167 979 1328 1020 aliorum
1355 987 1429 1030 est,
1463 987 1690 1021 constanter

145 1050 229 1106 ipsa
254 1063 441 1100 manens,
475 1048 694 1088 iamdudum
723 1048 851 1088 omnia
880 1061 1132 1103 corrumpere
1155 1047 1307 1099 debuit,
1342 1062 1386 1088 ac
1412 1048 1494 1089 sola
1524 1056 1599 1089 tam
1632 1049 1689 1089 in-

146 1119 252 1160 finito
281 1125 456 1173 tempore
481 1116 723 1167 consistere,
759 1117 845 1156 dum
874 1116 1013 1157 virium
1045 1130 1200 1157 suarum
1226 1117 1489 1157 efficacitatem
1522 1119 1687 1168 exserit,

147 1201 220 1228 nec
241 1186 287 1227 ab
310 1186 387 1227 ullo
409 1185 666 1227 rescinditur:
702 1185 734 1226 si
758 1199 853 1225 vero
880 1184 1022 1225 suimet
1042 1185 1163 1240 ipsius
1187 1192 1247 1226 est
1269 1186 1482 1241 corrupti0‚
1517 1200 1689 1227 corrum-

147 1269 242 1311 pens
275 1269 320 1296 ae
351 1255 584 1310 perdomans
612 1267 700 1294 sese
730 1260 769 1294 et
799 1267 1032 1294 consumens
1069 1268 1113 1294 ae
1146 1254 1311 1309 perdens
1344 1254 1483 1309 peribit
1518 1255 1686 1305 tandem,

148 1337 274 1379 neque
296 1324 499 1373 consistet,
529 1337 613 1363 cum
637 1323 696 1363 sui
718 1322 1043 1377 consumptrieem
1063 1336 1107 1363 ac
1131 1322 1411 1378 corruptricem
1434 1323 1510 1363 vim
1532 1323 1685 1364 habeat.

147 1392 259 1447 Quae
285 1406 370 1432 cum
397 1392 447 1431 ita
470 1392 569 1442 sint,
605 1405 767 1445 quanam
792 1391 942 1431 ratione
970 1398 1075 1431 tanto
1101 1398 1299 1446 tempore,
1332 1399 1372 1432 ut
1394 1392 1456 1433 ille
1482 1393 1689 1434 circulator

147 1461 313 1511 asserit,
358 1460 482 1515 potuit
517 1459 718 1500 existere?
778 1458 993 1500 Praeterea
1027 1474 1098 1500 nec
1137 1460 1250 1500 ullam
1289 1460 1446 1501 omnino
1486 1476 1570 1501 cum
1610 1462 1689 1503 vita

149 1528 462 1570 communionem
495 1528 637 1568 hahere
665 1527 829 1583 poterit,
864 1542 988 1583 neque
1017 1544 1102 1570 cum
1127 1542 1172 1569 ea
1204 1535 1270 1569 aut
1294 1543 1378 1569 cum
1403 1529 1577 1570 bonitate
1603 1545 1690 1571 ver-

147 1598 310 1638 sabitur.
376 1595 456 1636 lam
488 1611 582 1637 vero
616 1611 700 1637 cum
726 1595 764 1636 in
797 1611 1028 1651 unaquaque
1061 1604 1280 1638 creatarum
1315 1611 1467 1649 rerum,
1502 1613 1596 1653 quas
1627 1600 1689 1640 ille

149 1667 359 1721 vituperat,
394 1665 578 1705 bonitatis
601 1665 692 1705 insit
715 1665 879 1719 aliquid,
915 1672 994 1706 tota
1020 1666 1103 1706 eius
1128 1666 1174 1706 de
1199 1666 1345 1706 malitia
1369 1667 1576 1722 disputatio
1599 1682 1690 1709 con-

146 1735 247 1775 eidat
267 1747 431 1775 necesse
451 1741 526 1785 est,
559 1747 606 1774 eo
626 1734 726 1788 quod
751 1734 911 1774 alterius
934 1733 1087 1775 illorum
1110 1749 1207 1789 qnae
1231 1737 1549 1777 commemoravit
1572 1751 1690 1792 quae-

145 1804 230 1844 dam
250 1803 301 1844 sit
323 1816 408 1843 cum
434 1802 557 1843 altero
579 1802 773 1852 societas,
808 1809 847 1842 ut
872 1802 918 1842 de
940 1803 1202 1858 serpentibus,
1241 1803 1460 1858 ceterisque
1484 1806 1687 1847 venenatis

144 1871 281 1913 bestiis
314 1871 490 1911 nonnihil
526 1871 690 1911 dicatur.
752 1869 862 1911 Haec
897 1871 998 1911 enim
1030 1871 1181 1923 omnia,
1226 1887 1324 1927 quae
1356 1874 1402 1914 ab
1436 1875 1500 1915 illo
1532 1874 1688 1915 nomine

145 1940 229 1995 ipso
254 1939 539 1994 vituperantur,
574 1940 618 1980 ad
645 1954 754 1980 usum
781 1939 946 1994 aliquem
972 1940 1253 1996 utilitatemque
1281 1951 1483 1996 procreata
1511 1950 1616 1994 sunt,
1651 1950 1689 1984 et

145 2009 184 2049 in
209 2007 266 2048 his
290 2007 378 2048 mali
403 2008 614 2048 remedium
639 2008 850 2059 invenitur,
886 2009 986 2063 quod
1013 2009 1058 2049 ad
1086 2018 1288 2065 serpentes
1312 2012 1538 2067 reliquaque
1561 2012 1596 2052 id
1621 2026 1687 2067 ge-

147 2091 219 2118 nus
243 2076 442 2117 convenit.
506 2075 572 2117 Ex
595 2076 731 2117 iisdem
757 2077 858 2117 enim
889 2077 1002 2118 letale
1029 2077 1137 2119 virus
1168 2088 1206 2119 et
1237 2089 1373 2121 contra
1401 2088 1565 2121 mortem
1590 2080 1688 2121 infli-

147 2153 325 2199 ctamque
360 2145 406 2185 ab
438 2145 533 2200 ipsis
562 2145 686 2185 labem
721 2146 932 2186 remedium
965 2146 1012 2187 ab
1045 2147 1091 2187 iis
1126 2148 1189 2202 qui
1226 2148 1321 2190 laesi
1354 2157 1445 2190 sunt
1477 2149 1685 2204 colligitur.

148 2211 216 2255 Sic
238 2214 320 2254 dies
354 2214 505 2268 quidem
536 2214 712 2254 humanis
739 2222 799 2254 est
831 2215 1064 2256 exercendis
1098 2216 1280 2271 operibus
1314 2217 1546 2270 constituta,
1578 2218 1687 2258 euius

143 2282 333 2323 beneficio
361 2282 639 2323 collustrantur
669 2296 713 2322 ac
740 2283 966 2324 discernunt
993 2284 1137 2325 omnia.
1200 2284 1280 2327 Sed
1306 2294 1340 2328 et
1368 2301 1470 2338 noaz,
1505 2286 1565 2327 cui
1597 2301 1685 2342 pro-

143 2351 300 2392 brosum
331 2350 422 2391 illud
451 2364 592 2392 nomen
620 2351 817 2402 attribuit,
852 2353 897 2393 ad
925 2352 1119 2394 hominum
1149 2354 1316 2409 quietem
1347 2363 1406 2396 est
1437 2370 1456 2395 a
1489 2356 1560 2396 deo
1593 2370 1684 2396 con—

144 2433 270 2460 cessa.
333 2420 466 2474 Atque
487 2420 541 2460 ita
566 2419 775 2475 quamlibet
795 2434 924 2461 rerum
952 2422 1121 2463 omnium
1146 2423 1287 2464 bonam
1313 2438 1400 2465 esse
1426 2425 1681 2479 reperiemus,

144 2502 268 2544 neque
295 2502 317 2529 a
347 2489 518 2544 peccatis
545 2488 689 2530 nostris
717 2503 805 2531 esse
831 2489 1177 2544 denominandam,
1212 2500 1277 2534 aut
1301 2493 1433 2534 eadem
1467 2507 1551 2534 eum
1583 2495 1683 2535 malo

144 2557 402 2614 appellatione
434 2559 686 2599 censendam.

259 2624 361 2667 Sunt
383 2627 483 2667 enim
505 2627 605 2668 bona
631 2641 675 2668 ac
697 2627 863 2669 iucunda
886 2642 1046 2684 prorsus
1071 2630 1216 2681 omnia,
1250 2644 1374 2685 neque
1399 2631 1602 2686 quicquam
1623 2640 1685 2674 est
1731 2645 1811 2688 cap.

145 2696 244 2751 quod
270 2695 520 2736 reiieiendum
547 2697 738 2737 videatur.
802 2695 915 2752 Quod
950 2711 1001 2738 ex
1027 2699 1086 2740 his
1111 2699 1242 2739 verbis
1276 2706 1458 2754 apparet:
1503 2704 1554 2741 Et
1582 2718 1678 2751 ecce,
1708 2691 1830 2723 XV111.

144 2823 231 2862 vius,
264 2823 346 2862 quod
373 2824 467 2854 etiam
490 2824 659 2856 Cornarius
692 2825 814 2856 videtur
836 2834 890 2857 υο-
938 2828 1006 2865 tae,
1031 2829 1083 2856 aul
1109 2826 1261 2856 bonilatis.

145 2868 235 2900 luisse
268 2870 500 2908 (interpretatus
519 2873 562 2902 est
581 2872 680 2901 enim.-
711 2881 817 2913 neque
842 2870 890 2902 si-
982 2870 1012 2904 4.
1045 2873 1090 2902 lta
1118 2872 1292 2903 emendavit
1312 2873 1469 2906 Petovius.
1515 2875 1600 2907 Libri
1624 2877 1680 2907 ha-

146 2911 211 2944 mul
236 2924 307 2945 cum
332 2913 419 2953 vita,
444 2925 549 2958 neque
571 2927 642 2947 cum
663 2915 811 2948 bonitate
833 2928 888 2948 re-
937 2918 1002 2948 benc
1028 2915 1060 2949 ἐν
1082 2914 1220 2953 ἑαυτοῖς.

146 2957 324 3002 pendetur),
373 2964 398 2992 et
436 2963 579 3000 probavit
614 2963 788 2994 Gatakerus
823 2964 842 2994 l.
869 2965 887 2995 l.
981 2963 1011 2994 5.
1048 2964 1093 2993 lea
1116 2963 1317 2995 emendarunt
1344 2965 1512 2999 Carnarius
1539 2970 1566 2999 et
1590 2969 1679 3001 Peta-

143 3003 262 3045 p.799.
310 3008 345 3037 At
364 3007 524 3038 retinenda
546 3009 693 3039 librorum
712 3010 888 3047 scriptura;
936 3010 1013 3040 vius.
1060 3003 1190 3049 ἦμέραν
1214 3010 1306 3049 vulgo
1326 3014 1418 3042 extat.

145 3051 248 3090 differt
269 3052 350 3082 enim
370 3061 432 3083 una
455 3062 516 3084 esse
538 3063 608 3085 cum
626 3056 690 3086 vita
711 3057 738 3086 ec
758 3063 821 3086 esse
840 3056 887 3086 vi·
978 3052 1008 3086 6.
1036 3054 1184 3093 Suspicor
1207 3051 1381 3097 εὑρίσκειν.
