2056 3298
531 139 709 172 mnan
737 140 817 171 Lm.
838 142 876 172 n.
901 142 1007 173 Toxi.
1031 144 1054 173 1.
1081 142 1209 173 naen.
1230 143 1383 174 xevm.
1672 135 1725 174 39

187 217 285 271 quod
318 217 378 257 vel
407 218 601 258 auditione
629 226 890 272 compertum,
937 220 996 260 vel
1030 221 1190 262 aliorum
1221 223 1374 277 scriptis
1403 222 1616 278 proditum,
1663 224 1723 263 vel

187 285 457 325 nonnullorum
484 286 545 340 qui
573 287 682 326 fidem
709 287 819 327 nobis
844 288 1025 327 fecissent
1050 289 1318 329 testificatione
1345 292 1538 343 cognitum
1563 291 1724 331 liabere-

186 367 293 403 muS,
328 367 375 393 ne
398 354 429 393 si
455 354 560 408 plura
586 369 696 408 qnam
727 369 823 409 quae
847 355 1064 409 accepimus
1091 357 1273 396 mandare
1297 359 1450 412 scriptis
1474 359 1650 409 velimus,
1685 360 1721 399 in

186 435 267 460 eam
299 421 556 475 suspicionem
591 422 728 462 merito
755 423 980 471 veniamus,
1027 438 1142 477 prava
1179 439 1247 463 nos
1275 426 1458 478 quaedam
1494 435 1529 465 et
1558 427 1722 467 absurda

185 502 230 528 eo
253 489 490 528 conlinxisse
513 491 654 540 studio,
683 498 722 530 ut
746 492 789 530 ad
813 491 1094 531 baereticorum
1119 492 1298 531 invidiam
1326 492 1370 531 iis
1393 494 1718 548 adscriberemus,

183 557 394 611 eodemque
419 571 492 611 quo
518 558 567 597 illi
592 559 752 598 crimine
776 566 977 598 teneamur
1003 559 1064 612 qui
1091 558 1172 599 veri
1200 560 1289 599 nibil
1315 561 1494 610 afferunt,
1529 564 1595 602 sed
1625 579 1722 617 quae

183 639 376 679 nunquam
398 632 464 665 aut
485 626 675 666 audierint
699 634 764 666 aut
789 626 956 666 viderint
980 635 1045 666 aut
1067 641 1251 681 germana
1277 627 1435 682 spiritus
1460 633 1581 670 sancti
1607 633 1722 672 ‹lisci-

181 693 283 747 plina
306 693 531 745 didicerint,
566 695 603 734 in
630 695 793 734 medium
819 695 1024 735 adducunt.
1089 693 1186 734 Cum
1213 695 1330 748 igitur
1353 704 1556 747 accurate,
1593 699 1644 738 uti
1668 701 1721 740 di-

179 760 334 811 ximus,
382 762 508 802 omnia
533 777 630 816 quae
662 763 707 803 ad
734 776 1042 817 unamquamque
1069 771 1239 817 spectant
1269 763 1445 803 haeresin
1469 768 1722 820 ‹zuinpreben—

180 829 336 881 damus,
371 831 467 871 adeo
492 839 531 870 ut
554 831 653 885 quod
678 831 714 870 in
739 829 813 871 illis
837 831 1045 870 exitiosum
1069 838 1129 870 est
1152 845 1195 870 ac
1219 832 1442 886 pestiferum
1466 834 1511 872 ad
1535 833 1720 876 lectorum

180 899 488 938 emendationem
515 899 792 952 significemus,
828 905 865 938 et
888 899 931 938 ad
955 899 1044 939 illud
1070 900 1193 953 ipsum
1216 900 1513 954 propulsandum
1540 903 1674 956 partim
1700 918 1720 944 e

178 965 404 1019 scripturis,
447 966 583 1021 partim
616 981 667 1006 ex
700 974 806 1006 recta
838 967 987 1007 ratione
1021 968 1126 1007 velut
1157 968 1475 1008 medicamentum
1507 972 1721 1012 confeceri-

177 1048 283 1085 mus;
316 1034 425 1075 cuius
449 1042 555 1075 esset
578 1035 845 1090 opportunitas
869 1035 1026 1090 duplex,
1063 1043 1157 1076 utet
1178 1036 1263 1090 quia
1289 1050 1332 1075 ea
1360 1037 1592 1091 contagione
1613 1040 1718 1080 labo-

175 1110 333 1152 rarent,
368 1103 415 1143 iis
440 1103 550 1143 lectis
581 1104 626 1143 ab
653 1103 756 1143 omni
782 1104 933 1158 penitus
962 1104 1096 1144 morbo
1123 1118 1167 1144 ac
1193 1112 1265 1144 tam
1290 1105 1522 1146 intolerabili
1546 1109 1719 1150 cruciatu

177 1171 470 1221 relevarentur,
515 1178 554 1212 et
585 1171 648 1226 qui
680 1172 868 1212 immunes
902 1171 1088 1212 hactenus
1116 1173 1302 1224 fuissent,
1349 1187 1395 1213 eo
1427 1175 1472 1214 ad
1501 1176 1718 1218 cautionem

176 1247 392 1280 uterentur.
456 1239 564 1291 Hoc,
600 1241 776 1294 inquam,
813 1240 988 1280 veritatis
1011 1241 1331 1281 medicamentum
1355 1242 1440 1282 dum
1467 1244 1718 1297 prudentibus

175 1316 540 1363 repraesentamus,
585 1308 622 1349 id
649 1309 820 1363 agimus,
856 1315 896 1349 ut
921 1309 1194 1364 discipulorum
1221 1308 1367 1350 Christi
1393 1311 1568 1366 discipuli
1596 1315 1718 1354 nomi-

175 1390 332 1428 nemur,
377 1384 416 1417 et
448 1377 560 1418 huius
592 1377 688 1418 adeo
721 1377 865 1433 ipsius,
911 1377 973 1432 qui
1001 1385 1061 1418 est
1085 1392 1289 1434 corporum
1317 1379 1610 1436 animorumque
1635 1396 1718 1423 ser-

173 1453 302 1487 vator.

285 1513 404 1556 Nunc
427 1521 675 1570 posteaquam
700 1514 795 1555 satis
822 1528 1014 1570 superque
1039 1514 1074 1554 in
1103 1515 1172 1555 hac
1197 1515 1427 1556 confutanda
1451 1517 1604 1558 haeresi
1628 1534 1716 1560 ver-

174 1583 247 1623 sati
281 1583 442 1634 fuimus,
488 1583 699 1638 opitulante
726 1580 884 1623 Christo
917 1584 962 1623 ad
992 1590 1143 1623 ceteras
1169 1585 1461 1637 aggrediamur,
1507 1601 1715 1643 earumque

173 1651 302 1702 virus,
348 1652 418 1692 boc
446 1658 507 1692 est
531 1651 705 1692 liamatos
730 1659 1024 1706 venenatosque
1052 1652 1210 1701 dentes,
1253 1653 1428 1693 veritatis
1457 1669 1553 1708 quae
1585 1664 1646 1696 est
1677 1659 1714 1698 in

171 1734 286 1760 cruce
317 1721 423 1760 velut
455 1720 619 1774 quodam
654 1720 752 1760 fuste
785 1720 1105 1760 comminuamus.
1170 1718 1295 1773 Quam
1328 1722 1429 1762 enim
1458 1723 1711 1776 subiecimus,

171 1787 492 1829 Haemorrboeae
520 1787 679 1842 viperae
706 1787 841 1829 similis
869 1796 949 1838 est,
993 1788 1101 1829 cuius
1130 1789 1236 1829 virus
1265 1803 1308 1830 ea
1336 1790 1371 1830 vi
1399 1792 1609 1845 praeditum
1637 1802 1711 1845 est,

171 1864 211 1897 ut
232 1870 364 1897 eorum
393 1870 488 1910 quos
510 1857 762 1896 momorderit
785 1871 935 1897 omnem
962 1871 982 1897 e
1007 1857 1234 1912 corporibus
1256 1859 1481 1912 sanguinem
1506 1869 1711 1914 excernat,

169 1925 299 1979 itaque
321 1924 514 1965 conficiat.
571 1924 683 1978 Quod
704 1924 829 1980 ipsum
852 1923 1191 1978 Quintillianorum
1216 1934 1386 1981 praestat
1408 1928 1598 1970 haeresis.
1650 1929 1713 1971 ln-

171 1994 347 2034 noeentis
379 1993 481 2034 enim
513 1993 661 2048 pueruli
694 1994 878 2034 confosso
912 2008 1075 2049 corpore
1107 1994 1337 2049 sangninem
1368 2011 1519 2037 omnem
1548 1999 1710 2055 excipit,

170 2076 245 2116 quo
269 2062 306 2102 in
330 2061 573 2102 celebrandis
595 2061 945 2117 participandisque
970 2063 1166 2118 mysteriis
1189 2064 1234 2104 ad
1258 2064 1620 2107 circumveniendos
1646 2068 1712 2108 ho-

170 2130 292 2170 mines
325 2129 474 2170 nelarie
505 2129 690 2170 abutitur.

281 2197 488 2239 Postremo
514 2205 718 2252 autequam
747 2212 818 2239 nos
844 2196 990 2240 Christi
1013 2200 1184 2254 potentia
1212 2200 1300 2240 freti
1322 2202 1366 2241 ad
1388 2202 1556 2256 reliquas
1581 2204 1710 2245 accin-

169 2281 330 2322 gamus,
373 2267 474 2307 illius
513 2267 716 2307 veritatem
751 2266 1023 2322 imploremus,
1069 2276 1109 2309 ut
1142 2269 1289 2310 erroris
1324 2270 1510 2324 cuiusque
1542 2273 1709 2328 vestigia

168 2335 418 2385 subodorati‚
463 2335 634 2376 eiusdem
668 2344 865 2390 comperta
893 2336 1130 2391 disiectaque
1163 2337 1223 2388 vi,
1266 2338 1337 2379 deo
1370 2339 1406 2378 in
1433 2340 1608 2381 omnibus
1641 2357 1709 2396 pro

169 2418 216 2444 eo
246 2419 290 2445 ac
321 2404 492 2445 solemus
521 2404 686 2459 gratiam
721 2403 946 2446 habeamus.

213 2529 243 2562 9.
269 2532 316 2563 lta
338 2532 479 2570 supplevi
499 2532 574 2562 haec
594 2532 686 2561 verba
700 2555 708 2569 ,
734 2532 919 2562 Camurium
1016 2532 1063 2563 10.
1083 2530 1139 2565 τὸν
1157 2529 1296 2565 ‘simron
1310 2530 1467 2575 ἐμβάλλει
1482 2543 1548 2573 eya,
1562 2545 1630 2566 cum
1645 2538 1707 2566 Ga-

167 2579 258 2616 arque
280 2578 441 2607 Perat-inm
454 2581 586 2615 seculus,
611 2578 721 2615 quibus
740 2577 915 2616 adstiputa-
962 2579 1075 2609 tahero.
1125 2577 1172 2615 εἰς
1193 2575 1248 2611 τᾶν
1274 2576 1413 2610 ξένα-,ον
1436 2576 1592 2621 ἐμβάλλει
1618 2582 1707 2612 Pela-

167 2625 216 2652 ωε
234 2626 277 2653 est
293 2623 467 2653 Gatakerus
487 2631 603 2661 quoque
620 2624 698 2661 Opp.
716 2623 786 2653 Crit.
799 2632 828 2661 p.
840 2621 914 2655 796.
961 2626 1038 2655 vius.
1072 2621 1127 2656 τὸν
1147 2622 1284 2656 ἰοί-ἀῖον
1301 2621 1455 2667 ἐκβάλλει
1472 2626 1542 2656 libri
1555 2629 1617 2657 tam
1632 2629 1706 2658 scri-

167 2669 249 2699 Nam
268 2664 305 2700 τὸ
330 2665 414 2707 αἷμα
430 2671 461 2698 in
482 2669 566 2698 libris
586 2678 645 2698 non
664 2671 755 2697 extol.
787 2669 818 2698 ln
836 2677 918 2707 seqq.
959 2673 1031 2709 ptus
1054 2679 1148 2709 quam
1172 2670 1253 2699 editi.

166 2722 222 2751 pro
245 2710 333 2755 λύμη
353 2714 400 2744 ed.
414 2714 520 2745 Petav.
538 2715 644 2744 vitiose
661 2711 749 2756 λύμῃ
768 2715 914 2753 scriptum
1010 2715 1059 2746 11.
1087 2712 1335 2758 {pazt-risoria<
1357 2715 1423 2746 cod.
1448 2717 1577 2757 Rhediy.

169 2758 268 2789 habet.
