2066 3319
194 586 260 614 pag.
278 578 336 607 522.

186 1325 273 1369 Κεφ.
293 1324 334 1369 γ’.

196 2640 262 2669 pag.
282 2633 340 2660 523.

357 212 436 250 224
920 217 1079 250 SANCT1
1101 219 1327 251 EPIPHANH

355 293 480 347 ὄνομα
508 294 728 335 ἐπισκόπου
755 295 810 342 εἰς
839 293 958 346 μέσον
987 295 1150 350 ἔφερον,
1183 297 1224 338 ἐν
1248 295 1356 338 πόλει
1383 300 1502 353 μικρᾷ
1531 300 1599 348 τῆς
1624 298 1886 350 Παλαιστίνης

355 361 422 403 τόν
449 365 519 402 τοῦ
543 359 762 403 ἐπισκόπου
785 366 930 416 κλῆρον
958 363 1022 404 ἐπὶ
1052 365 1201 412 ἱκανοῖς
1231 365 1329 405 ἔτεσι
1356 363 1648 417 διοικήσαντος,
1679 363 1886 417 ἐσχηκότος

355 430 397 470 δὲ
421 427 603 478 τοιαύτας
634 435 823 485 γυναῖκας
853 431 1211 485 ἐξυπηρετουμένας
1240 430 1365 489 αὐτῷ,
1404 433 1506 485 φημὶ
1531 431 1571 472 δὲ
1602 430 1883 481 συνειςάκτους.

353 495 463 538 Ἀλλά
497 499 564 539 καὶ
599 499 637 547 ἐξ
675 495 923 553 ὁμολογητῶν
960 497 1028 540 τόν
1059 503 1236 541 τοιοῦτον
1275 498 1369 541 ὄντα
1399 503 1568 553 οἴδαμεν.
1629 497 1769 552 ’Όμως
1805 505 1887 549 τοῖς

356 564 532 621 εἰρηκόσι
553 570 690 617 τοῦτο,
720 567 785 607 καὶ
815 563 892 607 ἀπὸ
917 570 994 607 τῶν
1022 570 1220 622 γυναικῶν
1246 565 1453 621 ἀκηκοέναι
1481 566 1720 620 φάσκουσιν,
1750 566 1797 609 οὗ
1818 584 1882 609 πε-

355 633 626 687 πιστεύκαμεν.
685 631 821 689 Ἡγάρ
848 631 998 689 ἀνάγκη
1020 639 1088 688 τῆς
1107 640 1185 677 τῶν
1207 634 1418 691 εἰρηκότων
1437 637 1699 690 κακοτροπίας
1717 633 1882 689 ὑπέβαλ-

354 707 416 743 λεν
440 699 536 755 ἡμῖν
558 702 651 744 ποτὲ
676 702 745 755 μὲν
765 701 977 753 πιστεύειν,
1008 703 1101 744 ποτὲ
1124 703 1165 744 δὲ
1185 702 1238 756 μή
1267 703 1478 755 πιστεύειν,
1509 704 1573 745 ἐπὶ
1593 701 1664 756 τὴν
1691 707 1762 745 τοῦ
1788 720 1883 759 προ·

355 771 560 826 ειρημένου
593 771 775 826 γέροντος
799 769 1016 812 ἐπισκόπου
1045 770 1139 824 μετά
1170 770 1241 825 τὴν
1271 769 1391 813 αὐτοῦ
1416 770 1590 825 τελευτὴν
1619 774 1884 825 κακοφημίαν.

353 836 401 880 Ἡ
427 837 500 894 γάρ
537 840 640 880 αἰτία
672 836 698 892 ἦ
730 840 784 887 εἰς
815 837 935 880 αὐτόν
961 837 1153 890 φθάσασα
1181 838 1341 894 τοιαύτη
1364 857 1420 889 τις
1448 841 1616 895 γέγονεν.
1674 836 1798 881 Ἑάλω
1827 857 1885 889 τις

355 911 533 956 τοιοῦτος
555 908 619 949 ἐπὶ
643 905 811 963 ἁμαρτία
832 905 1032 962 γυναικὸς,
1062 908 1129 949 καὶ
1153 905 1206 956 ῶς
1226 906 1399 963 ἠλέγχετο
1423 906 1491 960 ’ὑφ’
1513 906 1638 962 ἡμῶν,
1669 905 1884 964 ἀπολογίαν

356 975 501 1029 ταύτην
535 977 692 1031 ἔφερεν,
725 973 778 1024 ὥς
803 980 873 1029 τῆς
902 978 1202 1031 συμφθαρείσης
1227 974 1331 1033 αὐτῷ
1356 975 1560 1031 γυναικός,
1590 978 1714 1018 καίτοι
1738 992 1779 1032 γε
1807 973 1884 1030 ἤδη

355 1045 675 1098 πεπαλαιωμένης
697 1041 764 1085 τόν
785 1042 924 1098 χρόνον
947 1044 1014 1085 καὶ
1044 1045 1084 1085 ἐν
1111 1041 1240 1102 ἡλικία
1260 1045 1428 1101 γηραλέα
1453 1042 1723 1099 ὑπαρχούσης,
1754 1042 1885 1086 εἰπού-

356 1127 425 1166 σης
449 1111 554 1170 αὐτῷ
582 1111 653 1166 την
673 1117 742 1166 τῆς
773 1115 1039 1167 κακοπραγίας
1063 1113 1265 1167 ἐργασίαν,
1299 1110 1353 1161 ῶς
1376 1116 1547 1168 χρῆσθαι
1569 1112 1639 1166 μὲν
1663 1111 1784 1155 αὐτὸν
1809 1113 1883 1155 ε’δί-

357 1184 518 1232 δασκεν,
550 1182 697 1231 ἔξωθεν
720 1181 761 1222 δὲ
783 1179 851 1230 τοὶς
874 1179 1051 1235 μυσαρὰς
1076 1178 1197 1222 αὐτοῦ
1221 1178 1320 1235 ῥυάς
1344 1182 1406 1222 ἐπὶ
1431 1185 1503 1236 γῆς
1527 1179 1799 1232 διασκεδάζειν.

474 1319 554 1359 Καὶ
576 1316 674 1370 αὕτη
704 1317 773 1370 μὲν
796 1315 823 1370 ἦ
845 1315 992 1358 τούτων
1019 1315 1174 1371 μυσαρά
1198 1318 1298 1358 ἐστιν
1323 1318 1498 1372 ἐργασία,
1535 1316 1603 1360 τὸν
1631 1321 1728 1360 νοῦν
1756 1315 1885 1359 αὐτῶν

358 1385 564 1436 ἀπατῶσα,
595 1386 662 1426 καὶ
686 1387 727 1427 ἐκ
747 1383 936 1438 διαβόλου
961 1385 1243 1438 τετυφλωμένη.
1294 1379 1370 1426 {Qu
1393 1384 1462 1434 τάς
1493 1388 1726 1440 μαρτυρίας,
1756 1383 1805 1427 δι’
1829 1379 1885 1427 ῶν

357 1457 586 1504 πίπτουσιν,
618 1455 672 1502 εἶς
703 1453 821 1507 μέσον
845 1453 980 1507 φέρειν
1004 1451 1074 1494 οὐκ
1107 1450 1321 1508 ἀναγκαῖον
1350 1451 1517 1507 ἥγημαι,
1547 1455 1613 1494 ἰ’να
1634 1451 1688 1507 μὴ
1711 1451 1885 1506 δόξωμεν

357 1521 404 1564 δι’
431 1517 485 1563 ῶν
506 1520 734 1575 βουλόμεθα
762 1519 1031 1576 ἀκριβολογεῖν
1053 1522 1107 1570 εἰς
1128 1519 1358 1576 ἀποτροπήν
1378 1525 1448 1574 τῆς
1473 1519 1664 1575 ἀθεμίτου
1694 1519 1886 1576 ἀσελγείας

357 1589 521 1644 ἑκάστης
543 1591 748 1646 αἱρέσεως,
780 1593 923 1642 μᾶλλον
945 1590 1237 1644 προτρέπεσθαι
1264 1594 1343 1631 τῶν
1371 1588 1613 1645 ἀστηρίκτων
1633 1590 1700 1631 καὶ
1721 1605 1887 1643 χαυνου-

357 1661 484 1713 μένων
515 1657 573 1701 ἀεὶ
599 1657 671 1712 τὴν
695 1656 894 1709 διάνοιαν,
925 1662 1003 1699 τῶν
1022 1656 1064 1699 τό
1091 1656 1266 1713 πονηρόν
1291 1658 1444 1707 ἑαυτοῖς
1462 1661 1671 1713 θηρᾶσθαι
1696 1654 1793 1712 ὑπὲρ
1814 1654 1887 1711 τὴν

356 1726 583 1784 ἀγαθότητα
610 1725 924 1781 ἐπιθυμούντων.
985 1728 1061 1775 Εἰς
1093 1727 1245 1782 ἔλεγχον
1268 1727 1309 1768 δὲ
1341 1731 1483 1780 μᾶλλον
1505 1731 1574 1780 τῆς
1596 1728 1727 1780 δεινῆς
1747 1723 1887 1779 ταύτης

358 1797 424 1838 καὶ
453 1794 698 1852 έρπετώόους
728 1795 910 1851 αἱρέσεως
939 1792 1047 1850 ὀλίγα
1077 1792 1155 1836 ἀπὸ
1186 1798 1338 1837 πολλῶν
1367 1793 1662 1852 παραθήσομαι.

470 2000 610 2043 Πόθεν
632 1999 834 2054 εἰλήφατε,
867 1993 898 2041 ῶ
921 1994 1052 2050 οὗτοι,
1083 1998 1154 2053 τὴν
1174 2004 1244 2053 τῆς
1266 1998 1455 2053 ἀθεμίτου
1483 2000 1663 2055 ἐργασίας
1687 2000 1862 2041 ἐπίνοιαν
1871 2016 1884 2049 ,·

359 2073 528 2123 Πρῶτον
550 2069 618 2122 μὲν
638 2067 712 2123 γάρ
726 2101 735 2119 ,
768 2067 828 2110 ὅτι
850 2066 892 2110 τό
914 2073 1015 2119 πᾶν,
1044 2070 1120 2110 τίνι
1141 2066 1189 2110 οὗ
1211 2067 1330 2122 δῆλόν
1351 2070 1453 2110 ἐστιν
1474 2067 1534 2110 ὅτι
1554 2065 1751 2121 δαιμόνων
1782 2067 1885 2109 ἐστὶν

355 2137 383 2191 ’ἦ
405 2136 570 2193 ὑμετέρα
594 2139 840 2187 διδασκαλία,
871 2135 1127 2190 ἠπατημένων
1148 2136 1189 2178 δὲ
1210 2135 1277 2178 τὸν
1296 2141 1413 2188 νοῦν,
1443 2136 1508 2178 καὶ
1539 2136 1832 2191 πεφθαρμένων
1858 2132 1885 2189 ἦ

357 2206 634 2259 ἐπινενοημένη
666 2208 954 2258 κακομηχανίας
997 2207 1054 2246 Εἰ
1076 2203 1148 2260 γάρ
1179 2203 1278 2254 ὅλως
1303 2202 1477 2260 πονηρόν
1507 2202 1550 2246 τό
1578 2207 1773 2255 κυΐσκειν,
1812 2201 1884 2246 οὐκ

357 2273 433 2330 ἄρα
455 2272 519 2316 ὅιά
538 2273 581 2316 τό
610 2278 874 2329 τεκνογονεῖν,
906 2270 997 2314 ἀλλά
1023 2271 1089 2314 διὰ
1115 2271 1157 2315 τὸ
1185 2272 1452 2315 συνάπτεσθαι
1476 2271 1634 2326 στόματι.
1695 2276 1792 2321 Πῶς
1812 2266 1885 2314 οὖν

357 2341 565 2397 ἡττημένοι
585 2340 711 2400 ἡδονῇ
733 2340 977 2383 συνάπτεσθε
999 2340 1167 2394 σώματις
1200 2343 1280 2383 Καὶ
1301 2343 1336 2383 εἰ
1350 2339 1397 2383 οὐ
1415 2339 1591 2396 πονηρόν
1613 2338 1655 2382 τὸ
1675 2344 1884 2395 συναφθῆ-

358 2430 422 2453 ναι
449 2410 617 2465 σώματι,
649 2408 740 2452 οὐδὲ
766 2407 942 2464 πονηρόν
964 2407 1006 2450 τό
1030 2414 1305 2466 τελεσιουργεῖν
1326 2407 1369 2452 τό
1397 2409 1681 2465 γεγεννημένον.
1729 2407 1788 2450 Ἢ
1808 2406 1882 2464 γάρ

363 2485 375 2508 ¹
395 2478 684 2533 ἀποταξάμενος
714 2476 930 2533 ἅνθρωπος
961 2475 1014 2530 μὴ
1043 2483 1205 2532 γεωργεῖ
1233 2476 1279 2519 τά
1307 2478 1370 2520 ἐπὶ
1403 2481 1472 2530 τῆς
1503 2481 1595 2532 γῆς,
1636 2474 1689 2525 ὥς
1719 2474 1743 2518 ὅ
1766 2474 1883 2530 ’Ἀβελ

356 2543 408 2601 ἦν
440 2546 587 2601 ποιμὴν
613 2545 841 2603 προβάτων,
874 2543 979 2586 Κάϊν
1011 2545 1053 2586 δὲ
1081 2545 1333 2600 ἐργαζόμενος
1361 2543 1431 2598 τὴν
1458 2549 1551 2600 γῆν·
1591 2546 1627 2586 εἰ
1653 2545 1695 2586 δὲ
1723 2549 1888 2600 γεωργεῖ

360 2633 417 2664 τις
440 2614 511 2668 τήν
536 2620 630 2671 γῆν,
668 2613 720 2664 ῶς
745 2613 768 2657 ὁ
793 2618 906 2664 Νῶε,
948 2611 1008 2654 ὅτι
1041 2613 1186 2667 ἐγένετο
1220 2612 1318 2669 ἀνὴρ
1351 2611 1540 2669 γεωργὸς,
1577 2613 1644 2655 καὶ
1673 2611 1882 2665 ἐφύτευσεν

359 2682 584 2737 ἀμπελῶνα,
624 2681 696 2726 οὐκ
729 2681 936 2735 ἐφύτευσεν
969 2678 1197 2734 ἀμπελῶνα,
1236 2680 1341 2724 Ξοῦκ
1373 2680 1601 2734 ἐφύτευσεν,
1639 2681 1705 2722 ἵνα
1734 2678 1882 2736 βότρυν

405 2832 480 2864 CAP.
498 2834 555 2864 ΙΠ.
577 2852 620 2858 -
658 2834 686 2865 1.
709 2835 757 2865 Ita
777 2834 905 2866 correxi.
937 2833 1023 2864 Libri
1042 2832 1099 2863 ha·
1145 2830 1230 2862 enim
1267 2830 1454 2863 renuntiare
1485 2835 1619 2874 oportet
1647 2828 1812 2861 hominem
1845 2836 1880 2862 ut

358 2881 425 2910 bent
456 2875 700 2921 ἀποταξάμενον
720 2874 891 2921 ἅνῧρωπον
924 2875 970 2920 μὴ
995 2887 1098 2919 γεωρ-
1144 2882 1264 2908 terram
1293 2889 1335 2908 ne
1366 2876 1470 2916 colat,
1502 2876 1592 2909 velut
1612 2873 1695 2907 Abel
1723 2881 1796 2907 erat
1815 2885 1878 2918 pa-

356 2926 425 2966 γεῖν
438 2948 447 2965 ,
470 2925 550 2955 unde
569 2926 737 2956 Cornarius
757 2927 783 2956 et
804 2925 951 2956 petavius
972 2924 1028 2957 δεῖ
1047 2931 1100 2953 ex-
1142 2927 1213 2954 stor
1237 2922 1345 2954 ovium
1368 2925 1433 2954 cett.

356 2970 466 3001 eldisse
490 2971 638 3009 suspicati
667 2972 747 3001 sunt.
806 2970 899 3001 Vertit
929 2969 1000 3000 ille.-
1035 2970 1099 2999 Aut
