2056 3298
198 825 503 874 SYNOPSIS
545 825 701 875 TOMI
727 826 763 873 I.
800 825 979 874 LIBRI
1007 814 1086 886 IL,>
1124 826 1230 888 QUI
1264 828 1328 875 IN
1367 827 1676 877 TOMORUM

244 906 441 955 IMTIO
483 906 883 955 CONSTITUTA
922 907 1109 954 SERIE
1153 907 1449 982 QUARTUS
1487 909 1623 969 EST,

425 986 863 1048 CONTINETQUE
901 987 1240 1037 HAERESES
1277 989 1451 1037 XVIII.

275 1201 305 1244 I.
356 1202 583 1245 Eneratitae
615 1203 772 1246 Tatiani
814 1206 1000 1260 quaedam
1040 1206 1145 1246 velut
1185 1208 1395 1262 appendix.
1468 1205 1519 1247 Hi
1557 1207 1708 1262 nuptias

162 1272 369 1323 damnant,
414 1287 506 1328 quas
530 1272 704 1314 Satanae
730 1274 916 1315 tribuunt.
980 1275 1043 1315 Ab
1072 1275 1328 1316 animatorum
1354 1275 1523 1316 omnium
1548 1290 1620 1316 usu
1646 1276 1711 1316 ab-

160 1341 381 1382 stinendum
414 1356 503 1382 esse
535 1343 724 1383 sentiunt.

275 1409 329 1450 II.
374 1408 726 1466 Catapln‘ygastae‚
753 1411 1039 1463 Montanisiae‚
1069 1421 1106 1453 et
1125 1412 1453 1467 Tasmdrugssae,
1483 1413 1543 1468 qui
1565 1421 1711 1454 utrum-

162 1492 235 1533 que
263 1486 538 1519 testamentum
566 1480 803 1535 approbant,
837 1483 903 1521 sed
930 1497 1053 1522 novos
1077 1482 1283 1536 propbetas
1308 1483 1353 1521 ad
1378 1490 1556 1537 receptos
1582 1490 1616 1522 et
1643 1498 1711 1523 an—

162 1548 289 1602 tiquos
324 1548 532 1599 adiiciunt,
576 1563 619 1589 ac
645 1548 878 1590 Montanum
903 1551 1093 1605 quendam
1127 1558 1165 1590 et
1190 1549 1405 1590 Priscillam
1439 1566 1482 1590 ac
1509 1550 1710 1592 Maximil-

161 1616 237 1657 lam
270 1617 508 1671 praedicant.

276 1683 349 1724 Ill.
399 1683 636 1740 Pepuziani,
683 1687 743 1740 qui
778 1694 815 1727 et
843 1685 1086 1740 Quintilliani
1114 1686 1316 1738 dicuntur,
1361 1688 1497 1741 quibus
1523 1690 1711 1729 accedunt

161 1761 199 1795 et
232 1753 503 1809 Artotyritae‚
550 1754 818 1810 superioribus
852 1756 1001 1810 quidem
1033 1754 1131 1806 iltis,
1179 1755 1250 1795 hoe
1285 1763 1345 1795 est
1378 1755 1707 1812 Cataplirygibus‚

161 1823 439 1863 annumerandi
465 1831 569 1863 sunt.
635 1822 713 1864 Sed
740 1825 786 1864 ab
812 1824 858 1864 iis
884 1831 1009 1864 tamen
1035 1823 1187 1864 diversa
1213 1825 1396 1865 nonnulla
1417 1826 1604 1866 sentiunt.
1650 1829 1709 1866 Ac

112 1924 116 1927 .
162 1889 360 1946 Pepuzam
383 1892 576 1932 desertum
604 1893 793 1947 quoddam
819 1892 994 1946 oppidum
1020 1890 1212 1932 Galatiam
1235 1893 1337 1933 inter
1361 1901 1398 1934 et
1424 1892 1708 1949 Cappadociam

160 1960 274 2000 situm
300 1960 441 2001 divinis
461 1960 673 2001 honoribus
695 1962 903 2011 extollunt,
931 1975 1092 2015 eamque
1115 1960 1430 2017 Hierosolymam
1453 1978 1541 2004 esse
1563 1965 1709 2005 dicunt.

163 2027 394 2069 Mulieribus
428 2043 562 2070 sacros
597 2030 845 2084 magistratus
882 2044 926 2070 ac
961 2031 1182 2071 sacerdotia
1215 2031 1408 2072 deferunt.
1473 2030 1605 2073 Certis
1639 2033 1711 2074 ini-

164 2100 308 2138 tiantur
342 2098 563 2152 mysteriis,
612 2099 748 2152 quibus
783 2099 982 2153 puerulum
1019 2100 1261 2140 confodiunt.
1323 2098 1498 2154 Fingunt.
1528 2100 1711 2157 Pepuzae

163 2163 360 2208 Christum
395 2167 484 2206 olim
519 2164 731 2219 Quintillae
767 2167 974 2208 vide-ndum
1007 2183 1049 2209 se
1088 2169 1314 2224 praebuisse
1348 2170 1523 2210 muliebri
1562 2171 1707 2225 specie.

163 2234 264 2275 Tam
294 2242 406 2276 vetus
435 2250 543 2289 quam
571 2250 711 2275 novum
740 2243 1014 2277 testamentum
1041 2237 1245 2290 adhibent,
1288 2238 1341 2279 ita
1371 2246 1496 2279 tamen
1524 2247 1564 2279 ut
1585 2240 1710 2295 plera-

162 2318 235 2358 que
267 2318 336 2359 pro
368 2304 484 2345 animi
515 2303 672 2344 libidine
705 2312 956 2346 commutent.

277 2370 349 2412 lv.
399 2372 877 2424 Tessareseaedecatitae‚
913 2374 975 2429 qui
999 2382 1101 2416 stato
1123 2376 1213 2416 anui
1239 2376 1298 2416 die
1323 2375 1473 2416 Pascha
1494 2376 1706 2418 celebrant.

161 2439 214 2483 Ut
234 2455 513 2496 quamcumque
537 2442 574 2482 in
599 2441 697 2481 diem
721 2440 840 2483 XIV.
865 2444 978 2484 lunae
1002 2444 1232 2494 incurrerit,
1267 2446 1350 2485 sive
1373 2445 1591 2497 sabbatum,
1625 2446 1709 2488 sive

163 2510 354 2551 dominica
387 2509 525 2560 suerit,
559 2525 602 2551 ea
636 2511 696 2551 die
727 2511 905 2553 ieiuneut
935 2527 979 2554 ac
1011 2513 1213 2568 pervigilia
1245 2514 1458 2555 celebrent.

280 2645 331 2688 V.
378 2647 493 2701 Alogi
521 2662 540 2687 a
565 2648 676 2689 nobis
700 2649 751 2689 ita
775 2649 960 2691 nominati
984 2650 1045 2705 qui
1072 2649 1226 2691 Ioannis
1250 2651 1493 2705 evangelium
1518 2667 1562 2693 ac
1581 2650 1708 2707 λόγον,

164 2717 234 2758 hoc
266 2724 325 2756 est
357 2717 516 2756 verbum
550 2718 660 2757 deum
697 2732 717 2758 a
747 2725 852 2771 patre
878 2733 1032 2774 semper
1058 2720 1254 2774 genitum,
1301 2720 1541 2776 coelitusque
1567 2723 1707 2763 demis-

162 2800 269 2836 sum,
303 2785 412 2825 cuius
434 2785 471 2825 in
498 2786 703 2840 evangelio
728 2787 792 2827 illo
817 2788 961 2828 mentio
986 2789 1039 2838 fit,
1075 2789 1300 2841 repudiant3
1335 2803 1407 2830 nec
1431 2788 1591 2832 Ioannis
1612 2793 1707 2832 dun-

163 2861 271 2894 taxat
301 2853 569 2908 evangelium,
603 2855 670 2896 sed
703 2862 742 2896 et
771 2856 1038 2912 Apocalypsin
1070 2857 1266 2898 reiiciunt.

165 2956 428 2999 σκοδρουγιτῶν,
463 2961 496 2988 ut
520 2959 613 2989 eliam
635 2960 741 2999 scripti
764 2961 834 2991 libri
856 2961 912 2991 Ιια-
959 2959 1092 3001 γαπ-ὦν
1117 2962 1215 2992 traxit
1237 2963 1329 2994 etiam
1348 2963 1423 2994 liber
1443 2965 1569 2995 Ioannis
1587 2965 1705 2995 Dama-

163 3003 239 3033 bent.
289 3003 454 3035 Commune
481 3004 561 3035 illud
591 3005 701 3036 vinum
728 3004 912 3047 Καταῳρυ-
957 3006 1049 3036 scem'.

1371 3064 1433 3105 1*
