2066 3319
524 151 701 183 PANARH
726 150 808 182 Lm.
826 151 867 182 11.
893 151 999 183 ToM.
1021 152 1060 183 n.
1086 151 1216 183 HAER.
1238 152 1360 184 vai.
1630 143 1710 183 405

186 231 446 273 mulierculam
468 243 543 270 non
567 230 728 281 reverti,
763 243 872 283 quam
893 243 913 269 e
934 231 1152 271 meretricio
1175 240 1337 285 quaestu
1360 246 1402 272 ac
1428 230 1614 272 servitute
1637 229 1708 270 sibi

185 299 419 354 Scythianus
451 297 697 338 adiunxerat.
760 295 893 351 ltaque
926 312 1009 337 cum
1045 300 1220 339 omnibus
1257 313 1354 353 quae
1389 299 1574 349 habehat,
1616 312 1710 338 auro

184 367 346 417 scilicet,
382 372 558 420 argento,
593 365 810 419 ceterisque
836 365 956 420 copiis
981 364 1018 404 in
1045 364 1242 406 Persidem
1267 368 1429 420 aufugit.
1495 366 1550 407 tbi
1576 380 1623 406 ne
1646 366 1711 406 de-

185 434 512 490 prehenderetur,
547 440 693 473 mutato
722 433 876 473 nomine
905 447 971 486 pro
995 431 1210 473 Terbintho
1234 432 1404 474 Buddam
1433 449 1497 484 se,
1532 435 1585 475 uti
1611 435 1711 475 dixi-

183 517 283 553 mus,
311 502 491 557 appeilat.
536 502 666 555 Atque
688 501 746 541 hic
768 500 972 556 pessimam
998 514 1133 540 rursus
1152 508 1314 555 quatuor
1335 501 1484 542 illorum
1510 501 1709 558 Scythiani

183 570 364 611 librorum
397 584 441 610 ac
476 570 707 624 magicarum
745 569 883 609 artium
917 576 954 608 et
987 568 1275 622 praestigiarum
1311 569 1559 610 hereditatem
1594 571 1707 622 adiit,

183 639 281 679 idem
305 637 406 679 enim
432 637 630 678 literarum
653 637 823 692 apprime
847 637 983 677 studiis
1006 644 1090 677 erat
1114 637 1302 677 eruditus.
1349 635 1426 677 Sed
1451 651 1534 678 cum
1558 639 1593 678 in
1618 637 1710 679 Per—

181 707 261 747 side
292 713 330 747 et
356 706 439 761 ipse
465 705 700 760 disputaret,
735 713 849 759 atque
874 704 971 759 apud
996 705 1146 744 viduam
1180 705 1366 758 quandam
1393 706 1590 757 habitans,
1626 722 1708 747 cum

179 774 341 814 aedituis
365 787 410 814 ac
433 773 699 814 sacerdotibus
719 771 904 824 Mithrae,
938 772 1189 827 inprimisque
1215 771 1340 814 Pareo
1364 774 1525 827 quodam
1548 788 1591 814 ac
1608 773 1710 814 Lab-

180 845 275 883 daco
298 841 493 897 prophetis
525 842 570 881 de
598 842 745 881 duobus
778 840 977 896 principiis
1008 842 1282 893 contenderet,
1317 856 1443 896 neque
1466 842 1528 884 vel
1552 843 1710 883 idolola-

180 910 277 951 triae
301 909 537 951 antistitibus
561 910 745 950 resistere
770 916 917 963 posset,
952 909 1018 949 sed
1041 909 1086 949 ab
1112 910 1158 949 iis
1180 910 1400 965 turpissime
1423 910 1624 951 convictus
1649 925 1710 951 es-

178 986 260 1030 set,
294 977 522 1034 Scythiani,
568 991 677 1033 quem
713 977 971 1032 sequebatur,
1016 978 1194 1032 exemplo
1227 979 1361 1019 domus
1396 978 1588 1033 fastigium
1619 994 1711 1019 con-

178 1047 392 1098 scendens,
433 1047 561 1101 ibique
595 1045 755 1100 magicis
789 1045 936 1085 artibus
971 1045 1007 1085 id
1036 1046 1187 1086 efficere
1220 1047 1403 1097 studens,
1444 1062 1492 1089 ne
1523 1047 1606 1102 quis
1638 1047 1710 1088 sibi

179 1115 360 1170 deinceps
386 1115 654 1155 contradicere
680 1115 862 1164 auderet,
896 1113 942 1154 ab
968 1114 1105 1167 angelo
1131 1114 1302 1155 deiectus
1326 1115 1485 1166 cecidit,
1519 1123 1630 1170 atque
1663 1116 1710 1156 ob

179 1198 223 1224 ea
255 1197 352 1238 quae
379 1183 609 1224 moliebatur
634 1182 816 1223 maleficia
848 1181 976 1237 periit.
1038 1182 1150 1223 Anus
1176 1197 1291 1238 porro
1319 1185 1470 1239 sepulto
1493 1184 1594 1225 itlius
1626 1199 1711 1225 cor-

180 1266 272 1307 pore
298 1252 496 1306 pecuniam
523 1264 675 1292 omnem
701 1250 880 1291 obtinuit.
945 1249 1055 1304 Quae
1085 1250 1236 1305 quidem
1268 1266 1352 1292 cum
1380 1252 1522 1293 liberos
1548 1267 1592 1294 ac
1623 1268 1710 1308 pro-

179 1320 342 1376 pinquos
368 1319 528 1360 haberet
553 1319 693 1371 nullos,
728 1319 791 1359 diu
814 1319 851 1358 in
874 1318 939 1359 illo
965 1326 1065 1360 statu
1089 1320 1371 1373 perseveravit.
1416 1320 1590 1362 Tandem
1616 1336 1709 1363 vero

179 1385 413 1438 Cubricum,
447 1389 509 1442 qui
539 1395 578 1428 et
601 1386 742 1428 Manes
774 1388 898 1428 dictus
924 1394 1007 1439 est,
1040 1388 1086 1428 ad
1110 1388 1296 1443 obsequia
1325 1389 1524 1430 famularia
1555 1404 1709 1432 servum

179 1456 334 1507 coemit,
368 1456 429 1497 cni
459 1457 628 1497 moriens
654 1456 793 1496 malam
817 1455 920 1495 illam
946 1455 1214 1507 hereditatem,
1249 1457 1407 1511 perinde
1432 1465 1544 1512 atque
1568 1458 1708 1513 aspidis

179 1525 307 1575 virus,
343 1525 545 1566 multorum
579 1526 625 1566 ad
658 1523 855 1565 interitum
887 1537 932 1563 ac
964 1524 1172 1578 perniciem
1207 1525 1374 1579 reliquit.

291 1797 423 1853 ltaque
455 1795 672 1850 Cubricus,
708 1798 769 1853 qui
802 1812 844 1839 se
872 1796 1031 1839 Manem
1060 1799 1236 1851 vocavit,
1278 1800 1380 1841 inter
1408 1799 1577 1853 Persas,
1611 1804 1707 1858 apud

177 1882 273 1923 quos
296 1867 479 1922 degebat,
514 1868 710 1922 disputare
732 1867 912 1907 institnit.
977 1865 1123 1908 Verum
1146 1882 1230 1908 cum
1253 1869 1395 1909 nemini
1428 1870 1608 1925 dogmata
1639 1886 1708 1913 sua

177 1935 379 1991 probaret,
413 1936 480 1976 sed
506 1936 733 1990 quicumque
756 1935 970 1976 doctrinam
994 1935 1097 1977 iltius
1122 1937 1329 1978 audiebant
1354 1938 1515 1980 moleste
1542 1940 1705 1990 ferrent,

178 2019 223 2045 ac
247 2004 419 2045 novitate
446 2004 529 2060 ipsa
553 2004 834 2058 horrendisque
858 2004 932 2044 illis
960 2011 998 2045 et
1024 2006 1068 2045 ad
1100 2005 1364 2060 decipiendum
1396 2007 1618 2063 compositis
1652 2010 1705 2049 sa-

177 2073 274 2114 bulis
310 2087 354 2113 ac
392 2073 553 2113 vocibus
592 2073 843 2113 vehementer
881 2073 1221 2128 obstupescerent,
1265 2089 1428 2130 eumque
1459 2090 1592 2117 omnes
1621 2078 1702 2128 ille,

178 2156 274 2196 quos
298 2142 344 2182 de
368 2142 484 2196 impio
507 2148 725 2182 commento
747 2155 948 2182 sermones
972 2142 1159 2194 habebat,
1192 2144 1317 2184 refelli
1342 2145 1540 2199 evertiqne
1570 2159 1705 2186 cerne-

176 2218 258 2261 ret,
293 2210 537 2251 occasionem
566 2210 754 2264 quandam
793 2210 1031 2265 excogitavit
1057 2225 1126 2266 per
1158 2227 1268 2267 quam
1294 2213 1531 2254 inanissimis
1562 2214 1637 2254 illis
1669 2222 1706 2255 et

176 2280 220 2320 ad
253 2286 450 2334 stuporem
486 2279 658 2319 confictis
698 2278 835 2319 fabulis
875 2279 1142 2321 auctoritatem
1181 2281 1406 2323 ascisceret.
1472 2279 1570 2323 Cum
1602 2282 1703 2324 enim

178 2348 466 2403 percrebuisset
488 2346 698 2388 Persarum
733 2347 836 2402 regis
870 2348 984 2388 fitium
1019 2349 1180 2404 quadam
1213 2351 1452 2406 aegritudine
1486 2360 1704 2406 correptum

177 2417 214 2456 in
240 2417 347 2472 regia
371 2415 578 2457 Persarum
606 2416 699 2457 urbe
723 2416 951 2457 decumbere
976 2417 1117 2473 (neque
1141 2418 1241 2459 enim
1264 2418 1404 2460 Manes
1426 2420 1501 2460 illic
1525 2420 1700 2475 degebat,

177 2485 244 2526 sed
269 2485 343 2526 alio
369 2487 531 2540 quodam
557 2487 594 2526 in
621 2486 707 2526 loco
731 2486 776 2525 ab
800 2486 905 2540 regis
927 2486 1012 2527 aula
1037 2487 1206 2542 dissito),
1242 2495 1481 2529 excaecante
1504 2489 1608 2530 illum
1634 2490 1703 2531 im-

177 2554 365 2610 probitate
388 2568 473 2605 sua,
508 2562 612 2595 ratus
635 2554 674 2594 in
700 2554 780 2594 heri
805 2554 864 2594 sui
887 2554 1110 2607 Terbinthi,
1145 2556 1228 2597 sive
1251 2555 1422 2608 Rutulae,
1457 2558 1519 2612 qui
1542 2565 1582 2599 ut
1605 2557 1703 2615 Scy-

177 2623 295 2664 thiani
321 2623 434 2664 heres
458 2624 597 2674 fuerat,
633 2623 739 2664 libris
766 2637 879 2678 posse
900 2637 941 2664 se
963 2624 1010 2665 ad
1035 2626 1246 2666 sanandum
1269 2625 1373 2679 regis
1397 2625 1512 2667 [ilium
1534 2628 1702 2668 remedia

223 2793 297 2826 Car.
323 2796 378 2826 JV.
426 2814 468 2819 —
497 2796 523 2828 1.
548 2793 686 2837 πλάσμα
706 2795 769 2837 τῆς
796 2798 917 2836 reposui
1007 2797 1039 2830 3.
1066 2795 1198 2831 Βούδδα
1222 2801 1264 2829 est
1284 2800 1314 2829 in
1338 2799 1433 2830 libris.

177 2849 213 2871 ea:
233 2843 411 2873 auctoritate
429 2843 495 2873 cod.
511 2843 637 2882 Rhediy.
668 2839 837 2884 πλάσματι
855 2841 916 2884 τῆς
1008 2846 1037 2874 4.
1063 2840 1201 2876 δύναται
1223 2845 1396 2883 suspicatus
1406 2848 1448 2877 est
1461 2846 1625 2887 Petavius;
1649 2857 1700 2879 nec

177 2886 430 2918 habetcod.1en.
477 2889 511 2919 In
539 2889 627 2919 editis
659 2890 742 2919 extat
762 2889 914 2930 πλασμα-
961 2890 1098 2928 improbo
1130 2890 1193 2920 hoc.
1241 2890 1292 2920 Sic
1324 2890 1408 2929 infra
1441 2900 1508 2932 cap.
1531 2890 1583 2924 34.
1631 2891 1699 2927 ἐνὸ-

177 2930 283 2972 τικῆς.
964 2944 1040 2975 μισε
1063 2931 1109 2975 μή
1131 2945 1175 2976 πη
1198 2930 1264 2977 ἄρα
1286 2933 1430 2968 δύναται.
1481 2938 1526 2978 Cf.
1551 2938 1633 2970 haer.
1645 2938 1698 2978 09,

221 2975 252 3007 2.
278 2978 423 3017 Suspicor
447 2976 496 3020 μή
519 2989 588 3011 που.
962 2979 1006 3011 30
1029 2982 1055 3011 et
1078 2989 1122 3018 sq.

1736 1805 1813 1851 Cap.
1836 1807 1890 1840 IV.
