2066 3319
143 318 231 361 Κεφ.
253 318 311 353 νδ’.

172 370 237 397 pag.
258 363 318 391 550.

163 2573 228 2600 pag.
249 2564 305 2592 581⁴

336 223 415 262 330
895 230 1056 264 SANCTI
1078 232 1301 265 EPIPHANH

446 305 537 348 Ἐοὶν
562 307 603 348 δὲ
625 307 822 361 διαφοράν
851 304 950 349 εἶναι
978 308 1155 362 σώματος
1177 309 1276 366 πρὸς
1298 309 1423 365 σάρκα
1449 308 1765 363 ὖποτοπάζωσιν,
1795 313 1862 353 ἵνα

336 372 385 427 δή
407 375 471 415 καὶ
503 379 627 415 ταῦτα
651 373 784 424 αὐτοῖς
815 376 1083 430 ἐπιτρέψωμεν
1108 378 1396 432 λογικεύεσθαι,
1433 380 1498 420 καὶ
1529 383 1640 432 σῶμα
1671 379 1740 432 μὲν
1770 378 1859 421 ἄλλο

332 444 543 494 νομίζοιεν,
574 440 660 484 οἷον
687 440 807 496 αὐτῆς
830 448 900 496 τῆς
925 449 1076 497 ψυχῆς,
1108 445 1130 487 ὃ
1161 445 1214 499 μὴ
1239 447 1434 499 βλέπεται,
1466 445 1591 501 σάρκα
1612 446 1654 487 δὲ
1678 451 1793 489 τοῦτο
1815 445 1859 488 τὸ

332 511 404 559 ἔξω
429 507 471 550 vd
496 508 753 563 βλεπόμενον,
783 511 954 562 λεκτέον,
985 510 1039 561 ὥς
1061 512 1108 554 οὐ
1131 512 1252 566 μόνον
1282 512 1304 555 6
1329 517 1486 564 Παῦλος
1507 516 1574 557 καὶ
1599 517 1640 556 οῖ
1658 518 1861 568 προφῆται

334 582 443 630 σῶμα
465 576 698 633 γινώσκουσι
719 576 789 631 τὴν
811 578 938 632 σάρκα
966 577 1226 632 ὀνομάζεσθαι
1246 580 1409 635 ταύτην,
1441 581 1534 624 άλλοὶ
1564 583 1632 624 καὶ
1660 580 1763 623 ἄλλοι
1795 598 1860 633 φι-

330 644 512 697 λόσοφοι,
545 644 635 700 παρ’
657 643 715 694 οἷς
738 645 786 699 δὴ
817 645 977 699 μάλιστα
1009 646 1121 701 καὶὴ
1147 653 1223 690 τῶν
1255 647 1458 702 ὀνομάτων
1490 648 1668 705 άκρίβεια
1695 665 1858 703 παρατε-

331 712 504 767 τήρηται.
565 713 672 768 Σαρξ
695 712 769 769 γάρ
793 713 909 765 ὅλως,
941 717 976 756 εἰ
995 714 1197 768 βούλοιντο
1222 718 1288 758 καὶ
1310 719 1399 773 περὶ
1420 717 1569 759 τούτων
1593 715 1859 770 ἐπιστημόνως

332 782 646 832 ἐπισκέψασθαι,
677 786 756 830 πᾶς
789 779 812 824 6
840 781 957 837 ὄγκος
986 778 1102 832 οὗτος
1128 789 1198 825 τοῦ
1221 784 1471 838 σκηνώματος
1499 783 1611 838 ἡμῶν
1636 787 1782 840 κυρίως
1810 782 1860 825 οὖ

330 850 497 904 λέγεται,
529 848 622 891 ἄλλοί
650 867 685 891 τι
711 851 828 904 μέρος
851 855 920 893 τοῦ
951 850 1063 901 ὅλου,
1094 851 1276 905 καθάπερ
1307 851 1465 906 ἣόστᾶ,
1497 852 1524 906 ἢ
1545 856 1682 908 νεῦρα,
1712 851 1739 907 ἢ
1768 852 1858 904 φλέ-

331 920 415 971 βες,
447 922 560 971 σῶμα
583 919 624 960 δὲ
645 916 687 959 τό
714 917 816 960 ὅλον.
863 918 992 960 ”Οθεν
1013 921 1080 961 καὶ
1103 921 1240 974 ἰατροὶ,
1273 924 1313 962 οἳ
1338 920 1388 974 δὴ
1409 922 1475 962 καὶ
1498 921 1588 975 περὶ
1610 918 1767 972 φύσεως
1785 933 1859 961 σω-

332 984 465 1038 μάτων
499 984 671 1041 άκριβῶς
703 985 941 1040 διειλήφασι,
980 992 1090 1040 σῶμα
1121 987 1355 1042 γινώσκουσι
1386 994 1501 1030 τοῦτο
1531 986 1573 1029 τὸ
1607 988 1857 1041 βλεπόμενον.

328 1052 437 1096 ’Λλλοὲ
459 1055 525 1096 καὶ
556 1052 578 1096 6
602 1053 769 1095 Πλάτων
791 1056 857 1095 καὶ
882 1053 976 1097 afim*
1002 1060 1115 1098 τοῦτο
1145 1061 1254 1109 σῶμα
1286 1058 1352 1097 καὶ
1378 1055 1496 1105 αὐτὸς
1526 1057 1736 1097 ἐπίσταται.
1792 1053 1858 1096 Ἐν

329 1127 425 1177 γοῦν
447 1127 500 1179 τῷ
531 1127 543 1151 ¹
565 1125 742 1164 Φαίδωνι
765 1120 787 1164 6
809 1121 1047 1178 Σωκράτης,
1074 1122 1175 1179 ’Ἆρα
1203 1123 1256 1177 μὴ
1282 1123 1369 1165 ἄλλο
1394 1142 1427 1165 τι
1450 1122 1516 1165 τόν
1539 1123 1719 1167 θάνατον
1739 1121 1858 1178 ἡγού-

330 1196 435 1243 μεθα
466 1188 583 1241 εἶναι,
615 1192 712 1243 ἔφη,
744 1189 769 1243 ἢ
790 1194 859 1243 τῆς
883 1196 1012 1244 ψυχῆς
1036 1190 1113 1232 άπό
1138 1197 1208 1233 τοῦ
1233 1191 1411 1244 σώματος
1443 1190 1686 1246 άπαλλαγήνς
1718 1191 1785 1232 καὶ
1808 1188 1858 1231 εἶ-

328 1276 390 1300 ναι
414 1263 528 1300 τοῦτο
559 1257 765 1309 τεθνάναι,
795 1259 914 1312 χωρὶς
943 1259 1012 1311 μὲν
1038 1257 1114 1300 dno*
1142 1264 1211 1312 τῆς
1236 1264 1367 1312 ψυχῆς
1391 1258 1607 1314 ἅπαλλαγὲν
1636 1257 1731 1300 αὐτὸ
1763 1256 1857 1299 καθ’

328 1325 441 1367 ἕαυτὸ
466 1326 507 1367 τὸ
532 1331 641 1379 σῶμα
666 1326 883 1381 γεγονέναι,
914 1327 1031 1380 χωρὶς
1053 1327 1095 1367 δὲ
1120 1325 1191 1379 τήν
1213 1326 1345 1380 ψυχὴν
1370 1331 1440 1368 τοῦ
1464 1327 1660 1380 σώματος,
1709 1324 1753 1367 Ὁ
1783 1324 1855 1381 γάρ

328 1411 387 1435 τοι
410 1398 592 1446 Μωῦσῆς
613 1391 636 1435 6
660 1393 852 1448 μακάριος
880 1393 1052 1446 (ἥκωμεν
1072 1393 1144 1448 γάρ
1170 1395 1236 1435 καὶ
1260 1396 1321 1436 ἐπὶ
1345 1393 1414 1443 τοὶς
1438 1393 1630 1450 κυριακάς
1658 1393 1735 1448 ἤδη
1765 1412 1855 1449 γρα-

328 1460 422 1514 φάς)
452 1460 499 1503 οὗ
525 1466 636 1514 σῶμα
668 1466 782 1502 τοῦτο
809 1459 1068 1514 ὀνομάζεσθαι
1103 1463 1318 1511 ἐπίσταται,
1352 1461 1374 1502 ὃ
1403 1463 1581 1516 λέγομεν,
1615 1463 1694 1502 Καὶ
1723 1467 1861 1503 πλυνεῖ

325 1528 372 1570 τά
396 1528 540 1583 ἱμάτια,
571 1530 710 1584 λέγων,
742 1530 783 1571 ἐν
805 1534 886 1577 τοῖς
906 1535 1186 1583 καθαρισμοῖς,
1220 1527 1242 1571 6
1264 1528 1490 1581 ἐπιψαύσας
1514 1534 1584 1571 τοῦ
1608 1528 1854 1583 ἀκαθάρτου,

323 1598 391 1639 καὶ
414 1597 588 1639 λούσεται
613 1596 686 1639 2τὸ
712 1602 823 1650 σῶμα
858 1595 979 1638 αὐτοῦ
1004 1595 1137 1648 ὕδατι,
1167 1598 1233 1638 καὶ
1259 1596 1488 1652 ἀκάθαρτος
1514 1599 1618 1639 ἔσται
1650 1598 1724 1646 ἕως
1746 1597 1856 1639 ἕσπέ-

325 1683 413 1720 ρας,
480 1668 525 1707 Τί
557 1666 597 1706 δὲ
629 1667 693 1707 καὶ
722 1663 744 1707 6
767 1663 875 1718 Ἰώβ,
916 1663 965 1706 οὕ
988 1669 1098 1718 σῶμα
1124 1666 1320 1707 ἐπίσταται
1344 1666 1411 1707 καὶ
1442 1663 1559 1714 αὐτὸς
1579 1670 1694 1707 τοῦτο
1722 1663 1766 1707 τὸ
1797 1681 1854 1707 νε-

324 1732 543 1788 κρούμενον
568 1739 718 1784 καλεῖν,
753 1732 923 1789 Φύρεται
945 1734 987 1775 δέ
1009 1751 1084 1787 μου
1105 1732 1148 1775 τό
1176 1737 1286 1787 σῶμα
1307 1734 1347 1775 ἐν
1370 1735 1516 1790 σαρπίᾳ
1537 1732 1768 1787 σκωλήκων,
1799 1733 1857 1775 λέ-

324 1819 424 1856 γων,
472 1799 581 1842 'AM-o}
604 1803 670 1843 καὶ
694 1800 717 1843 6
738 1800 949 1855 Σολομῶν,
981 1801 1058 1854 ὅτι,
1095 1803 1170 1850 Εἰς
1193 1800 1425 1854 κακότεχνον
1449 1800 1582 1854 ψυχὴν
1604 1799 1676 1843 οὐκ
1696 1799 1856 1849 εἰςελεύ-

324 1883 428 1910 σεται
452 1872 592 1920 σοφία,
624 1868 716 1911 οὐδὲ
737 1868 960 1922 κατοικήσει
985 1871 1026 1912 ἐν
1050 1870 1249 1927 καταχρέῳ
1272 1868 1419 1922 σώματι
1444 1867 1643 1923 ἁμαρτίας.
1705 1869 1783 1909 Καὶ
1816 1869 1857 1909 ἐν

324 1942 378 1994 τῷ
401 1936 549 1990 Δανιὴλ
572 1939 635 1979 ἐπὶ
657 1942 736 1978 τῶν
761 1937 987 1992 μαρτύρων,
1024 1936 1107 1979 Οὐκ
1131 1939 1351 1992 ἐκυρίευσεν
1370 1934 1499 1978 αὐτῶν
1523 1935 1565 1979 vd
1589 1940 1668 1992 πῦρ
1689 1940 1762 1977 τοῦ
1783 1935 1857 1977 σοι’-

326 2023 467 2058 ματος,
498 2006 661 2060 λέγεται,
696 2007 762 2046 καὶ
787 2004 813 2058 ἦ
835 2007 926 2060 θρὶξ
949 2010 1018 2059 τῆς
1041 2010 1213 2058 κεφαλῆς
1236 2002 1364 2046 αὐτῶν
1387 2003 1459 2046 οὐκ
1486 2006 1714 2059 ἐφλογίσθη.
1775 2005 1856 2045 Καὶ

325 2071 347 2114 6
369 2075 505 2128 κύριος
527 2075 566 2114 ἐν
589 2077 641 2130 τῷ
663 2071 888 2130 εὐαγγελίῳ,
921 2072 997 2115 Διαῖ
1023 2077 1136 2115 τοῦτο
1159 2074 1255 2128 λέγω
1276 2070 1389 2125 ὑμῖν,
1421 2071 1473 2125 μή
1495 2077 1700 2126 μεριμνᾶτε
1722 2074 1757 2113 τί
1779 2071 1855 2124 φά-

325 2157 434 2196 γητε,
466 2139 492 2193 ἢ
517 2144 551 2182 τί
584 2141 818 2193 ἐνδύσησθε
861 2139 945 2194 οὐχὶ
972 2140 997 2194 ἡ
1022 2140 1129 2194 ψυχὴ
1153 2139 1284 2182 πλεῖόν
1314 2141 1390 2181 ἐστι
1420 2144 1488 2193 τῆς
1514 2144 1684 2195 τροφῆς,
1714 2141 1782 2182 καὶ
1811 2139 1854 2182 τὸ

324 2214 434 2262 σῶμα
467 2213 536 2250 τοῦ
562 2208 795 2262 ἐνδύματος,
857 2210 932 2249 Καὶ
963 2207 985 2250 6
1016 2207 1228 2257 άπόστολος
1259 2208 1321 2259 δὲ,
1359 2207 1435 2260 Μή
1467 2202 1538 2249 οὗν
1569 2208 1800 2260 βασιλευέτω
1830 2206 1857 2260 ἦ

325 2275 491 2331 ἁμαρτία
516 2278 556 2318 έν
582 2281 635 2333 τῷ
659 2280 795 2334 θνητῷ
819 2274 929 2329 ὑμῶν
957 2276 1127 2329 σώματι,
1166 2278 1286 2331 λέγων
1316 2280 1427 2329 σῶμα
1459 2274 1660 2330 γινώσκειν
1688 2280 1802 2317 τοῦτο
1832 2273 1857 2316 6

327 2348 579 2398 περικείμεθα
603 2347 809 2397 συνίστησι.
871 2345 950 2384 Καὶ
975 2343 1113 2395 πάλιν,
1146 2346 1201 2385 Εἰ
1224 2344 1265 2385 δὲ
1293 2342 1335 2385 τὸ
1367 2348 1520 2397 πνεῦμα
1545 2348 1616 2385 τοῦ
1639 2344 1856 2398 ἐγείραντος

325 2411 476 2466 Ἰησοῦν
499 2415 600 2453 οἰκεῖ
619 2414 659 2454 ἐν
682 2410 793 2465 ὑμῖν,
825 2409 848 2452 6
871 2413 1018 2466 ἐγείρας
1045 2411 1214 2465 Χριστὸν
1237 2414 1278 2453 ἐκ
1297 2416 1446 2466 νεκρῶν
1468 2410 1701 2464 ζωοποιήσει
1720 2412 1788 2452 καὶ
1809 2409 1856 2452 τά

323 2480 451 2534 θνητά
477 2480 636 2533 σώματα
661 2478 783 2533 ὐμῶν.
846 2479 924 2519 Καὶ
957 2478 1093 2529 πάλιν,
1129 2478 1221 2521 Ἐάν
1250 2482 1339 2538 εἴπῃ
1368 2478 1390 2521 6
1413 2484 1514 2528 ποῦς
1539 2478 1618 2530 ὅτι,
1663 2477 1748 2520 Οὔκ
1779 2480 1857 2533 εἰμι

326 2551 426 2603 χεὶρ,
459 2547 531 2590 οὔκ
559 2551 636 2601 εἰμι
670 2550 711 2589 ἐκ
741 2552 811 2589 τοῦ
835 2546 1035 2600 σώματος,
1067 2545 1113 2588 οὐ
1136 2547 1243 2603 παρα
1265 2553 1379 2590 τοῦτο
1403 2547 1477 2589 οὐκ
1499 2548 1602 2588 ἔστιν
1623 2548 1666 2589 ἐκ
1687 2551 1757 2588 τοῦ
1781 2545 1853 2588 σώ-

324 2634 454 2669 ματος.
517 2618 596 2657 Καὶ
622 2615 758 2664 πάλιν,
793 2617 871 2657 Καὶ
899 2613 952 2668 μὴ
987 2613 1209 2666 άσθενήσας
1230 2613 1404 2670 Ἁβραάμ
1431 2619 1478 2673 τῇ
1500 2617 1645 2665 πίστει,
1677 2612 1725 2656 οὗ
1748 2630 1855 2656 κατε-

325 2683 439 2736 νόησε
462 2684 502 2725 τὸ
529 2685 672 2725 ἑαυτοῦ
693 2688 806 2736 σῶμα
835 2688 851 2712 3
868 2680 1134 2736 νεκρούμενον.
1196 2684 1275 2724 Καὶ
1298 2683 1434 2733 πάλιν,
1473 2681 1575 2730 Τοῦς
1603 2681 1676 2736 γάρ
1707 2679 1855 2729 πάντας

324 2750 427 2804 ἡμᾶς
450 2756 733 2804 φανερωθῆναι
766 2754 827 2792 δεῖ
846 2752 1070 2805 ἔμπροσθεν
1094 2754 1163 2790 τοῦ
1188 2750 1362 2803 βήματος
1382 2755 1453 2792 τοῦ
1478 2754 1669 2804 Χριστοῦ,
1699 2750 1764 2790 ἵνα
1788 2765 1853 2790 κο-

327 2822 483 2872 μίσηται
504 2820 661 2868 ἕκαστος
685 2818 732 2860 τά
756 2818 821 2860 διά
843 2823 912 2860 τοῦ
933 2817 1110 2871 σώματος
1139 2816 1239 2871 πρός
1264 2818 1289 2859 ἃ
1320 2820 1471 2872 ἔπραξε.
1532 2817 1613 2857 Καὶ
1633 2815 1769 2868 πάλιν,
1800 2818 1857 2857 Αἱ

327 2887 396 2939 μὲν
425 2888 623 2928 ἐπιστολαὶ
650 2890 805 2942 βαρεῖαι
826 2888 892 2928 καὶ
916 2886 1086 2940 ἰσχυραὶ,
1117 2883 1144 2937 ’ἦ
1166 2885 1207 2926 δὲ
1228 2888 1424 2939 παρουσία
1446 2889 1514 2926 τοῦ
1538 2882 1716 2936 σώματος
1738 2882 1854 2926 άσθε-

394 2989 469 3021 CAP.
505 2990 590 3021 LIV.
637 3009 680 3014 —
758 2991 785 3022 1.
827 2992 908 3023 Plat.
950 2990 1067 3022 Phaed.
1157 2988 1188 3020 2.
1214 2989 1340 3020 Correxi
1360 2986 1397 3022 τὸ
1422 2987 1531 3030 σῶμα.
1578 2989 1662 3020 Libri
1685 2990 1765 3020 enim
1784 2989 1853 3020 vnl-

324 3045 392 3076 cap.
419 3036 467 3067 10.
1112 3044 1150 3074 9⁰
1173 3033 1221 3079 τῷ
1244 3031 1383 3077 σώματι.
