2066 3319
205 882 292 926 Κεφ.
310 881 371 917 νὲ’

220 1849 286 1878 pag.
305 1841 363 1870 572.

389 172 469 211 498
948 175 1108 208 SANCTI
1134 176 1358 208 EPn‘HANn

388 274 449 298 ται
473 253 650 305 διάνοια,
680 255 747 295 καὶ
770 251 900 296 οὐκέτι
930 251 1153 295 παντάπασι
1182 252 1359 308 πονηρόν
1388 255 1491 295 ἔσται
1515 251 1556 294 τό
1582 252 1770 308 πονηρὸν,
1801 252 1917 297 ὁπότε

387 328 456 365 τοῦ
489 321 645 377 άγαθοῦ
676 320 898 377 γλιχόμενον
926 318 1149 376 εὑρίσκεται.
1212 325 1303 363 Πᾶν
1336 320 1408 377 γάρ
1434 320 1476 362 τό
1504 319 1678 376 πονηρόν
1706 319 1919 376 ἀπέχθειαν

388 393 461 444 ἔχει
480 389 581 446 πρός
603 388 644 432 τὸ
669 388 845 445 ἀγαθὸν,
878 387 931 438 ὦς
956 391 1021 430 καὶ
1044 388 1085 431 vd
1112 388 1266 445 άγαθόν
1288 389 1335 431 οὗ
1359 389 1538 443 βούλεται
1561 388 1603 431 τό
1630 390 1812 445 πονηρόν.
1865 393 1920 432 Εἰ

389 459 429 500 δὲ
451 458 593 512 ἀναμὶξ
614 456 778 514 ὖπάρχει
800 462 878 499 τῶν
910 455 1142 513 άμφοτέρων
1165 456 1191 511 η’
1221 459 1406 510 δύναμις,
1438 458 1504 499 καὶ
1528 454 1550 499 o‘
1573 455 1727 512 άγαθός
1749 458 1818 511 μὲν
1837 456 1918 501 οἶδε

388 532 505 569 συλᾶν
524 526 566 569 τὸ
592 529 706 578 ἴδιον,
737 531 917 579 πολεμεῖν
937 543 974 568 τε
998 527 1064 567 καὶ
1089 526 1256 581 ἐκδέρειν
1275 524 1345 575 τοὶς
1363 524 1502 581 Ἀρχὰς
1526 526 1592 567 καὶ
1616 524 1684 575 τοὶς
1703 524 1917 577 Έξουσίας,

386 596 479 638 ποτὲ
512 595 553 637 δὲ
587 593 761 651 άναιρεῖν
793 595 860 636 καὶ
894 592 1090 647 ἀφανίζειν
1127 592 1196 648 τὴν
1232 592 1308 636 ὑπό
1345 598 1414 636 τοῦ
1455 598 1632 647 πονηροῦ
1664 595 1918 649 γεγενημένην

384 663 530 717 ”Υλην,
572 664 664 706 ποτὲ
695 664 736 705 δὲ
767 664 804 713 ἐξ
835 662 956 716 αὐτῆς
979 661 1179 714 πλάσσειν,
1222 662 1314 704 ποτὲ
1340 663 1380 703 δὲ
1405 661 1622 714 ἀφανίζειν,
1653 665 1822 718 πονηρία
1851 663 1918 705 καὶ

387 730 603 781 άσύστατος
632 731 810 787 διήγησις
837 736 906 785 τῆς
924 734 995 773 τοῦ
1018 729 1216 786 ἀλιτηρίου
1254 736 1296 759 ¹⁰
1311 729 1452 772 τούτου
1472 728 1567 783 ἡμῖν
1589 731 1914 785 ἐπειςενεχθείσης

387 798 618 854 ἀδολεσχίας.

501 869 601 925 Φέρε
629 868 677 922 δη
706 871 827 910 ειπεῖν
850 870 916 910 καὶ
942 868 1031 922 περὶ
1056 885 1124 921 της
1146 872 1214 910 τοῦ
1237 872 1362 910 κακοῦ
1383 866 1572 920 φύσεως
1562 866 1678 908 πάλιν
1701 866 1915 922 ἀναλαβόν-

386 954 446 986 τες
467 935 535 980 τόν
557 936 692 1019 λόγον,
722 938 803 993 λέγε
825 935 940 990 ημῖν,
984 938 1012 978 ὠ
1040 936 1174 987 οὗτος,
1206 935 1285 978 ἀπὸ
1311 936 1451 990 χρόνου
1475 935 1729 991 Αὐρηλιανοῦ
1754 939 1824 978 τοῦ
1849 938 1916 988 βα-

386 1007 519 1055 σιλέως
551 1007 616 1048 καὶ
648 1008 764 1061 δεῦρο
800 1003 946 1054 ἐλθών,
989 1006 1055 1045 καὶ
1084 1003 1132 1045 τά
1164 1003 1239 1058 πρὸ
1274 1003 1432 1046 πάντων
1467 1003 1622 1045 αἰώνων
1647 1002 1914 1059 διηγούμενος,

386 1073 474 1116 οὔτε
505 1092 585 1116 που
620 1079 732 1116 τοῦτο
770 1078 983 1129 προφητῶν
1014 1071 1306 1122 θεσπισάντων,
1350 1071 1438 1114 οὔτε
1480 1072 1602 1114 αὐτοῦ
1638 1077 1707 1114 τοῦ
1745 1076 1917 1126 σωτῆρος

383 1148 496 1185 τοῦτο
521 1141 779 1196 δεδιδαχότος,
811 1139 900 1183 ούτε
923 1139 1159 1193 ἀποστόλων,
1193 1142 1227 1181 εἰ
1246 1139 1298 1193 μή
1318 1157 1354 1181 τι
1376 1139 1423 1181 α“ν
1447 1139 1680 1197 φλυαρήσῃς
1702 1139 1914 1182 ἐπίπλαστά

384 1229 468 1253 τινα
500 1212 537 1260 ἐξ
569 1209 761 1291 ὀνόματος
791 1207 912 1264 άγιων
941 1211 1071 1261 βιβλία
1103 1209 1227 1264 εαυτῷ
1257 1208 1462 1259 τιθέμενος
1492 1209 1557 1249 καὶ
1586 1207 1914 1263 προβαλλόμενος,

382 1278 509 1321 πόθεν
547 1280 619 1320 οὐν
656 1277 785 1331 η’κεις,
829 1278 858 1318 ὠ
891 1271 1028 1326 οὗτος,
1072 1294 1141 1329 την
1178 1280 1301 1317 κακοῦ
1331 1274 1590 1330 άρχαΐζουσαν
1618 1273 1741 1331 α’ρχην
1770 1277 1914 1331 φέρων,

382 1345 630 1402 ἐρωτώμενος
658 1346 699 1387 δὲ
728 1342 796 1397 ὑφ’
821 1343 954 1398 ἡμῶν,
995 1345 1032 1386 εἰ
1062 1342 1207 1397 ταύτην
1241 1361 1406 1425 τρεπτην
1441 1362 1524 1386 τινα
1549 1343 1711 1396 φάσκει,
1753 1343 1782 1398 ἢ
1806 1343 1912 1400 άτρε

382 1432 496 1465 πτονς
530 1413 634 1467 ’Ήδη
661 1414 702 1455 δὲ
725 1411 898 1466 ἐνηχήθη
924 1410 1017 1466 ημῖν
1040 1410 1140 1461 ῶς”
1115 1429 1302 1466 ατρεπτον
1329 1410 1451 1465 αὐτην
1474 1414 1695 1494 εἰςηγεῖται,
1726 1413 1793 1454 καὶ
1821 1413 1915 1455 ποτὲ

382 1483 451 1537 μὲν
470 1499 655 1538 τρεπτην,
685 1482 777 1524 ποτὲ
797 1481 839 1522 δὲ
861 1479 1063 1536 ἄτρεπτον
1106 1482 1160 1530 εἰς
1182 1481 1249 1534 μὲν
1269 1479 1312 1522 τὸ
1344 1498 1519 1536 πονηρον
1544 1480 1757 1536 ἄτρεπτον,
1788 1482 1842 1530 εἰς
1873 1481 1914 1523 δὲ

382 1550 424 1593 τὸ
448 1549 603 1607 άγαθόν
624 1550 873 1606 τρεπομένην,
903 1551 969 1591 ι’να
989 1550 1030 1591 ἐκ
1053 1553 1130 1591 τῶν
1152 1548 1259 1591 δύο
1246 1548 1349 1604 όρων
1370 1547 1553 1619 αἰσχύνην
1573 1554 1627 1606 τῷ
1648 1551 1721 1607 βίω
1743 1547 1910 1607 ὀφλήσῃ.

381 1621 437 1660 Εἰ
456 1637 529 1675 γαρ
564 1621 603 1661 ἐν
635 1624 791 1667 πολλοῖς
823 1618 887 1659 καὶ
912 1615 1091 1666 άπλέτοις
1118 1619 1254 1659 αἰῶσιν
1286 1616 1472 1673 ἄτρεπτος
1503 1620 1552 1671 ἠν
1581 1636 1607 1671 η
1639 1621 1774 1669 κακία,
1816 1615 1909 1659 αὕτὸ

380 1693 494 1730 τοῦτο
517 1686 638 1741 μόνον
661 1689 799 1740 ἔχουσα
823 1684 865 1728 τό
890 1684 1033 1740 ὄνομα,
1064 1704 1131 1728 και
1156 1684 1308 1728 οὐδὲν
1296 1687 1424 1741 ε’τερον
1453 1684 1554 1740 πλην
1580 1690 1651 1728 τοῦ
1675 1690 1823 1737 κακοῦ,
1854 1688 1910 1735 τίς

381 1757 519 1811 ἔτρεψε
551 1754 642 1808 μετα
669 1753 835 1804 πολλοὺς
860 1756 1004 1804 αἰῶνας
1026 1753 1097 1807 τὴν
1119 1753 1307 1809 ἄτρεπτον
1331 1755 1450 1806 φύσιν
1471 1757 1609 1804 κακίας
1632 1759 1825 1810 τραπῆναι
1848 1755 1911 1796 ἐπὶ

384 1823 431 1865 τά
454 1822 506 1878 μὴ
529 1823 794 1879 προςήκοντας
828 1825 882 1864 Εἰ
900 1821 972 1878 γάρ
997 1821 1108 1865 οὔπω
1137 1817 1186 1876 ἧν
1209 1821 1412 1877 ἁρπάξασα
1436 1823 1622 1876 δύναμιν,
1652 1824 1719 1865 καὶ
1740 1840 1909 1866 καταπο-

379 1891 596 1946 λεμήσασα,
628 1893 724 1945 μηδὲ
743 1894 915 1945 λαβοῦσα
939 1894 1154 1933 πανοπλίαν
1178 1893 1232 1940 εἰς
1252 1888 1371 1944 αὐτῆς
1393 1889 1556 1945 δύναμιν
1576 1892 1643 1934 καὶ
1666 1893 1720 1941 εἰς
1743 1890 1908 1945 ἐδωδὴν,

386 1966 398 1989 ¹
418 1961 544 2014 ἔμελλε
567 1960 607 2002 δὲ
631 1962 671 2002 ἐν
694 1965 849 2009 πολλοῖς
870 1961 1005 2001 αἰῶσιν
1030 1958 1222 2014 ἄτροφος,
1265 1959 1363 2012 μηδὲ
1393 1964 1544 2014 τροφῆς
1574 1961 1823 2014 ἐπιδεομένη,
1853 1962 1910 2009 τίς

381 2030 517 2084 ἔτρεψε
549 2027 619 2082 τήν
644 2045 736 2070 ποτε
762 2027 814 2082 μή
837 2029 1091 2081 ἐπιδεομένην
1116 2031 1264 2083 τροφῆς
1287 2029 1341 2076 εἰς
1360 2027 1513 2082 τροφὴν
1532 2027 1662 2081 ἥκειν,
1692 2029 1760 2070 καὶ
1781 2029 1908 2081 ἐπιζη-

381 2103 461 2138 τεῖν
486 2096 581 2151 ὅπερ
610 2097 700 2138 ποτὲ
723 2094 794 2138 οὔκ
821 2095 1009 2150 ἐπεζήτει,
1039 2097 1103 2138 καὶ
1130 2097 1356 2138 ἐπιδέεσθαι
1379 2095 1474 2151 ὅπερ
1498 2097 1592 2138 ποτὲ
1614 2095 1686 2138 οὐκ
1710 2097 1906 2147 ἐπεδέετο,·

378 2163 472 2206 Ἀλλ’
494 2167 529 2207 εἰ
548 2164 624 2221 ἄρα
646 2163 791 2219 ἐτράπη
818 2163 886 2218 τήν
910 2163 1049 2217 φύσιν,
1080 2165 1145 2206 καὶ
1170 2169 1254 2214 πῶς
1273 2162 1300 2218 ἦ
1322 2163 1428 2220 παρὰ
1452 2166 1513 2206 σοὶ
1535 2163 1702 2220 α’τρεψία
1722 2166 1812 2220 περὶ
1835 2168 1907 2207 τοῦ

379 2238 507 2275 κακοῦ
531 2232 833 2286 συσταθήσεταις
865 2234 920 2273 Εἰ
937 2234 977 2275 δὲ
1000 2234 1065 2275 καὶ
1087 2231 1202 2274 πάλιν
1225 2235 1279 2282 εἰς
1303 2235 1405 2275 ἰδίαν
1428 2231 1660 2275 κατάστασιν
1681 2234 1804 2284 ἔλθοι,
1835 2251 1904 2287 μη-

379 2303 460 2344 κέτι
485 2299 663 2358 εὐπορῶν
694 2300 716 2343 ὂ
749 2299 889 2355 φάγοι,
930 2307 1014 2350 πῶς
1037 2299 1059 2343 ὁ
1080 2299 1199 2343 πάλιν
1227 2303 1268 2343 ἐν
1298 2304 1489 2358 συνηθείᾳ
1519 2300 1686 2357 γεγονῶς
1709 2299 1850 2352 κακός,
1881 2299 1907 2354 ἢ

381 2369 574 2425 πονηρός,
613 2374 681 2412 τοῦ
702 2368 938 2423 βιβρῶσκειν
970 2371 1035 2411 καὶ
1066 2371 1192 2428 ἐδωδῇ
1222 2374 1391 2424 χρῆσθαι
1422 2368 1585 2412 δύναται
1615 2368 1824 2423 ὑπομένειν
1853 2371 1907 2418 εἰς

379 2437 446 2480 τόν
470 2437 628 2481 ἐπιόντα
650 2437 789 2494 χρόνον
815 2436 908 2478 ἄνευ
932 2439 1080 2491 ἐδωδῆς
1101 2439 1302 2488 διατελῶν,·
1347 2439 1402 2479 Εἰ
1420 2436 1491 2493 γάρ
1516 2439 1558 2480 ἐν
1582 2441 1774 2495 συνηθείᾳ
1802 2440 1904 2493 βρω-

382 2505 515 2559 μάτων
541 2506 592 2560 μή
616 2504 784 2562 γεγονώς
815 2504 885 2547 οὐκ
916 2504 1100 2559 ἠδυνήθη
1120 2504 1356 2560 ὑποστῆναι,
1389 2504 1481 2548 ἄλλα
1504 2505 1651 2561 ἐτράπη
1679 2507 1733 2555 εἰς
1756 2505 1905 2560 ἐδωδήν

381 2576 580 2628 ἔρχεσθαι,
610 2576 677 2617 καὶ
697 2573 862 2627 συλήσας
892 2572 960 2627 τήν
986 2572 1117 2627 ψυχὴν
1147 2577 1287 2629 βρῶμα
1310 2576 1432 2631 ἑαυτῷ
1456 2572 1776 2628 περιεποιήσατο,
1807 2577 1900 2627 μᾶλ-

381 2648 445 2684 λον
474 2645 514 2686 ἐν
534 2646 723 2700 συνηθείᾳ
746 2641 950 2697 βρώματος
981 2641 1146 2698 γεγονώς
1169 2641 1323 2696 ἄσχετος
1345 2644 1451 2684 ἔσται
1472 2641 1543 2696 τήν
1567 2640 1707 2694 φύσιν,
1736 2642 1802 2683 καὶ
1835 2639 1902 2684 οὔ·

384 2711 446 2752 δὲν
475 2710 523 2754 ἂν
557 2716 695 2755 τοῦτον
727 2713 973 2766 παραπείσειε
1009 2713 1134 2764 λίχνον
1170 2709 1370 2766 γεγονότα,
1411 2711 1478 2753 καὶ
1513 2711 1553 2752 ἐν
1587 2712 1702 2767 πείρᾳ
1738 2711 1900 2764 ἐδωδῆς,

432 2905 478 2938 10.
505 2908 650 2947 Suspicor
671 2906 777 2940 τοῦτο.
1164 2907 1276 2938 invenit
1298 2908 1331 2938 in
1357 2906 1493 2946 exemplo
1515 2905 1709 2945 Schottiano,
1742 2907 1825 2946 quod
1846 2915 1900 2946 e9u

432 2950 506 2982 CAP.
529 2952 614 2984 LIX.
648 2971 689 2976 ——
737 2952 766 2983 1.
791 2953 828 2984 H.
849 2961 871 2983 e.
896 2950 1115 2983 cunctabatur.
1163 2961 1242 2983 nunc
1261 2952 1412 2991 possideo,
1435 2953 1617 2982 annotatum
1635 2959 1673 2981 ex
1692 2952 1759 2982 cod.
1775 2961 1832 2984 ms.
1847 2961 1900 2984 ne-

384 2998 529 3030 Petavius
552 2995 645 3040 ἔμενε
664 2998 876 3038 corrigendum
886 3000 1019 3038 patavii,
1040 2998 1122 3038 quod
1165 2999 1227 3028 scio
1249 3006 1317 3036 quo.
1366 2998 1530 3036 signatum
1552 2996 1594 3027 ibi
1614 2998 1657 3028 est
1677 2997 1754 3037 siglo
1777 2998 1819 3029 Μ.
