2066 3319
191 630 276 671 Κεφ.
300 626 357 671 ξβ’.

362 114 438 153 504
918 120 1079 152 SANGTI
1102 121 1325 153 EPIPHANH

362 197 428 238 τόν
453 198 679 251 Ἀρχέλαον,
723 200 789 238 ἰ’να
832 196 950 239 αὐτόν
988 196 1152 256 ἦττήσῃ,
1198 200 1264 240 καὶ
1304 197 1351 240 οὗ
1389 198 1604 253 δεδύνηται.
1676 203 1771 248 Πῶς
1811 194 1884 240 οὖν

362 266 515 318 ἀγνοῶν
538 263 581 306 τό
604 264 830 319 πρόςφατον
849 265 1010 307 δύναται
1035 268 1175 308 εἰδέναι
1199 268 1287 321 περὶ
1305 272 1382 308 τῶν
1408 266 1612 320 μειζόνων,·
1643 271 1727 316 πῶς
1751 267 1792 308 δὲ
1811 264 1884 308 οῦκ

363 334 478 373 ἔλαθε
498 331 565 380 τας
590 339 719 386 χεῖρας
743 339 812 374 τοῦ
833 335 1020 389 βασιλέως
1043 339 1119 376 τῶν
1143 339 1327 389 Περσῶν,
1361 340 1378 363 8
1393 333 1444 384 ὥς
1464 334 1526 377 ’ὅτε
1549 334 1664 384 ἁλούς
1686 336 1808 376 ἔδωκε
1831 336 1886 375 δί-

363 418 457 453 κην,
492 406 508 430 ⁹
527 399 619 441 Ἀλλ’
643 403 709 442 ἵνα
731 406 938 459 καταφανῇ
968 407 1048 451 τοῖς
1077 401 1228 449 σύνεσιν
1257 405 1504 456 κεκτημένοις
1527 402 1625 445 κατα
1645 401 1773 445 πάντα
1790 413 1886 454 ψευυ

364 468 536 522 δόμενος.

489 606 612 649 Πάλιν
642 606 683 647 δὲ
713 604 890 658 βούλεται
919 607 1050 661 φέρειν
1079 610 1313 662 μαρτυρίαν,
1352 610 1417 649 ἵνα
1445 608 1673 666 παραστήσῃ
1703 608 1773 662 τήν
1801 605 1889 662 παρ’

369 678 472 735 αὐτῷ
498 676 702 730 λεγομένην
728 672 874 724 δυάδα,
916 675 978 716 καὶ
1007 675 1112 732 διέλῃ
1145 673 1337 728 οἷναμέσον
1367 680 1444 717 τῶν
1477 675 1548 718 δύο
1580 674 1726 730 Ἀρχῶν
1755 681 1889 726 κενῶς,

370 749 410 789 ἐν
443 750 495 802 τῷ
522 745 642 785 εἰπεῖν
668 741 735 783 τὸν
755 746 928 795 σωτῆρα,
975 741 1034 784 Οὐ
1062 742 1222 785 δύναται
1244 745 1402 798 δέντρον
1434 743 1589 799 ἄγαθὸν
1622 743 1798 799 καρποῦς
1824 762 1892 785 κα-

371 813 467 863 κοῦς
490 817 669 865 ποιῆσαι,
717 816 730 839 ¹
748 808 839 852 οὐδὲ
862 811 1023 864 δένδρον
1051 809 1199 864 σαπρόν
1230 811 1405 867 καρπούς
1430 811 1606 867 ἀγαθούς
1631 817 1809 865 ποιῆσαι·
1850 813 1892 853 ἐκ

371 882 443 939 γάρ
476 886 546 923 τοῦ
579 884 732 934 καρποῦ
766 878 806 920 τό
839 880 999 933 δένδρον
1027 878 1264 933 γινώσκεται.
1325 881 1405 921 Καὶ
1432 879 1505 935 ὅρα
1531 897 1596 933 μοι
1624 879 1696 934 τήν
1724 878 1894 935 ἐλαφράν

312 966 352 993 ·’.
372 950 571 1000 διάνοιαν,
601 950 666 990 καὶ
690 948 807 1001 μηδὲν
831 948 871 988 ἐν
893 946 1011 1000 βάθει
1033 946 1079 988 τοὶ
1098 952 1166 1000 τῆς
1187 951 1300 996 θείας
1321 954 1476 1003 γραφῆς
1499 953 1778 990 κατανοοῦσαν.
1841 949 1896 989 Εἰ

375 1021 442 1074 μὲν
464 1018 535 1074 γάρ
566 1018 706 1071 δένδρα
730 1017 850 1066 εἰσὶν,
882 1013 957 1069 ἄρα
980 1017 1047 1056 καὶ
1069 1014 1239 1071 γεωργὸν
1262 1017 1410 1069 ἔχουσι,
1440 1018 1506 1058 καὶ
1530 1015 1634 1069 φυτοὶ
1660 1014 1896 1072 τυγχάνοντα

375 1089 442 1129 καὶ
464 1085 619 1133 πάντως
640 1082 718 1125 ὑπό
748 1082 853 1131 τινός
876 1085 947 1124 εἰσι
978 1085 1282 1136 πεφυτευομένα.
1346 1089 1436 1125 Πᾶν
1463 1085 1503 1126 δὲ
1531 1084 1574 1126 τό
1607 1085 1898 1138 πεφυτευμένον

377 1154 450 1198 οὐκ
473 1157 572 1196 ἔστιν
595 1151 782 1207 ἄναρχον,
814 1149 940 1192 ἳοῖλλᾶ
963 1150 1084 1205 ἀρχὴν
1112 1153 1202 1204 ἔχει·
1243 1151 1365 1205 ἅρχήν
1397 1153 1438 1193 δὲ
1468 1154 1556 1205 ἕχον
1585 1154 1651 1194 καὶ
1675 1153 1781 1201 τέλος
1803 1150 1897 1204 ὖφέ-

377 1227 440 1274 ξει.
505 1223 645 1263 Τοίνυν
678 1219 720 1261 τὸ
754 1218 904 1274 σαπρὸν
940 1220 1102 1273 δένδρον
1139 1217 1211 1260 οῦκ
1237 1215 1286 1272 ἦν
1317 1219 1396 1268 ἀεὶ,
1427 1218 1520 1261 ἄλλα
1545 1219 1803 1272 πεφύτευται,
1834 1221 1900 1261 καὶ

376 1291 419 1333 τὸ
440 1288 594 1345 ἆγαθόν
614 1289 774 1342 δένδρον
795 1291 910 1329 τοῦτο
932 1286 980 1327 οὐ
1001 1287 1088 1341 περὶ
1110 1285 1238 1340 πάσης
1257 1292 1326 1340 τῆς
1349 1286 1505 1329 ἄνωθεν
1524 1286 1767 1343 ἆγαθότητος
1793 1291 1899 1341 3διη-

376 1365 506 1415 γεῖται.
558 1357 667 1397 Ἐκεῖ
685 1354 757 1411 γαρ
781 1353 976 1407 ἅψευστος
1005 1354 1206 1410 ἆγαθότης
1228 1354 1443 1409 μεταβολήν
1479 1354 1530 1409 μή
1560 1357 1720 1409 ἔχουσα,
1762 1357 1828 1398 καὶ
1859 1358 1900 1398 ἐν

377 1431 467 1484 τιμῇ
504 1422 745 1480 ἀνεκλαλήτῳ
784 1428 854 1465 τοῦ
888 1421 1000 1471 ὄντος
1035 1421 1146 1478 ἆγίου
1179 1429 1280 1465 θεοῦ
1315 1422 1358 1465 τό
1393 1423 1596 1477 διανόημα.
1656 1426 1730 1473 Εἰς
1763 1423 1902 1477 δὲτὴν

379 1496 467 1549 περὶ
491 1497 625 1546 φυτῶν
649 1493 840 1547 ἐνέργειαν
864 1493 1009 1544 ἴδωμεν
1039 1493 1074 1532 εἰ
1097 1490 1221 1541 οὕτως
1243 1493 1337 1545 ἔχει,
1366 1493 1433 1533 καὶ
1455 1491 1633 1546 λάβωμεν
1657 1493 1788 1548 λέγειν.
1849 1494 1904 1533 Εἰ

381 1564 449 1617 μὲν
474 1560 544 1618 γάρ
570 1563 659 1616 περὶ
680 1565 750 1602 τοῦ
774 1558 962 1613 διαβόλου
986 1561 1087 1601 ἐστὶν
1106 1558 1129 1601 ό
1148 1559 1282 1615 λόγος,
1313 1559 1389 1613 ἤδη
1413 1559 1596 1609 πολλάκις
1620 1563 1813 1614 ἐδείξαμεν
1843 1560 1901 1602 ὅτι

381 1631 428 1673 οὐ
452 1628 624 1683 πονηρὸς
648 1630 863 1685 γεγένηται·
895 1626 1009 1669 οὐδὲν
1030 1627 1103 1683 γάρ
1128 1633 1280 1680 φαῦλον
1306 1626 1328 1669 ό
1349 1627 1446 1677 θεὸς
1475 1630 1652 1682 ἐποίησε,
1693 1630 1761 1671 καὶ
1789 1633 1903 1670 τοῦτο

382 1706 462 1748 τοῖς
495 1703 667 1746 συνετοῖς
700 1699 778 1739 ἐστι
808 1695 1034 1750 κατάδηλον.
1096 1698 1151 1737 Εἰ
1184 1695 1256 1751 γαρ
1287 1695 1384 1738 κατά
1415 1701 1493 1738 τῶν
1525 1695 1654 1739 αὐτῶν
1684 1696 1902 1752 φερόμεθα,

384 1766 498 1810 οὐδὲν
523 1765 683 1819 λυπήσει
717 1763 920 1815 α’ποδεῖξαι
953 1765 1019 1806 καὶ
1053 1767 1093 1806 ἐν
1125 1769 1177 1821 τῷ
1207 1763 1372 1819 παρόντι
1402 1764 1470 1807 τόν
1504 1767 1593 1821 περὶ
1620 1771 1690 1819 τῆς
1721 1763 1906 1817 ἀληθείας

383 1835 509 1891 λόγον.
567 1833 630 1876 Ἐν
656 1839 702 1892 τῇ
725 1834 822 1892 ἀρχῇ
841 1836 974 1875 τοίνυν
995 1838 1144 1885 φαῦλος
1166 1831 1238 1874 οῦκ
1262 1828 1323 1886 ἦν,
1354 1831 1481 1887 ἐπέβη
1509 1834 1550 1875 δὲ
1573 1839 1732 1886 φαῦλος.
1787 1831 1904 1884 Ἰδού,

386 1903 434 1946 οὐ
454 1902 737 1956 συσταθήσεται
759 1904 800 1944 ἐν
818 1906 871 1958 τῷ
895 1903 1000 1957 μέρει
1022 1901 1146 1958 τούτῳ
1172 1900 1193 1943 ὁ
1213 1903 1300 1956 περὶ
1325 1906 1395 1943 τοῦ
1419 1907 1547 1953 φυτοῦ
1567 1903 1692 1957 λόγος.
1734 1900 1906 1955 Ὁρῶμεν

384 1972 457 2028 γάρ
481 1973 546 2013 καὶ
570 1975 727 2012 Σαῦλον
750 1969 918 2023 διώκτην
939 1969 1161 2025 γενόμενον,
1191 1969 1352 2023 ’ὕστερον
1373 1970 1414 2011 δὲ
1438 1969 1677 2024 διωκόμενον
1709 1967 1806 2023 ’ὑπὲρ
1837 1973 1906 2010 τοῦ

387 2039 579 2094 ὀνόματος
599 2034 647 2081 οῦ
669 2056 762 2080 ποτε
783 2041 950 2080 ἐδίωκεν.
991 2036 1162 2093 Ὁρῶμεν
1183 2036 1251 2079 τὸν
1265 2037 1424 2080 Ἰούδαν
1450 2039 1711 2093 ἐκλελεγμένον
1734 2036 1804 2079 σῦν
1824 2042 1907 2086 τοῖς

387 2108 539 2150 δώδεκα
564 2106 810 2158 ἀποστόλοις,
841 2108 908 2148 καὶ
928 2106 1090 2160 ὕστερον
1114 2104 1336 2159 ἀποβάντα,
1367 2108 1432 2147 καὶ
1456 2108 1497 2148 ἐν
1521 2108 1646 2161 μερίδι
1669 2110 1822 2162 πονηρᾷ
1853 2122 1908 2147 τε-

387 2178 582 2232 ταγμένον.
638 2173 811 2230 Ὁρῶμεν
843 2173 966 2228 Ῥαοὶβ
997 2174 1066 2227 τὴν
1100 2173 1251 2229 πόρνην
1283 2173 1482 2228 ἀλλοτρίαν
1514 2169 1637 2216 οὖσαν
1668 2179 1739 2216 τοῦ
1773 2175 1909 2229 γένους

385 2244 546 2300 Ἰσραήλ,
571 2243 730 2299 ὕστερον
750 2243 789 2284 δὲ
812 2242 1111 2296 μετανοήσασαν,
1134 2243 1197 2284 καὶ
1220 2245 1415 2295 λαβοῦσαν
1435 2247 1534 2284 θεοῦ
1555 2241 1625 2284 τὸν
1646 2244 1761 2284 ἔλεον.
1790 2239 1909 2297 Ὁρῶ-

389 2330 456 2367 μεν
476 2312 544 2354 τόν
563 2311 705 2370 λῃστήν
727 2312 790 2353 ἐπὶ
821 2316 841 2339 4
855 2314 1070 2368 κακουργίᾳ
1095 2309 1255 2361 ἁλόντα,
1286 2312 1350 2352 καὶ
1374 2311 1644 2366 κρεμασθέντα
1667 2311 1732 2352 ἐπὶ
1753 2314 1822 2352 τοῦ
1845 2308 1907 2359 ξύ-

389 2389 477 2433 λου,
508 2382 573 2422 καὶ
602 2379 996 2434 ἐξομολογησάμενον,
1027 2380 1092 2420 καὶ
1112 2379 1269 2436 ἅματῷ
1289 2382 1410 2436 κυρίῳ
1439 2380 1480 2421 ἐν
1507 2383 1559 2435 τῷ
1581 2380 1804 2436 παραδείσῳ
1835 2379 1907 2426 εἰς-

390 2448 614 2503 εληλυθότα.
672 2447 849 2503 Ὀρῶμεν
876 2445 1075 2488 Νικόλαον
1101 2446 1218 2489 καλὸν
1242 2446 1356 2497 ὅντα,
1395 2448 1462 2488 καὶ
1489 2447 1771 2501 ἐκλελεγμένον,
1800 2445 1907 2486 ῦστε·

391 2535 461 2571 ρον
483 2518 524 2559 δὲ
546 2515 746 2570 ἀποβάντα
767 2514 940 2569 πονηρόν
969 2516 1034 2556 καὶ
1058 2517 1098 2556 ἐν
1118 2521 1199 2564 τοῖς
1221 2514 1477 2570 αἰρεσιάρχαις
1507 2514 1706 2567 ταχθέντα.
1766 2514 1845 2554 Καὶ
1874 2516 1910 2554 τί

391 2603 456 2639 μοι
481 2584 526 2626 τοὶ
547 2584 681 2638 πλήθη
705 2586 824 2640 λέγειν
833 2603 845 2635 ,·
873 2587 910 2625 τί
928 2578 999 2625 οῦν
1022 2585 1098 2625 ἐστι
1129 2582 1171 2624 τό
1195 2582 1320 2635 φυτόν
1350 2587 1464 2624 τοῦτο
1489 2581 1532 2625 τὸ
1556 2581 1729 2637 πονηρὸν
1761 2579 1830 2633 ἐφ’
1861 2576 1909 2623 οῦ

392 2652 543 2708 α’γαθόν
568 2652 615 2695 οὕ
640 2655 802 2708 γίνεται,·
841 2651 952 2693 Ἀλλά
975 2650 1088 2693 πάλιν
1113 2650 1270 2705 πράξεις
1295 2652 1389 2692 εἰσὶν
1415 2649 1652 2706 ἀνθρώπων.
1708 2647 1767 2690 Οὕ
1794 2647 1910 2690 δύνα-

391 2740 453 2763 ται
475 2721 547 2777 γάρ
574 2724 614 2763 ἐκ
635 2724 818 2776 πορνείας
842 2718 1042 2776 ἆγαθότης
1064 2716 1180 2760 εἶναι·
1219 2718 1266 2761 οὐ
1292 2718 1452 2760 δύναται
1477 2721 1518 2761 ἐκ
1539 2716 1699 2771 φθόνου
1721 2720 1911 2773 πονηρίας

437 2849 467 2880 8.
493 2850 636 2887 Suspicor
661 2844 745 2886 ὥςτε
767 2846 874 2884 ἁλοὺς.
1272 2841 1331 2878 ἀλλ

437 2891 467 2925 9.
492 2889 1127 2933 1ηιεῑῑε9εῑαοεοῑυεἈλλ’ἐλαὲε,ἳ’ναεείι.
1217 2892 1247 2921 ¹2.
1274 2890 1331 2923 καὶ
1354 2886 1459 2934 ἀρχὴν
1483 2891 1550 2922 cod.
1573 2891 1700 2930 Rhediy.

440 2938 514 2970 CAP.
534 2939 641 2970 LXH.
665 2959 707 2963 —
758 2941 782 2972 l.
808 2935 844 2972 οὗ
868 2940 935 2971 cod.
956 2940 1083 2978 Rhecziy.
1216 2934 1246 2968 3.
1273 2942 1382 2967 narrat
1405 2942 1492 2969 recte
1514 2937 1658 2967 convertit
1681 2936 1856 2968 Carnarius.
