2030 3324
488 200 670 232 PANARH
695 199 778 231 ΜΒ.
799 200 840 232 11.
863 199 972 231 ToM.
995 199 1034 230 n.
1063 197 1193 228 HAER.
1218 196 1346 227 inx.
1632 185 1711 224 713

163 294 304 322 nomen
330 279 422 319 illud
448 279 719 319 substantiae?
767 279 849 319 Ant
877 292 946 318 cur
977 275 1322 317 consubstantialis
1361 275 1458 330 patri
1488 273 1588 314 lilius
1619 271 1714 312 dici-

163 349 250 389 tur?
300 345 480 400 Quonam
508 346 545 386 in
572 346 793 401 scripturae
819 347 904 386 loeo
936 343 1352 385 consubstantialitatis
1379 350 1437 382 est
1475 343 1574 382 facta
1607 354 1715 381 men-

165 416 248 457 tio?
281 413 380 469 Quis
407 428 574 468 unquam
604 428 655 454 ex
681 416 868 468 apostolis
883 414 943 454 dei
969 413 1223 453 substantiam
1249 410 1489 451 nominavit?
1522 410 1593 449 hoc
1615 409 1716 448 enim

160 483 342 524 videlicet
364 482 560 536 ignorant,
590 482 688 522 idem
716 497 803 523 esse
828 481 1066 537 hypostasim
1093 486 1159 519 aut
1179 479 1436 519 substantiam
1456 478 1602 517 dicere.
1639 475 1712 516 Est

161 550 264 591 enim
290 550 468 590 dominus
502 551 539 590 in
565 550 765 605 hypostasi
792 564 886 600 sua,
921 557 959 589 et
983 551 1160 600 splendor
1182 550 1352 598 glor-lae,
1387 561 1431 584 ac
1453 548 1593 596 figura
1620 545 1707 583 sub-
1729 551 1821 579 Hebr.
1848 551 1872 584 1,
1891 550 1916 576 3-

160 622 300 658 stantia
332 621 424 657 elas.
491 618 565 658 Est
597 618 715 673 igitur
747 618 964 658 substantia
1000 631 1075 656 non
1107 615 1296 669 qnicpiam
1335 614 1556 653 facultatum
1592 613 1716 652 instar

160 693 399 740 suppetens,
448 687 514 726 sed
550 687 639 726 illud
666 687 790 741 ipsum
822 685 921 739 qnod
948 691 1030 735 est,
1074 684 1175 723 sicut
1200 681 1363 737 Moyses
1390 682 1510 732 dixit,
1558 684 1632 731 Qui
1659 686 1917 721 memmi-Qu.

159 756 263 793 misit
280 769 355 801 me,
392 754 514 808 inquit
540 755 585 794 ad
614 754 712 794 filios
741 752 879 794 lsrae'l.
947 751 1081 806 ltaque
1104 751 1166 805 qni
1192 757 1274 801 est,
1310 763 1380 790 ens
1400 756 1483 799 est,
1518 756 1558 789 ut
1582 749 1632 788 ita
1657 748 1713 788 di-

162 835 271 872 cam3
307 822 379 861 hoc
402 829 528 862 autem
560 822 652 862 nihil
675 821 776 862 aliud
805 828 865 862 est
888 835 1000 874 quani
1027 819 1259 860 substantia.
1324 816 1403 857 lam
1432 817 1619 872 particula
1650 816 1716 856 illa

160 886 266 941 ὁμοῦ
293 905 369 930 non
406 905 520 930 unum
553 890 720 944 aliquem
748 896 783 929 et
816 889 1053 942 singularem
1085 887 1292 941 exprimit,
1327 887 1395 926 sed
1422 887 1457 926 in
1493 882 1712 936 ὁμοουσίου

160 972 256 999 voce
282 959 356 998 duo
380 960 567 1012 quaedam
594 959 629 998 in
657 958 790 998 eadem
817 956 990 997 essentia
1018 956 1189 1010 perfecta
1214 955 1431 1008 significat,
1465 968 1564 1008 quac
1590 967 1661 993 nec
1693 967 1714 993 a

160 1040 203 1067 se
229 1026 397 1066 invicem
421 1026 601 1075 diversa,
637 1039 709 1065 nec
732 1026 778 1065 ab
806 1026 952 1065 unitate
976 1038 1047 1065 sua
1071 1023 1150 1064 sint
1175 1024 1316 1063 aliena.
1371 1021 1475 1076 Quid
1502 1022 1534 1062 si
1560 1021 1715 1076 pietatis

159 1094 301 1147 gratia,
330 1101 446 1147 atque
471 1093 517 1133 ad
545 1093 848 1133 consociandam
876 1092 1053 1133 veritatis
1083 1091 1371 1145 professionem
1394 1105 1537 1130 novum
1562 1089 1716 1143 aliquod

160 1161 388 1201 vocabulum
422 1175 611 1216 usurpare
638 1161 860 1202 voluimus?
898 1159 988 1200 Nisi
1011 1160 1113 1200 enim
1140 1158 1474 1198 consubstantiale
1501 1158 1593 1197 illud
1626 1157 1717 1196 reti-

159 1229 384 1280 nuerimus,
431 1242 482 1269 ex
516 1229 695 1269 omnibus
731 1229 961 1269 haeresibus
996 1228 1160 1268 refutari
1195 1227 1298 1267 nulla
1334 1233 1477 1281 potest.
1539 1223 1645 1265 Nam
1678 1231 1718 1264 ut

159 1311 323 1352 serpens
356 1297 555 1338 bituminis
581 1299 740 1338 odorem
771 1297 939 1351 refugit,
974 1304 1039 1337 aut
1064 1309 1206 1337 cervae
1235 1294 1417 1346 halitum,
1462 1300 1527 1334 ant
1556 1299 1719 1347 gagatae

158 1366 294 1420 lapidis
321 1367 511 1417 suffitum,
548 1374 613 1406 aut
637 1366 807 1421 styracis
836 1367 978 1405 fumum
995 1397 1004 1414 ,
1039 1364 1094 1404 sic
1118 1364 1238 1404 Arius
1265 1370 1302 1403 et
1327 1362 1524 1404 Sabellius
1549 1359 1718 1401 consub-

159 1434 354 1474 stantialis
381 1448 516 1474 vocem
542 1435 645 1474 illam
670 1449 714 1474 ac
744 1434 1030 1489 professionem
1056 1433 1313 1473 vehementer
1333 1432 1514 1471 oderunt.
1562 1426 1640 1470 Sed
1663 1428 1718 1467 ita

160 1503 350 1543 adversus
376 1503 463 1542 illos
487 1516 673 1557 agemus:
719 1500 909 1555 Quamvis
943 1516 1130 1555 nusquam
1168 1501 1204 1540 in
1239 1500 1364 1541 sacris
1397 1499 1522 1540 literis
1561 1511 1607 1538 ea
1639 1510 1720 1537 vox

162 1577 319 1611 extaret
349 1576 470 1625 (quae
499 1585 641 1611 revera
673 1579 802 1611 tamen
828 1577 960 1621 extat,
996 1577 1111 1624 atque
1135 1571 1172 1609 in
1198 1569 1282 1623 lege
1318 1576 1355 1608 et
1376 1567 1641 1622 apostolorum
1674 1578 1719 1604 ac

161 1639 436 1694 prophetarum
462 1639 618 1694 scriptis
644 1640 850 1679 manifeste
874 1639 1092 1694 reperitur3
1126 1639 1270 1676 duobus
1292 1651 1408 1691 porro
1434 1638 1493 1675 vel
1513 1636 1633 1675 tribus
1665 1641 1717 1673 te-

158 1709 279 1747 stibus
300 1716 378 1747 stat
408 1723 513 1747 omne
536 1709 728 1761 verbnm),
774 1708 841 1748 sed
877 1714 918 1748 ut
951 1706 1053 1746 nulla
1086 1705 1171 1746 eius
1207 1705 1352 1745 mentio
1382 1705 1516 1754 lieret,
1559 1704 1716 1754 liceret,

162 1776 326 1831 opinor,
360 1777 406 1816 ad
437 1777 547 1817 fidem
578 1777 910 1817 corroborandam
947 1782 1205 1830 opportunam
1241 1774 1408 1828 aliquam
1439 1781 1554 1827 atque
1585 1772 1716 1813 utilem

160 1858 298 1885 vocem
321 1845 450 1885 studio
479 1845 634 1900 pietatis
659 1859 865 1900 usurpare.
904 1843 986 1885 Vos
1008 1851 1137 1884 autem
1157 1842 1245 1897 quid
1271 1843 1425 1883 tandem
1452 1841 1604 1881 dicitis?
1637 1840 1718 1882 Ve-

159 1913 224 1954 lim
254 1913 346 1953 illud
374 1913 466 1953 mihi
492 1913 780 1968 respondeatis,
811 1926 909 1967 qnae
935 1913 985 1953 sit
1010 1920 1142 1954 vestra
1169 1913 1214 1953 de
1240 1919 1349 1967 patre
1377 1910 1589 1951 sententia.
1625 1908 1718 1949 Est-

159 1995 208 2022 ne
231 1988 271 2021 ut
298 1981 511 2022 increatum
538 1982 641 2022 illum
668 1982 965 2022 existimemus?
1013 1980 1186 2022 Omnino
1212 1981 1267 2021 ita
1295 1993 1384 2019 esse
1411 1979 1606 2019 fatendum
1639 1985 1715 2018 est.

160 2048 260 2104 Quis
284 2049 386 2090 enim
410 2051 507 2091 adeo
531 2050 672 2090 stultus
699 2058 759 2091 est
783 2057 822 2090 ut
847 2064 892 2091 ea
919 2051 964 2090 de
995 2063 1036 2090 re
1061 2049 1235 2090 dubitet?
1288 2046 1410 2101 Quis,
1446 2047 1626 2101 inquam,
1662 2046 1717 2086 sic

159 2120 288 2160 animo
320 2119 524 2174 perculsus
553 2133 598 2160 ac
624 2133 795 2159 vesanus
829 2126 910 2169 est,
958 2126 999 2159 ut
1026 2118 1137 2158 deum
1174 2125 1213 2158 et
1238 2125 1385 2173 patrem
1412 2116 1557 2158 domini
1591 2115 1715 2156 nostri

159 2186 250 2228 lesu
276 2185 423 2228 Christi
449 2188 664 2228 increatum
690 2201 778 2228 esse
809 2202 885 2228 non
912 2187 1081 2227 iudicet?
1141 2185 1225 2227 Vos
1256 2187 1357 2226 enim
1388 2187 1519 2240 utique
1547 2200 1623 2225 non
1647 2198 1715 2224 ne-

160 2255 262 2309 gatis
289 2256 504 2310 ingenitum
534 2257 659 2311 ipsum
685 2270 773 2297 esse
801 2263 840 2296 et
867 2255 1106 2306 increatum,
1142 2262 1255 2309 atque
1280 2269 1300 2295 a
1335 2254 1439 2295 nullo
1470 2254 1714 2308 productum.

161 2322 305 2378 Neque
330 2324 432 2363 enim
459 2332 606 2379 patrem
631 2325 768 2373 habet,
804 2324 867 2378 qui
892 2325 942 2364 sit
964 2325 1047 2379 ipso
1072 2324 1200 2378 prior,
1236 2337 1361 2377 neque
1386 2324 1579 2375 dffm'tum
1603 2337 1719 2362 mmo-

161 2406 245 2431 rum
277 2395 459 2443 spatiata,
503 2401 570 2432 αιιι
596 2396 712 2432 ullum
743 2396 887 2432 cicerum
923 2396 1091 2440 exitium,
1138 2399 1179 2432 ut
1203 2392 1397 2446 scriptura
1422 2391 1608 2445 loquitur.
1675 2387 1718 2431 Si

161 2459 282 2514 igitur
303 2474 428 2514 neque
452 2461 681 2516 principium
707 2461 821 2501 habet
848 2461 1032 2514 temporis
1061 2461 1201 2511 ullum,
1238 2474 1363 2514 neque
1387 2461 1527 2510 tinem,
1561 2459 1598 2499 in
1626 2473 1718 2499 con—

163 2530 271 2569 l'esso
297 2535 379 2578 est,
412 2536 528 2584 atque
551 2537 667 2570 extra
690 2544 844 2570 omnem
868 2529 1206 2579 controversiam,
1242 2529 1406 2569 eundem
1433 2543 1453 2568 a
1477 2528 1581 2568 nullo
1607 2541 1718 2568 crea-

163 2604 241 2637 tum
271 2597 408 2637 l'uisse.
458 2599 579 2653 Atqui
605 2613 794 2653 nusquam
821 2600 866 2638 de
891 2612 938 2638 eo
962 2605 1021 2638 est
1048 2598 1203 2653 scriptis
1233 2597 1324 2637 illud
1352 2610 1601 2651 expressum.
1637 2594 1718 2637 Ve-

164 2680 249 2706 rum
279 2665 456 2719 pietatis,
502 2674 543 2707 ut
576 2668 680 2718 dixi,
725 2667 854 2707 studio
887 2666 1075 2720 religiose
1113 2665 1208 2706 haec
1245 2666 1291 2705 de
1325 2665 1410 2719 ipso
1441 2673 1479 2705 et
1502 2665 1650 2705 sentire
1681 2671 1719 2704 et

163 2734 390 2789 praedicare
416 2735 615 2789 cogimur,
651 2735 741 2776 licet
761 2735 853 2775 nihil
876 2735 927 2775 sit
951 2734 1141 2774 eiusmodi
1167 2734 1369 2788 seriptum.
1426 2732 1574 2773 Eodem
1604 2733 1718 2773 modo

163 2802 319 2842 tametsi
344 2802 449 2843 nullo
475 2804 513 2843 in
539 2804 756 2858 scripturae
778 2803 864 2844 loco
889 2817 969 2844 vox
994 2803 1058 2843 illa
1083 2804 1416 2842 consala.s·tantz'alz·s
1431 2801 1576 2842 diserte
1602 2809 1718 2856 atque

163 2871 366 2925 expressis
394 2871 517 2911 literis
542 2871 825 2921 contineretur,
861 2886 933 2911 nos
959 2871 1012 2911 uti
1039 2878 1167 2910 tamen
1191 2871 1252 2910 illa
1283 2884 1447 2910 necesse
1474 2877 1715 2925 putaremus,

163 2939 412 2993 quantumvis
438 2941 484 2980 de
509 2940 581 2979 deo
606 2940 804 2994 disputare
828 2953 944 2994 supra
973 2953 1043 2980 nos
1073 2953 1117 2979 ac
1144 2946 1307 2979 naturae
1335 2945 1494 2979 nostrae
1529 2939 1718 2979 conditio-

165 3020 251 3047 nem
279 3020 368 3047 esse
394 3007 609 3049 videretur.
672 3006 940 3049 Nihilominus
963 3014 1089 3048 tamen
1118 3007 1230 3048 facile
1261 3006 1374 3048 nobis
1409 3006 1716 3061 benignissimus

1736 1628 1849 1657 Matth.

1752 1664 1794 1697 ιε,
1816 1664 1857 1690 16.

1739 2330 1833 2359 Hebr.
1853 2331 1880 2364 7,
1899 2331 1924 2357 8.
