2030 3324
521 178 700 210 PANARn
726 179 809 210 [ΑΒ.
828 179 868 211 n.
892 179 1000 211 Tem.
1022 180 1062 212 n.
1091 179 1220 211 ilat-za.
1242 179 1370 211 inx.
1641 172 1722 211 607

177 256 366 298 ecclesias
398 255 551 296 illorum
579 271 719 298 caussa
743 258 943 299 derivatae
978 266 1089 309 sunt,
1124 272 1195 299 net:
1219 273 1294 298 non
1323 266 1356 298 et
1386 258 1622 298 infinitorum
1655 258 1723 298 bo-

174 325 318 366 minum
348 324 492 365 milium
530 339 628 380 quae
654 325 691 365 in
718 326 944 366 hodiernum
972 340 1092 380 nsque
1116 327 1214 366 diem
1239 326 1358 366 variis
1386 327 1584 366 aerunmis
1609 334 1723 366 extra

175 392 293 433 urbes
318 406 363 432 ae
389 399 490 433 tecta
514 393 811 444 conflictantur,
847 402 1044 449 postremo
1071 401 1108 434 et
1139 394 1238 433 beati
1264 409 1416 448 qnoque
1441 393 1661 435 Constantii
1685 395 1721 434 in

174 474 348 501 errorem
380 460 427 500 ab
452 460 526 500 illis
551 460 722 511 inducti,
757 462 820 515 qui
847 469 976 502 rectae
1007 461 1091 501 lidei
1120 462 1291 514 regulam
1320 463 1536 514 ignoravit,
1570 463 1724 502 eadem-

174 542 247 583 que
272 529 491 582 ignorantia
515 529 561 568 ad
589 529 740 569 illorum
764 544 805 570 se
832 537 962 584 utpote
993 529 1240 568 sacerdotum
1265 530 1536 569 anctoritatem
1571 545 1724 571 accom-

175 596 370 646 modavit,
415 596 516 650 quod
543 597 666 652 ipsum
702 611 815 638 error
845 597 997 636 illorum
1030 610 1075 636 ac
1107 597 1276 636 caet->itas
1308 598 1594 652 depravataque
1629 600 1723 638 lides

175 671 214 705 et
245 678 297 705 ex
329 663 471 704 diaboli
505 666 679 719 profecta
713 664 877 705 consilio
907 664 1062 704 lateret.

287 732 469 772 Accessit
496 740 534 773 et
563 733 636 773 alia
668 747 832 783 caussa,
878 746 976 786 qnae
1014 732 1099 772 huie
1132 740 1355 787 serpentum
1394 735 1568 775 ollic-inae
1602 736 1718 790 pluri·
1738 735 1806 777 (7³1³
1836 735 1928 766 >4¹¹¹-

175 814 276 840 mum
301 799 442 840 adiecit
468 801 634 851 virium,
672 800 868 841 Eusebius
893 799 1067 849 scilieet,
1102 799 1164 853 qui
1188 800 1325 841 callide
1352 816 1393 842 se
1417 803 1619 843 insinuans
1643 801 1722 844 Va·

172 868 289 908 lentis
311 882 427 909 aures
452 868 501 923 pii
529 884 572 909 ae
597 868 770 923 religiosi
796 867 1044 922 imperatoris
1066 882 1111 907 ac
1134 868 1252 908 divini
1275 870 1443 910 numinis
1468 870 1722 911 amantissimi

172 937 362 991 eorrupit.
427 935 502 990 Qui
529 937 629 991 quod
664 936 710 976 ab
735 936 799 976 illo
829 935 1020 989 baptismo
1045 935 1096 975 sit
1127 936 1326 988 initiatus,
1369 952 1415 978 ea
1448 953 1586 979 caussa
1617 939 1724 979 vide—

172 1003 263 1044 licet
287 1006 357 1044 suit
384 1019 454 1044 eur
480 1005 575 1044 baec.
600 1003 718 1044 factio
747 1003 897 1044 stabilis
925 1017 971 1043 ac
1000 1003 1107 1043 lirma
1132 1005 1385 1045 consisteret.
1449 1005 1552 1046 Nam
1581 1007 1722 1060 alioqui

171 1072 391 1112 iamdudum
423 1072 483 1112 vel
516 1086 539 1112 a
564 1072 803 1112 mulierculis
831 1085 876 1112 ac.
903 1071 1097 1126 puerulis,
1143 1086 1190 1112 ne
1218 1073 1368 1113 adultos
1404 1088 1722 1124 commemorem,

173 1140 235 1194 qui
264 1147 397 1180 rectae
423 1140 509 1180 fidei
537 1155 581 1180 ae
609 1139 812 1195 religionis
845 1138 1099 1180 exactissima
1135 1141 1300 1181 seientia
1338 1142 1501 1195 praediti
1532 1149 1644 1194 sunt,
1678 1143 1724 1183 ab

172 1208 243 1259 iis,
277 1208 458 1262 inquam,
503 1209 566 1263 qui
595 1209 656 1249 vel
685 1208 911 1249 tenuissima
947 1207 1122 1248 veritatis
1159 1209 1295 1249 notitia
1332 1211 1478 1264 perfusi
1503 1218 1615 1261 sunt,
1649 1212 1727 1266 pri-

176 1276 249 1317 mis
275 1276 515 1332 temporibus
548 1277 736 1317 confutati
763 1276 958 1330 fugatique
985 1284 1140 1327 essent,
1187 1284 1367 1331 tanquam
1393 1286 1432 1319 et
1463 1279 1500 1319 in
1528 1280 1724 1320 dominum

173 1344 470 1396 contumeliosi,
504 1352 543 1386 et
567 1345 678 1385 alteri
705 1345 857 1399 quidam
886 1344 988 1385 illius
1013 1344 1315 1395 interfectores,
1350 1362 1394 1386 ae
1420 1347 1564 1387 domini
1601 1348 1724 1388 nostri

171 1410 263 1453 lesu
291 1410 439 1453 Christi
468 1415 664 1468 perlectae
684 1413 896 1454 divinitatis
923 1426 1157 1464 eversores3
1203 1414 1238 1453 id
1265 1416 1365 1468 quod
1394 1416 1641 1470 imperatoris
1670 1419 1723 1457 l'a-

172 1494 268 1522 vore
292 1494 337 1521 ac
361 1481 577 1535 patrocinio
602 1489 877 1536 susceperunt,
914 1489 953 1521 ut
975 1495 1108 1522 eorum
1133 1483 1301 1523 omnium
1327 1483 1513 1524 malorum
1540 1491 1723 1524 auctores

172 1556 307 1590 essent
331 1562 428 1602 quae
450 1556 489 1589 et
511 1549 697 1590 hactenus
721 1550 939 1590 extiterunt
963 1556 1000 1589 et
1025 1550 1216 1605 hodieque
1238 1564 1306 1605 per
1330 1551 1417 1591 illos
1434 1552 1720 1603 Alexandriae,

171 1615 456 1667 Nicomediae,
503 1618 541 1658 iu
579 1616 866 1673 Mesopotamia
913 1632 958 1658 ac
1000 1616 1224 1659 Palaestina
1266 1619 1539 1672 concitantur,
1584 1621 1726 1675 ubique

175 1692 384 1740 praesente
417 1699 462 1726 ae
493 1693 724 1741 protegente
749 1686 938 1742 principe.

289 1752 555 1807 Quamobrem
582 1769 633 1795 ex
672 1754 742 1795 bae
781 1769 854 1795 una
880 1768 1001 1805 voce,
1047 1769 1144 1810 quae
1180 1756 1218 1796 in
1255 1757 1473 1811 proverbiis
1498 1756 1721 1798 Salomonis
1746 1768 1821 1810 Cap.
1841 1768 1933 1799 xlv.

176 1822 343 1877 legitur,
378 1826 559 1862 Dominus
578 1827 721 1863 erectus!
741 1838 796 1862 me
821 1827 967 1863 initium
991 1827 1133 1863 viarum
1152 1839 1307 1864 sumum,
1334 1828 1370 1864 ln
1398 1841 1510 1878 opera
1535 1840 1626 1874 sua,
1663 1839 1725 1866 ee·
1745 1833 1873 1862 Prov-F-
1891 1834 1932 1860 ²2¹-

174 1898 257 1932 tera
281 1891 327 1931 ab
353 1891 430 1932 illis
458 1891 757 1946 excogitantur,
803 1906 902 1946 quae
926 1900 1132 1947 utcumque
1157 1893 1202 1933 ad
1235 1892 1388 1934 illorum
1411 1894 1629 1935 orationem
1663 1908 1727 1934 ae-

175 1959 415 2000 commodari
450 1968 636 2014 possunt,
682 1967 719 2001 et
757 1961 919 2001 eandem
953 1960 1097 2001 babere
1137 1960 1213 2001 vim
1254 1975 1299 2002 ae
1339 1969 1607 2003 consentanea
1639 1975 1728 2002 esse

175 2028 380 2079 videntur,
414 2042 499 2068 eum
529 2036 656 2069 tamen
686 2043 812 2083 neque
840 2043 971 2069 sermo
1002 2029 1109 2085 ipse,
1144 2043 1216 2070 nec
1240 2029 1389 2084 reliqua
1413 2031 1532 2071 verba
1557 2031 1604 2071 de
1631 2030 1728 2071 divi—

177 2096 297 2137 nitate
328 2096 392 2137 filii
426 2096 486 2136 dei
521 2097 758 2137 mentionem
797 2098 909 2138 ullam
941 2097 1130 2139 eiusmodi
1167 2097 1326 2139 faciant.
1390 2099 1551 2140 Addunt
1585 2106 1622 2140 et
1654 2099 1727 2139 alia

176 2165 364 2219 quaedam
391 2164 449 2205 his
474 2164 613 2205 similia
639 2165 746 2216 loea,
783 2166 889 2206 velut
910 2167 1010 2220 quod
1031 2166 1078 2206 ab
1105 2168 1282 2222 apostolo
1307 2167 1492 2223 seriptum
1521 2175 1603 2207 est:
1647 2171 1726 2206 Ae-
1749 2176 1876 2210 Πρωτεῖ,
1889 2177 1913 2205 2.

175 2236 290 2285 cipite
313 2236 527 2286 pontg‘ficem
554 2236 798 2286 cotqsessz'om‘s
821 2242 966 2273 vestrae
978 2266 988 2283 ‚
1011 2237 1168 2286 fidelem
1189 2239 1227 2274 σι’
1247 2239 1316 2288 qui
1332 2238 1425 2288 sece‘l
1447 2240 1565 2288 e'psecm
1580 2254 1590 2274 :
1634 2236 1724 2276 item

178 2314 229 2341 ex
257 2299 414 2342 loannis
444 2301 677 2356 evaugelio:
725 2305 794 2341 He'c
816 2311 872 2342 esl
893 2306 937 2342 de
962 2319 1033 2356 quo
1059 2307 1145 2343 deli-1·
1166 2306 1287 2352 nobis,
1326 2308 1504 2357 Quiposl
1530 2320 1585 2343 me
1611 2308 1928 2352 venz‘t,10ann.1‚27.

176 2377 263 2409 ante
291 2385 347 2409 me
372 2372 501 2423 foelus
519 2378 598 2409 est:
634 2377 672 2410 et
694 2370 731 2410 in
758 2371 870 2411 Actis
895 2372 1183 2426 apostolorum:
1219 2376 1357 2412 Nolam
1389 2375 1489 2413 vobis
1510 2376 1574 2420 sit,
1609 2376 1727 2412 omnis
1747 2383 1808 2410 Act.
1827 2383 1854 2417 2,
1871 2382 1914 2409 36.

176 2440 305 2477 domus
342 2441 487 2485 Israel,
529 2441 628 2490 qnod
658 2441 757 2478 hunc
785 2442 923 2487 Iesum,
958 2455 1063 2493 quem
1089 2457 1153 2480 vos
1181 2444 1452 2493 erucifizvlstels,
1487 2449 1524 2480 al
1541 2443 1726 2480 domiuum

178 2514 217 2545 et
237 2509 427 2546 Christum
449 2510 570 2546 lesum
595 2510 685 2546 cleas
698 2509 823 2560 secil:
866 2523 911 2548 ae
941 2509 972 2549 si
1008 2524 1082 2563 qua
1109 2517 1200 2551 sunt
1232 2509 1390 2564 generis
1420 2509 1593 2550 eiusdem
1625 2510 1725 2560 alia,

182 2588 281 2629 quae
306 2575 433 2615 onmia
465 2575 510 2615 ad
544 2575 763 2616 cautionem
797 2583 837 2616 et
870 2576 1186 2618 observationem
1218 2585 1254 2618 et
1290 2578 1573 2633 propulsandos
1597 2578 1728 2619 hostes

181 2641 219 2682 in
245 2651 422 2698 promptu
451 2657 538 2684 esse
563 2643 720 2684 debent.
784 2643 932 2685 Hostes
961 2645 1063 2685 enim
1087 2659 1227 2686 revera
1260 2646 1588 2701 insidiatoresque
1619 2653 1725 2688 sunt.

179 2709 242 2751 Ae
266 2711 400 2752 nescio
423 2726 470 2752 an
494 2712 539 2751 ad
566 2712 670 2765 ipsos
696 2725 909 2766 eorumque
935 2713 1083 2754 similes
1115 2714 1331 2767 scripturae
1362 2714 1469 2755 loeus
1494 2715 1558 2756 ille
1583 2729 1728 2757 conve-

224 2812 256 2845 2.
283 2815 424 2846 Fortasse
448 2812 641 2855 ἰσορροπεῖ-ι.
979 2818 1012 2848 1η
1031 2817 1118 2847 libris
1146 2818 1227 2847 cuim
1250 2820 1291 2848 est
1316 2811 1398 2850 ὅπου
1421 2815 1484 2859 γὰρ
1507 2816 1556 2856 εἰς
1577 2815 1728 2860 παρατή-

224 2858 254 2890 3.
279 2856 409 2893 τοιοῦτό
430 2871 462 2892 τ’.
485 2861 551 2891 cod.
580 2861 706 2900 Rhediy.
979 2871 1074 2902 ρησιν
1112 2859 1346 2903 (παρατήρησι
1391 2864 1456 2894 cod.
1495 2864 1642 2905 Rhediy.)
1681 2862 1729 2900 εἰς

225 2902 255 2934 4.
281 2906 366 2935 Libri
391 2906 500 2936 habent
525 2904 699 2943 δέξασὲαι.
978 2905 1108 2949 ἐχθρῶν
1137 2902 1274 2948 ἄμυναν.
1323 2907 1456 2944 „Lm-us
1482 2907 1633 2940 desectus
1665 2908 1728 2940 ali-

226 2948 256 2980 ἶ).
280 2945 380 2990 ’ἡμῶν
405 2951 471 2982 cod.
495 2952 625 2991 Rhediy.
978 2958 1059 2994 quot
1086 2951 1217 2983 verbis·‘
1250 2954 1282 2983 in
1310 2955 1452 2993 maryine
1482 2955 1646 2987 adnotavit
1670 2955 1729 2987 Pe-

225 2991 255 3025 6.
282 2995 366 3027 Haec
389 3004 458 3027 meo
483 2999 526 3027 est
548 2997 640 3028 huius
660 2997 718 3028 loci
747 2997 929 3028 emendatio.
977 2999 1088 3030 tat-ius.
