2030 3324
457 220 634 252 PANAan
662 220 744 253 Lm.
768 222 806 253 n.
828 221 936 253 Toxi.
959 223 998 254 lt.
1023 222 1155 254 uma.
1172 222 1300 254 thx.
1569 211 1650 253 635

106 313 204 341 vana
230 299 394 353 quadam
430 299 617 353 gloriola,
651 300 736 340 sive
768 301 978 355 anticipato
1007 301 1123 342 animi
1152 300 1318 351 iudicio,
1363 301 1447 342 sive
1473 302 1652 341 affectata

105 367 238 409 nescio
266 381 338 421 qua
366 367 580 422 sapientia,
616 368 700 408 sive
730 369 856 409 alllatu
882 370 1082 409 daemonis
1109 369 1293 423 opinione
1326 375 1509 423 suscepta
1541 383 1563 409 a
1585 383 1652 409 ve-

104 435 230 476 ritatis
255 435 396 475 itinere
419 434 709 486 aberraverint,
745 437 1052 490 pravitatemque
1077 451 1202 486 suam,
1229 437 1285 476 sic
1311 444 1489 490 tanquam
1517 438 1652 490 ingen-

106 510 179 543 tem
204 502 461 543 calamitatem
494 504 530 542 in
554 503 686 543 orbem
714 512 903 544 terrarum
930 504 1171 544 invexerint.
1236 504 1322 557 Age
1346 504 1462 557 igitur
1487 519 1557 544 nos
1581 506 1652 544 ite·

104 584 187 610 rum
210 571 255 610 de
280 570 338 610 his
363 584 584 611 sermonem
610 571 856 611 instituamus
889 572 959 610 hoc
986 572 1096 621 loco,
1132 579 1170 611 ut
1197 586 1294 625 quae
1320 572 1497 611 dominus
1522 573 1651 612 elocu-

104 645 166 678 tus
199 644 259 678 est
295 639 502 693 pervidere
539 640 755 694 possimus,
800 639 1120 693 quemadmodum
1154 639 1352 693 apostolus
1382 638 1458 678 ait:
1504 642 1554 678 El
1584 653 1856 688 nomem-jao.

101 708 276 758 spiritum
306 709 370 745 dez·
396 708 593 754 habemus,
630 716 671 746 eet
695 721 964 758 cognoscamus
991 721 1085 759 quae
1106 721 1128 745 α
1153 710 1219 745 cleo
1249 710 1387 745 domna
1413 715 1502 745 snut
1527 709 1646 753 nobis,

101 787 196 826 quae
230 781 268 812 et
300 775 499 826 loquimur.
565 774 675 815 llaec
703 775 821 828 igitur
845 774 988 814 domini
1025 774 1142 814 verba
1175 782 1286 814 sunt:
1334 778 1389 813 Da
1423 777 1500 813 illis
1533 778 1856 818 vz'tamtoann.1‘1‚3.

101 842 238 880 habere
260 845 298 880 in
321 845 476 894 seipsis.-
519 845 609 882 haec
640 851 696 882 cst
723 850 845 881 antem
878 846 952 881 vita
983 851 1157 890 aelerna,
1196 851 1236 882 ut
1266 851 1496 893 cognoscant
1527 850 1562 881 le
1590 857 1651 881 so-

102 912 176 948 lum
208 924 332 949 verum
365 913 493 958 deum,
528 920 564 950 ct
593 925 697 963 quem
729 914 867 949 mesisti
893 914 1013 950 Iesum
1043 913 1246 950 Clere'slum.

216 976 290 1018 Hic
317 980 446 1019 omnia
471 979 601 1018 turbat
631 992 676 1018 ac
702 978 912 1032 permiscet
934 978 1054 1018 Arius
1078 986 1115 1018 et
1141 978 1227 1019 Arii
1249 980 1446 1029 fautores,
1480 978 1542 1033 qui
1577 978 1649 1019 hoc
1722 978 1802 1022 Cup.

101 1046 214 1087 nobis
246 1046 455 1086 obiiciunt:
503 1044 601 1087 Cum
630 1046 788 1086 omnino
816 1047 928 1087 deum
963 1046 1217 1097 obsecrasse,
1261 1054 1375 1101 atqne
1403 1047 1498 1087 haec
1530 1046 1649 1087 verba
1687 1025 1824 1056 XX¹X'

103 1128 314 1169 usurpasse
339 1115 511 1163 dicatur,
545 1117 671 1161 Pater,
699 1117 746 1152 da
773 1117 850 1153 illis
873 1118 983 1153 vitam
1006 1116 1143 1153 luthere
1167 1118 1204 1154 e‘n
1226 1118 1382 1166 seipsis,
1419 1129 1495 1155 non
1525 1121 1653 1168 potest

101 1183 136 1223 ei
169 1181 233 1236 qui
267 1182 385 1222 vitam
423 1182 610 1237 praebeat
643 1182 816 1236 aequalis
846 1182 986 1222 videri.
1049 1181 1153 1222 Nam
1181 1184 1213 1223 si
1246 1197 1298 1223 ex
1331 1184 1451 1237 patris
1479 1182 1653 1222 essentia

101 1252 227 1301 foret,
263 1251 381 1290 vitam
411 1249 495 1305 ipse
522 1250 736 1300 tribueret,
772 1264 848 1290 non
875 1265 896 1290 a
924 1258 1032 1305 patre
1056 1258 1228 1305 peteret,
1266 1258 1305 1291 ut
1334 1250 1382 1291 iis
1411 1251 1514 1291 illam
1543 1251 1652 1291 daret

100 1319 163 1374 qui
189 1332 233 1358 ea
256 1333 418 1372 quorum
443 1319 526 1373 ipse
548 1318 712 1371 largitor
739 1318 789 1358 sit
817 1318 996 1373 precibus
1018 1319 1288 1373 impetrarent.
1352 1319 1405 1359 At
1425 1319 1515 1360 illud
1541 1320 1652 1373 igno-

99 1401 188 1427 rare
218 1387 395 1427 homines
422 1387 484 1427 isti
514 1386 696 1426 videntur
727 1386 790 1440 qui
820 1394 987 1426 mentem
1021 1387 1092 1427 sibi
1122 1401 1262 1441 magno
1291 1401 1362 1427 suo
1387 1388 1487 1428 malo
1513 1388 1652 1442 depra-

100 1462 265 1505 varun13
299 1454 347 1494 ob
370 1455 404 1494 id
429 1469 544 1494 unum
576 1454 647 1494 buc
674 1454 892 1495 accessisse
919 1455 979 1495 dei
1006 1454 1143 1505 lilium,
1178 1455 1290 1496 vobis
1316 1463 1356 1495 ut
1381 1457 1583 1510 exemplar
1605 1470 1651 1496 ac

99 1523 204 1563 salus
238 1530 366 1573 esset,
410 1522 537 1562 medio
578 1523 615 1562 in
648 1523 790 1562 mundo
820 1523 1064 1573 consistens,
1109 1524 1217 1563 velut
1244 1524 1281 1563 in
1309 1524 1460 1564 theatro
1487 1524 1650 1578 quodam

99 1591 267 1640 athleta,
302 1591 363 1644 qui
395 1590 523 1630 omnia
543 1590 709 1630 disiiciat
743 1597 781 1631 et
817 1598 968 1631 evertat
1005 1605 1104 1645 quae
1138 1592 1329 1631 adversus
1355 1592 1560 1632 veritatem
1593 1591 1652 1632 in-

102 1665 290 1713 surgunt,
326 1672 503 1713 quaeque
530 1658 741 1699 infidelitas
767 1673 811 1698 ac
836 1659 977 1699 diaboli
1007 1661 1110 1700 fraus
1134 1667 1171 1700 et
1199 1660 1391 1700 calumnia
1424 1660 1651 1710 concitavit,

97 1726 182 1767 sive
206 1740 275 1781 per
295 1726 593 1767 simulacrorum
618 1727 786 1777 cultum,
822 1727 906 1767 sive
933 1741 1001 1782 per
1025 1726 1257 1768 ludaeorum
1284 1730 1441 1778 fastum,
1476 1728 1561 1768 sive
1585 1741 1653 1781 per

99 1795 389 1845 infidelitatem,
424 1795 509 1835 sive
532 1808 601 1849 per
625 1795 814 1835 humanae
841 1796 1034 1850 opinionis
1060 1796 1341 1850 arrogantiam,
1377 1811 1451 1850 qno
1474 1796 1652 1836 homines

99 1863 408 1904 moderationem
440 1863 557 1904 animi
587 1870 624 1903 et
649 1863 903 1904 humilitatem
929 1865 1111 1915 doceret,
1146 1878 1194 1904 ne
1221 1865 1304 1918 quis
1332 1879 1416 1905 cum
1444 1864 1560 1904 bomo
1583 1864 1649 1913 sit,

99 1945 281 1986 magnum
305 1945 347 1972 se
371 1945 459 1972 esse
486 1932 663 1985 quiddam
688 1932 924 1982 arbitretur,
959 1933 1027 1972 sed
1049 1933 1095 1972 ad
1123 1946 1368 1973 communem
1394 1932 1565 1972 omnium
1587 1946 1652 1987 pa·

99 2008 249 2040 rentem
284 1999 467 2040 universa
492 2001 655 2040 referat.
720 1998 915 2053 Quocirca
950 2000 1040 2040 licet
1066 2000 1145 2041 vita
1171 2001 1252 2056 ipse
1282 2001 1354 2050 sit,
1399 2008 1439 2041 ut
1468 2008 1649 2050 testatur,

97 2071 183 2120 Ego
206 2083 287 2107 sum
311 2071 406 2116 vita,
442 2081 606 2121 eamque
633 2069 813 2108 conferre
840 2083 908 2123 per
934 2083 1023 2109 sese
1045 2070 1192 2124 possit,
1239 2070 1334 2110 iuris
1363 2076 1489 2109 tamen
1523 2083 1567 2109 ac
1594 2069 1857 2109 ju-10ann.1t,e.

99 2136 229 2176 stitiae
256 2136 379 2190 legem
406 2136 635 2191 perturbare
664 2136 803 2188 noluit,
839 2138 906 2177 sed
933 2138 1080 2178 idcirco
1108 2138 1230 2188 venit,
1267 2145 1306 2178 ut
1331 2138 1375 2177 ad
1404 2152 1519 2178 unum
1548 2137 1653 2192 prin-

99 2204 239 2259 cipium
265 2218 457 2258 unamque
481 2204 748 2255 divinitatem,
784 2206 1013 2257 veritatem,
1048 2205 1314 2257 concordiam,
1349 2207 1540 2259 uniusque
1569 2205 1653 2258 glo-

98 2272 181 2312 riae
211 2273 567 2327 praedicationem,
604 2272 802 2313 hominum
828 2274 991 2314 salutem
1016 2281 1261 2328 mentemque
1288 2274 1524 2314 traduceret.
1589 2272 1651 2314 Ob

98 2340 134 2381 id
158 2354 288 2381 coram
315 2340 513 2395 discipulis
547 2341 643 2394 patri
672 2342 891 2396 supplicare
917 2343 1055 2383 voluit.
1116 2341 1219 2383 Nam
1254 2343 1338 2396 quis
1367 2342 1519 2381 demum
1549 2341 1652 2382 silius

98 2422 118 2448 a
146 2415 254 2461 patre
280 2422 357 2448 non
382 2409 577 2463 postulat?
619 2417 686 2450 aut
710 2411 794 2464 quis
824 2419 932 2465 pater
967 2426 1042 2451 non
1072 2411 1151 2451 filio
1181 2411 1371 2464 largitur?
1417 2409 1502 2463 quis
1535 2424 1651 2465 porro

98 2477 202 2517 fitius
225 2490 244 2516 a
271 2476 391 2531 patris
418 2484 555 2517 natura
581 2478 760 2519 diversus
784 2481 871 2519 est?
917 2478 1132 2534 Propterea
1160 2479 1296 2519 uniens
1321 2478 1380 2518 dei
1409 2479 1511 2518 fitius
1538 2493 1558 2518 a
1586 2492 1652 2533 pa-

98 2552 156 2586 tre
178 2546 356 2600 genitus,
387 2547 521 2596 plenus
540 2549 693 2596 gratiae
714 2555 753 2586 et
772 2551 963 2596 ver-itatis,
1000 2548 1145 2588 nullum
1169 2547 1494 2601 complementum
1517 2547 1646 2601 requi·
1664 2552 1857 2587 loann.1‚1t.

97 2614 231 2663 rebat,
266 2628 351 2653 cum
378 2613 468 2653 nihil
495 2613 566 2668 ipsi
590 2614 635 2653 de
657 2615 824 2655 veritate
852 2616 1033 2665 deesset,
1068 2616 1135 2656 sed
1157 2618 1293 2667 plenus
1312 2618 1466 2666 graleoe
1486 2630 1531 2654 ac
1554 2619 1650 2655 veri-

97 2685 186 2721 tatis
214 2683 329 2722 l'oret.
394 2680 473 2722 Sed
502 2682 574 2721 etsi
600 2682 737 2736 plenus
761 2684 834 2733 sit,
881 2691 996 2738 atque
1030 2691 1067 2723 et
1100 2684 1289 2736 largiatur
1311 2683 1416 2737 ipse,
1453 2691 1490 2723 et
1517 2683 1649 2737 largiri

97 2749 243 2804 possit,
278 2749 529 2789 nibilominus
557 2750 594 2789 in
627 2758 773 2804 patrem
806 2753 1015 2792 refundere
1043 2751 1170 2791 onmia
1198 2751 1332 2791 voluit.
1395 2750 1499 2792 Nam
1524 2755 1645 2792 Filius
1661 2758 1856 2792 toanu.14‚13.

93 2820 294 2870 glor‘g’fi'cat
317 2827 487 2870 patrem,
535 2833 579 2858 ac
613 2818 785 2859 vicissim
821 2823 935 2859 Pater
978 2823 1125 2858 unicum
1145 2822 1276 2870 sillum
1308 2822 1526 2871 glorificat:
1575 2837 1645 2873 ego
1662 2827 1854 2862 toaun.12‚28.

97 2889 191 2924 em'm
216 2888 431 2938 clargstcavi
451 2895 485 2926 le
507 2902 622 2938 supet·
647 2895 764 2934 let-ra,
799 2887 853 2927 ait
877 2888 974 2942 patri
1001 2889 1125 2928 filins:
1162 2895 1200 2927 et
1228 2894 1338 2942 patet·
1363 2888 1458 2938 l'ilio,
1495 2892 1648 2941 Clas-{st-

97 2957 183 2993 cavi
204 2962 256 3001 le,
288 2958 479 2995 etiterum
504 2956 738 3007 clargficabo.
804 2954 946 3010 Neque
975 2957 1077 2996 enim
1103 2956 1218 2996 ullum
1245 2957 1282 2997 in
1308 2956 1510 2998 divinitate
1535 2958 1648 2999 dissi-

141 3030 171 3065 4-
197 3029 358 3077 ἀναφέρει
380 3036 472 3068 codd.
495 3044 567 3067 mss.
591 3038 618 3066 et
643 3036 690 3066 ed.
709 3037 810 3076 princ.
