2066 3319
467 217 647 250 PANARH
671 217 753 251 Lm.
774 218 814 250 11.
841 219 990 253 TOM.1.
1016 220 1266 254 HAER.LV11.
1566 214 1641 254 153

103 301 204 340 bitur
237 300 335 338 alias
366 299 417 336 ad
445 300 577 349 ipsum.
640 300 788 337 Invenit
810 314 947 339 onmem
981 304 1074 340 viam
1105 305 1302 350 scientiae,
1345 311 1384 342 et
1411 305 1513 342 dedit
1540 304 1642 342 illam

100 368 212 408 Iacob
235 381 355 419 puero
377 380 466 413 8110,
502 373 538 404 et
560 368 686 405 Israel
710 369 844 406 dilecto
871 383 953 407 sno.
1019 373 1109 408 Post
1130 373 1220 409 llaec
1246 374 1282 410 in
1307 379 1408 410 terra
1440 374 1540 410 visus
1570 379 1639 418 est,

99 444 237 476 etcum
264 435 473 474 hominibus
497 442 738 474 conversatus
761 444 829 474 est.
891 435 956 477 Ex
982 437 1062 489 liis,
1097 438 1296 492 inquiunt,
1331 439 1643 480 animadvertere

100 511 210 560 potes
234 503 554 558 quemadmodum
581 502 774 558 scriptura
802 518 872 544 nos
901 505 1097 560 sapienter
1129 506 1335 557 informet,
1369 521 1416 547 ne
1445 508 1560 548 alium
1588 514 1645 548 at-

99 587 174 627 que
196 572 310 613 alium
338 572 450 611 deum
474 570 731 623 arbitremur,
766 587 850 612 cum
877 573 981 613 illum
1007 574 1117 614 deum
1144 588 1232 614 esse
1257 575 1379 615 solum
1408 577 1549 616 asserit
1580 576 1644 630 qui

99 642 252 682 venerit
276 640 416 695 quique
441 646 574 694 postea
600 640 650 680 sit
672 641 795 681 visus.
859 640 947 681 Atia
970 649 1172 697 praeterea
1197 656 1250 683 ex
1272 643 1394 683 saeris
1424 645 1545 685 literis
1577 659 1645 685 au-

100 710 279 750 ctoritate
305 709 558 749 contendunt.
621 710 844 756 Labor-avit,
881 709 1025 763 inquit,
1058 715 1258 763 Aegyptus
1283 719 1321 750 et
1340 716 1544 763 negotiatio
1565 717 1644 752 Ae-
1662 726 1789 760 litata,
1807 728 1847 755 14.

100 780 283 831 thiopam,
319 785 357 816 et
377 778 518 817 Sabain
547 781 622 817 viri
640 779 815 816 sublimes
840 780 891 816 ad
913 785 947 816 te
978 780 1211 827 transibam,
1247 788 1283 819 et
1309 784 1490 819 servitui
1517 790 1639 821 erzmt.

98 850 152 888 Et
170 847 414 886 ambulabunt
434 854 524 898 post
547 854 581 885 te
608 849 726 885 vineti
744 849 919 894 manicis,
955 855 993 885 et
1012 850 1049 886 in
1075 855 1109 886 te
1131 849 1362 896 adorabant,
1398 856 1433 887 et
1458 852 1494 888 in
1519 857 1553 887 te
1583 852 1645 888 de-

94 916 365 969 precabuntur.
432 917 612 965 Quoniam
638 918 674 953 in
702 922 736 954 te
759 917 849 954 deus
870 923 939 963 est,
974 923 1011 954 et
1031 931 1103 955 non
1129 924 1184 955 est
1206 920 1296 956 (leus
1310 925 1466 969 praeter
1487 925 1532 956 te.
1593 921 1646 957 Τιι

98 987 193 1024 enim
217 999 256 1023 es
279 987 389 1031 deus,
425 991 464 1022 et
487 984 759 1032 nesciebamus,
794 987 884 1023 deus
910 987 1036 1024 Israel
1061 987 1242 1024 salvator.
1307 984 1455 1035 Vides,
1490 985 1644 1040 opinor,

96 1053 295 1108 inquiunt,
328 1052 365 1092 in
393 1051 597 1106 scripturis
625 1066 742 1092 unum
769 1051 931 1093 indicari
958 1053 1070 1092 deum
1105 1067 1149 1093 ac
1175 1053 1378 1095 manifeste
1411 1054 1643 1109 praedicari.

100 1122 289 1177 Adeoque
315 1120 354 1161 in
383 1121 567 1161 confesso
591 1127 651 1161 est
683 1135 797 1161 unum
826 1121 928 1162 illum
958 1135 1046 1162 esse
1076 1136 1120 1162 ac
1148 1135 1303 1177 semper
1332 1122 1522 1163 existere.
1586 1120 1647 1164 Ob

96 1190 211 1246 idque
236 1204 310 1231 non
337 1189 468 1244 plures
491 1189 584 1229 deos
611 1190 864 1240 affirmamus,
900 1191 967 1230 sed
994 1205 1108 1230 unum
1136 1191 1326 1231 duntaxat
1349 1193 1486 1243 deum,
1521 1191 1583 1246 qui
1610 1199 1648 1232 et

97 1259 174 1315 pati
198 1258 291 1299 nihil
317 1257 439 1314 possit
467 1264 506 1298 et
531 1257 631 1298 idem
665 1258 728 1298 lilii
757 1265 866 1313 pater
896 1260 949 1299 sit
978 1273 1023 1300 ac
1052 1259 1175 1310 filius,
1211 1260 1272 1314 qui
1298 1260 1546 1315 ideopassus
1579 1259 1645 1311 sit,

95 1335 138 1370 ut
160 1342 232 1369 uos
258 1341 328 1368 sua
356 1326 607 1382 perpessione
632 1335 834 1378 servaret,
870 1342 941 1368 nec
972 1328 1088 1368 alium
1120 1328 1166 1369 ab
1194 1342 1240 1368 eo
1270 1329 1523 1384 pronuntiare
1557 1343 1645 1384 pos·

99 1411 248 1438 sumus.
312 1393 438 1449 Quam
465 1395 616 1450 quidem
643 1396 728 1436 fidei
753 1396 1037 1451 professionem
1062 1410 1106 1437 ac
1129 1397 1380 1452 depravatam
1404 1397 1644 1452 opinionem,

96 1466 160 1507 vel
192 1465 416 1521 pestiferam
445 1465 572 1520 potius
604 1464 819 1516 insaniam,
854 1479 874 1505 a
902 1465 1090 1520 magistro
1125 1465 1357 1506 didicerunt.
1422 1465 1647 1520 Quinetiam

99 1534 172 1575 alia
205 1534 422 1589 scripturae
452 1532 570 1573 verba
603 1534 648 1573 ad
680 1547 853 1574 errorem
886 1534 1156 1574 stabiliendum
1191 1535 1396 1585 adferunt,
1439 1536 1576 1590 quibus
1609 1543 1648 1576 et

100 1603 323 1644 eorumdem
352 1609 582 1657 praeceptor
603 1601 796 1642 utebatur.
846 1601 1041 1643 Nimirum
1068 1602 1125 1642 liis
1154 1602 1285 1644 verbis
1311 1604 1528 1658 apostolum
1555 1618 1647 1645 suae

101 1671 271 1728 opinioni
304 1671 533 1725 suffragari:
579 1673 741 1721 Quorum
767 1680 857 1711 sunt
883 1680 1033 1724 patres,
1069 1687 1116 1711 ear
1143 1673 1276 1724 quibus
1304 1674 1477 1711 chrestus
1511 1688 1643 1713 secun-
1662 1687 1749 1715 Rom.
1770 1688 1806 1721 9,
1827 1688 1851 1715 5.

100 1744 186 1781 dum
215 1755 385 1788 earnem,
430 1743 498 1792 qm·
523 1748 578 1779 est
604 1755 718 1792 super
751 1743 872 1780 omnia
903 1743 992 1780 deus
1020 1742 1232 1780 benedictus
1260 1744 1297 1780 ite
1323 1744 1470 1789 secula,
1505 1746 1642 1782 Amen.

101 1807 169 1851 Sic
191 1809 311 1863 igitur
334 1808 501 1863 simplex
526 1808 703 1863 quiddam
730 1809 801 1849 deo
827 1809 1016 1863 uniusque
1043 1810 1189 1849 formae
1214 1809 1410 1860 tribuunt,
1446 1824 1490 1850 ac
1514 1809 1648 1851 Theo-

101 1879 229 1919 dotum
261 1877 476 1918 imitantur.
540 1876 642 1918 Nam
673 1884 714 1918 ut
738 1877 812 1917 iste
844 1878 889 1917 ad
916 1892 1033 1918 unum
1066 1884 1285 1918 extremum
1318 1878 1543 1930 declinans,
1578 1893 1647 1920 nu-

101 1947 187 1987 dum
220 1946 414 1987 hominem
442 1943 641 1987 Christum
670 1960 758 1986 esse
789 1946 992 1997 disseruit,
1034 1946 1090 1987 sic
1118 1946 1181 1986 ille
1212 1947 1313 1987 aliud
1347 1948 1392 1987 ad
1425 1954 1645 1988 extremum

100 2015 323 2057 desciscens
351 2016 513 2056 eundem
542 2029 630 2055 esse
658 2022 828 2070 patrem,
863 2015 979 2055 filium
1005 2022 1041 2055 et
1072 2015 1248 2071 spiritum
1281 2022 1479 2066 sanctum,
1515 2016 1647 2057 unius-

100 2099 175 2141 que
207 2098 399 2140 personae
433 2083 589 2134 statuit,
625 2091 663 2124 et
689 2084 788 2124 hunc
814 2084 935 2139 ipsum
965 2098 1119 2139 passum
1151 2099 1195 2125 ac
1226 2092 1355 2125 natum
1387 2085 1644 2126 existimavit.

101 2153 180 2197 Sed
206 2167 332 2208 neque
351 2151 544 2193 Theodoti
570 2159 785 2193 sectatores
809 2153 891 2194 veri
913 2153 1054 2208 aliquid
1081 2153 1221 2194 elocuti
1248 2161 1354 2205 sunt,
1388 2167 1513 2208 neque
1536 2153 1647 2195 Noe*-

102 2230 162 2264 tus
190 2230 255 2264 aut
282 2220 402 2263 Noeti
431 2221 632 2276 discipuli,
674 2221 736 2276 qui
764 2221 968 2273 Anoe'tus‚
1013 2222 1084 2262 hoc
1118 2229 1178 2263 est
1212 2223 1425 2277 insipiens,
1469 2223 1568 2277 quod
1599 2223 1645 2263 ad

101 2293 178 2334 vim
202 2291 348 2346 ingenii
371 2304 416 2331 ae
440 2291 659 2331 facultatem
687 2290 904 2346 pertinent,
938 2290 1065 2346 potius
1089 2298 1148 2332 est
1172 2291 1374 2342 dicendus,
1409 2305 1492 2331 cum
1518 2298 1646 2332 utros-

103 2375 175 2417 que
196 2375 240 2402 ac
263 2367 418 2401 ceteros
441 2374 576 2400 omnes
597 2373 618 2399 a
638 2359 803 2400 veritate
827 2359 1056 2400 aberrantes
1078 2374 1216 2401 sacrae
1235 2360 1372 2400 literae
1392 2360 1642 2414 redarguant.

215 2427 412 2483 Quocirca
437 2428 501 2483 qui
524 2436 692 2469 mentem
718 2429 755 2469 in
780 2429 852 2469 deo
882 2429 1049 2469 defixam
1074 2428 1236 2479 habeat,
1271 2428 1411 2484 quique
1444 2443 1642 2470 sacrarum
1671 2440 1748 2485 Cap.
1771 2442 1826 2473 111.

101 2499 300 2540 literarum
328 2512 373 2537 ac
402 2497 561 2553 spiritus
588 2497 713 2538 sancti
745 2498 952 2552 splendore
985 2498 1221 2539 illuminatus
1254 2497 1391 2548 fuerit,
1427 2498 1459 2538 ei
1492 2504 1569 2538 tota
1603 2498 1647 2538 it-

103 2569 227 2609 lorum
258 2566 432 2607 doctrina
459 2582 545 2608 cum
571 2566 695 2607 facilis
723 2567 768 2607 ad
793 2567 1071 2617 refellendum,
1106 2574 1183 2607 tnm
1214 2567 1379 2607 amentia
1405 2567 1506 2606 omni
1535 2567 1647 2621 plena

101 2636 296 2678 videatur.
370 2634 444 2677 Est
477 2636 578 2676 enim
615 2636 780 2690 insignis
814 2636 1012 2676 cuiusdam
1049 2636 1120 2676 hoc
1155 2636 1340 2676 audaciae
1383 2635 1556 2687 facinus,
1601 2650 1645 2676 ac

103 2718 341 2759 magnopere
370 2712 620 2746 excaecatam
647 2711 813 2745 mentem
835 2705 936 2745 illam
967 2712 1120 2760 oportet
1149 2717 1235 2744 esse
1260 2717 1356 2757 quae
1383 2705 1546 2745 eundem
1580 2720 1645 2760 pa·

103 2781 201 2815 trem
229 2787 315 2814 esse
349 2773 450 2814 dit-at
474 2775 512 2814 et
537 2775 698 2815 eundem
731 2774 870 2824 filium,
904 2780 1019 2828 atque
1045 2773 1207 2814 eundem
1241 2772 1406 2826 (lenique
1439 2787 1526 2814 esse
1559 2788 1646 2828 pas-

105 2857 204 2883 sum.
268 2840 379 2896 Quae
402 2842 465 2897 qui
489 2843 680 2897 garriunt,
715 2843 809 2883 satis
835 2857 903 2883 eos
929 2850 1033 2882 recta
1060 2841 1139 2896 ipsa
1167 2840 1265 2880 ratio
1292 2841 1502 2882 discernet.
1551 2841 1647 2883 Ete-

106 2913 183 2952 nim
216 2912 278 2966 qui
306 2911 387 2951 fieri
423 2918 548 2966 potest
576 2919 616 2952 ut
640 2912 740 2953 idem
768 2919 877 2968 pater
901 2911 948 2951 sit
977 2925 1020 2950 ac
1052 2910 1176 2950 lilius?
1236 2908 1338 2950 Nam
1371 2910 1403 2950 si
1437 2911 1536 2952 filius
1568 2918 1642 2961 est,

107 2993 269 3020 necesse
296 2986 357 3020 est
376 2980 538 3020 alicuius
563 2981 612 3021 sit
637 2981 758 3033 filius,
792 2995 812 3020 a
836 2994 911 3035 quo
933 2980 983 3019 sit
1008 2978 1178 3031 genitus.
1241 2976 1312 3019 Sin
1345 2987 1454 3034 pater
1485 2987 1569 3031 cst,
1603 2994 1646 3020 se

107 3048 230 3103 ipsum
258 3062 447 3102 generare
471 3049 565 3089 nihil
588 3057 731 3105 potest.
792 3048 933 3103 Neque
960 3048 1062 3088 enim
1085 3046 1121 3087 id
1147 3047 1294 3102 ipsum,
1328 3049 1427 3103 quod
1459 3049 1558 3090 lilius
1591 3049 1644 3089 di-
