2066 3319
519 195 698 227 PANARn
721 195 804 227 ΜΒ.
824 196 862 227 u.
885 196 992 228 Tou.
1016 197 1038 227 1.
1067 196 1195 228 HAER.
1216 196 1337 228 thv.
1624 190 1698 230 261

167 279 311 326 fatear,
348 282 455 316 tanta
488 274 639 316 dicendi
670 275 779 329 copia
811 288 853 314 ac
882 275 1063 315 facultate
1100 276 1299 330 perculsus
1332 290 1375 316 ac
1408 276 1513 317 velut
1544 276 1703 318 obrutus

165 345 330 397 fueram)
363 344 408 384 ad
439 343 682 383 Auxentium
718 357 933 384 conversus
969 350 1008 383 et
1043 357 1126 383 cum
1162 344 1380 399 appellans,
1415 346 1613 396 Auxenti,
1646 346 1704 386 in-

163 426 299 468 quam,
334 426 410 452 uon
443 419 589 452 temere
622 411 813 466 po'e‘ticum
844 411 934 451 illud
968 419 1190 467 usurpatum
1224 413 1406 463 arbitror,

626 483 721 518 Dum
754 484 876 519 iuncti
897 489 1106 532 properant
1133 482 1252 519 ambo.

162 547 250 589 Duo
271 548 407 603 quippe
431 547 648 588 adversarii
676 555 780 588 sunt.
845 546 978 601 Quare
1005 549 1202 588 amborum
1238 549 1341 589 vires
1372 550 1557 590 ambobus
1592 550 1702 591 nobis

160 616 412 658 sustinendae
438 624 543 656 sunt.
606 615 664 656 Te
693 617 793 656 enim
818 631 966 671 pugnae
989 617 1178 656 adversus
1203 616 1288 656 illos
1315 624 1351 657 et
1382 618 1604 658 certaminis
1637 620 1702 659 ad-

160 686 322 726 iutorem
351 692 389 725 et
417 685 687 739 opitulatorem
712 684 828 738 eligo,
864 699 910 724 ne
933 684 1165 739 Aglaophon
1190 698 1273 724 cum
1301 683 1440 725 Proeto
1466 694 1504 726 et
1528 684 1700 741 Origene

158 753 256 809 aptis
289 753 334 793 ad
375 753 629 793 refellendum
666 752 883 793 rationibus
922 753 1135 792 instructus
1172 753 1499 793 resurrectionem
1533 763 1698 796 evertat.

158 820 282 877 Igitur
305 821 528 876 sophisticis
551 821 703 861 illorum
727 820 930 860 calumniis
956 820 1214 861 resistendum
1243 820 1353 860 nobis
1383 828 1466 872 est,
1501 836 1625 877 neque.
1657 824 1700 863 il-

157 891 279 931 lorum
302 889 491 940 rationes,
527 903 623 943 quae
649 888 813 943 ignavos
840 889 1044 943 impetunt,
1080 889 1155 928 ullo
1184 889 1296 929 modo
1321 891 1565 931 metuendae.
1627 890 1700 931 Ni-

157 959 209 999 hil
234 960 335 999 enim
359 958 396 998 in
422 957 480 997 his
503 971 638 998 sanum
663 965 723 997 cst
745 965 858 1012 atque
886 959 1060 1008 firmum,
1095 959 1161 998 sed
1187 958 1395 998 verborum
1424 959 1613 999 duntaxat
1638 974 1700 1000 or-

157 1035 268 1068 natus
289 1027 333 1067 ad
363 1040 538 1082 pompam
562 1033 598 1066 et
619 1026 663 1066 ad
691 1026 929 1067 audientium
953 1026 1247 1067 admirationem
1273 1026 1484 1067 instructus
1501 1059 1510 1077 ,
1544 1042 1587 1068 ac
1614 1042 1699 1083 per-

156 1095 340 1137 suadendi
373 1095 559 1149 quoddam
594 1094 830 1135 lenocinium
859 1110 935 1135 non
962 1095 1163 1145 veritatis,
1206 1109 1330 1150 neque
1361 1096 1536 1137 utilitatis
1566 1097 1696 1146 ullius,

156 1165 223 1205 sed
254 1162 527 1204 ostentationis
559 1176 696 1203 caussa
728 1171 1015 1218 comparatum,
1049 1171 1090 1204 ut
1117 1164 1276 1204 callidos
1307 1179 1351 1204 ac
1381 1165 1549 1205 solerter
1579 1179 1699 1206 exco-

154 1233 296 1288 gitatos
331 1245 535 1273 sermones
571 1231 812 1272 auditoribus
846 1232 1072 1273 exhibeant.
1136 1233 1266 1288 Atque
1304 1233 1391 1273 hinc
1423 1248 1697 1288 nonnunquam

155 1302 293 1342 accidit
316 1309 355 1342 ut
381 1314 479 1355 quae
504 1314 555 1340 ex
582 1298 858 1340 verisimilibus
881 1301 1068 1341 deductae
1096 1308 1184 1341 sunt
1217 1301 1440 1352 orationes,
1476 1309 1514 1342 et
1539 1303 1584 1342 ad
1610 1316 1697 1358 spe-

155 1369 251 1411 ciem
275 1385 318 1410 ac
343 1370 578 1424 voluptatem
603 1378 788 1420 ornatae,
821 1369 906 1409 aliis
934 1370 1240 1424 praestantiores
1266 1371 1494 1422 videantur,
1528 1385 1626 1425 quae
1650 1372 1697 1412 ad

155 1438 485 1480 accuratissimam
520 1438 699 1478 veritatis
734 1452 907 1478 normam
945 1446 1110 1479 exactae
1146 1446 1250 1479 sunt.
1315 1438 1380 1480 Ex
1412 1454 1486 1494 qno
1518 1440 1556 1480 fn
1588 1447 1628 1479 ut
1659 1448 1698 1480 et

155 1507 337 1547 doc-tores
362 1521 437 1547 non
463 1506 536 1546 iam
563 1507 595 1546 ei
620 1506 719 1561 quod
745 1506 928 1561 optimum
951 1506 1001 1546 sit
1021 1507 1303 1562 gravitatisque
1327 1508 1478 1563 plenum
1498 1508 1694 1560 studeant,

155 1576 222 1617 sed
245 1576 279 1616 id
303 1576 493 1616 duntaxat
518 1575 618 1630 quod
643 1575 792 1630 placet,
827 1575 1003 1629 quodque
1031 1576 1201 1616 secundo
1233 1578 1366 1616 favore
1394 1578 1539 1628 fertur,
1573 1577 1696 1632 respi-

155 1644 281 1694 ciant,
328 1643 378 1684 uti
417 1643 614 1698 sophistae
655 1644 784 1684 facere
821 1651 1135 1694 consueverunt,
1180 1644 1242 1699 qui
1281 1646 1497 1685 orationum
1537 1659 1694 1686 suarum

153 1712 370 1753 mercedem
392 1712 629 1767 accipientes
655 1712 854 1752 doctrinae
881 1719 917 1752 ct
942 1712 1170 1753 eruditionis
1195 1727 1288 1754 suae
1313 1714 1486 1754 laudibus
1512 1721 1691 1768 tanquam

152 1780 219 1821 vili
245 1780 407 1835 quodam
436 1781 560 1836 pretio
586 1780 843 1821 redimuntur.
905 1780 966 1821 Ac
988 1780 1124 1836 priscis
1148 1782 1298 1835 quidem
1328 1782 1565 1838 temporibus
1589 1797 1694 1823 snm-

153 1863 212 1889 ma
239 1857 320 1890 erat
347 1848 385 1889 in
409 1849 640 1905 explicando
667 1849 862 1900 brevitas,
897 1864 981 1890 eum
1008 1850 1046 1890 in
1072 1850 1108 1890 id
1140 1850 1193 1890 illi
1227 1850 1468 1905 potissimum
1494 1851 1693 1892 incumbe-

151 1925 261 1969 rent,
296 1932 372 1958 non
406 1924 448 1958 ut
482 1918 746 1969 oblectarent,
780 1919 847 1958 sed
881 1925 921 1959 ut
952 1919 1183 1973 prodessent
1208 1919 1464 1960 auditoribus.
1527 1918 1692 1961 Postea-

153 2000 263 2041 quam
287 2000 381 2027 vero
405 1987 736 2042 explanandarum
761 1987 1036 2042 scripturarum
1058 1987 1162 2027 nullo
1187 1988 1325 2042 cuique
1351 1989 1507 2042 negotio
1531 1990 1692 2031 facultas

152 2062 211 2096 est
245 2069 456 2106 concessa,
491 2055 740 2110 universique
774 2056 877 2095 fastu
908 2070 952 2096 ae
986 2055 1045 2096 sui
1079 2055 1260 2111 opinione
1292 2057 1411 2097 inflati
1445 2058 1489 2098 ad
1522 2057 1558 2098 id
1592 2060 1691 2113 quod

151 2130 298 2164 rectum
325 2131 385 2164 est
408 2124 534 2164 obtusi
556 2131 670 2178 atque
697 2124 855 2164 hebetes
883 2124 973 2164 facti
1003 2132 1115 2176 sunt,
1150 2139 1310 2179 magnos
1343 2140 1438 2166 vero
1464 2128 1502 2168 in
1536 2128 1692 2167 ratioci-

151 2192 267 2232 nandi
298 2192 508 2233 subtilitate
541 2207 772 2248 progressus
799 2194 977 2233 fecerunt
1004 2207 1047 2234 ac
1074 2195 1198 2234 lucum
1226 2194 1264 2234 in
1293 2194 1455 2235 dicendo
1479 2196 1691 2237 consectati

150 2269 261 2312 sunt,
296 2261 454 2315 perinde
477 2276 520 2302 ac
547 2276 674 2302 rerum
701 2262 870 2302 omnium
905 2261 1068 2302 scientia
1102 2263 1285 2318 praediti,
1321 2278 1405 2304 cum
1433 2271 1472 2304 et
1495 2264 1625 2304 doceri
1648 2278 1690 2305 se

151 2343 245 2384 opus
269 2329 410 2370 habere
435 2331 609 2371 confiteri
638 2330 940 2382 erubescerent,
975 2338 1011 2371 et
1040 2331 1284 2372 contentiose
1311 2333 1454 2387 iurgari
1490 2347 1534 2373 ac
1566 2333 1691 2387 prosi-

150 2398 219 2438 lire
244 2406 538 2453 praeceptorum
573 2400 696 2439 instar
721 2399 901 2450 mallent,
937 2407 1014 2440 tum
1045 2400 1194 2441 demum
1224 2401 1365 2441 accidit
1398 2408 1438 2441 ut
1473 2402 1691 2443 temeritate

151 2467 313 2521 quadam
340 2467 428 2507 elati
454 2467 499 2508 ab
526 2468 711 2522 religiosa
745 2475 1021 2523 mansuetaque
1055 2469 1171 2509 animi
1206 2470 1411 2510 affectione
1446 2484 1489 2510 ac
1525 2470 1689 2511 creduli-

152 2542 228 2576 tate
256 2535 320 2575 illa
354 2536 644 2587 desciscerent,
690 2551 762 2592 qua
796 2537 907 2577 deum
933 2551 1048 2592 posse
1077 2537 1254 2592 quicquid
1285 2538 1505 2592 promiserit
1537 2540 1687 2580 efficere

150 2603 223 2644 sibi
247 2605 545 2659 persuaderent,
579 2612 715 2646 contra
737 2620 832 2646 vero
856 2606 901 2646 ad
926 2606 1063 2647 inanes
1087 2606 1336 2660 quaestiones
1362 2621 1406 2647 ac
1431 2607 1689 2663 blasphemias

150 2672 285 2713 deduci
309 2687 352 2713 se
381 2680 626 2728 paterentur3
671 2688 719 2714 ne
754 2674 844 2714 illud
869 2675 1022 2730 quidem
1048 2675 1427 2726 animadvertentes,
1462 2691 1538 2717 non
1570 2692 1689 2733 opera

149 2740 231 2795 ipsa
255 2755 502 2793 sermonum,
536 2743 603 2783 scd
626 2756 828 2784 sermones
855 2757 1015 2799 operum
1042 2743 1167 2798 gratia
1201 2744 1442 2798 comparari,
1476 2752 1516 2786 ut
1539 2746 1575 2786 in
1608 2761 1686 2787 me-

151 2809 275 2850 dicina
311 2824 380 2850 usu
413 2812 550 2852 venire
581 2811 801 2862 cernimus,
843 2812 882 2852 in
916 2827 990 2867 qua
1025 2812 1201 2852 nimirum
1238 2825 1439 2853 sermones
1472 2814 1582 2855 sactis
1614 2815 1688 2855 illis

152 2878 450 2932 comprobantur
472 2880 610 2934 quibus
635 2887 836 2935 aegrotum
866 2880 1153 2936 repraesentari
1177 2880 1339 2920 salutem
1368 2889 1535 2937 oportet.
1599 2881 1687 2936 Quo

151 2945 330 2986 videlicet
353 2948 552 3002 aptissimo
580 2950 742 3003 quodam
769 2957 960 2990 concentu
985 2949 1188 3003 temperati
1211 2949 1399 2991 eiusmodi
1427 2959 1594 2992 mentem
1623 2952 1687 2992 ha-

152 3011 332 3066 beamus,
365 3030 461 3069 quae
485 3017 832 3072 praestantissimis
859 3017 1102 3059 sermonibus
1130 3025 1416 3060 consentaneos
1438 3034 1568 3062 mores
1595 3034 1685 3075 prae

1723 495 1758 522 11.
1778 495 1814 530 n,
1834 496 1890 523 22⁴.
