2030 3324
490 206 671 239 PANARu
697 207 781 239 Lm.
798 208 839 239 n.
865 208 1032 240 ToM.11.
1060 207 1337 240 HAER.LX1X.
1613 198 1693 239 665

145 301 232 328 nem
257 285 356 341 patri
379 285 530 326 detulit.
592 289 724 334 Nemo,
761 286 900 342 inquit,
933 292 1036 327 novit
1055 291 1148 327 diem
1174 292 1252 327 nisi
1269 296 1393 340 puter.
1460 284 1573 340 Quod
1598 286 1693 326 duo-
1713 299 1811 342 M'arq.

143 355 215 395 bus
242 354 365 394 modis
389 353 579 408 explicari
609 362 751 409 potest.
816 354 988 396 Primum
1015 356 1114 410 quod
1138 357 1289 411 quando
1316 362 1479 396 ventura
1506 355 1558 395 sit
1580 355 1694 395 intel·
1732 334 1774 368 ¹³'
1795 333 1841 361 ‘⁸²'

144 422 262 477 ligat,
309 436 394 462 cum
429 435 481 462 ex
513 422 614 463 illius
651 430 745 464 nutu
780 439 824 464 ac
854 424 1055 465 voluntate
1083 425 1177 464 liora
1211 424 1273 464 illa
1309 438 1352 463 ac
1379 424 1461 463 dies
1495 422 1692 463 adveniat.

145 489 329 532 Secundo
356 490 443 530 ideo
470 505 588 531 nosse
617 491 780 542 dicitur,
816 493 914 547 quod
946 492 1022 532 lilio
1045 506 1116 532 suo
1140 492 1215 532 iam
1242 505 1394 531 omnem
1429 491 1531 531 illam
1564 490 1695 531 iudicii

144 560 381 600 functionem
418 559 633 600 tradiderit.
698 559 785 601 Nec
817 561 943 600 minus
977 560 1064 600 huic
1098 560 1168 615 ipsi
1202 560 1261 599 dei
1294 560 1392 609 lilio,
1438 567 1569 613 utpote
1602 559 1691 609 deo,

143 641 214 668 nec
239 627 315 668 ulla
341 640 381 667 re
411 641 431 667 a
459 635 564 682 patre
589 628 772 679 diverso,
808 629 942 668 eadem
977 636 1037 668 est
1069 628 1273 668 tribuenda
1308 627 1495 681 cognitio.
1559 626 1694 680 Quare

143 703 180 736 et
203 696 302 736 diem
340 695 440 735 illam
476 696 607 746 novit,
651 704 688 736 ct
712 697 874 736 eandem
903 696 1102 751 producit,
1147 710 1191 736 ac
1225 696 1397 750 perlicit,
1440 702 1479 735 et
1511 695 1691 735 iudiciuin

142 764 403 814 administrat,
439 779 510 804 uec
539 764 684 819 absque
708 765 773 805 illo
798 778 959 819 prorsus
983 764 1182 804 adveniet.
1245 763 1386 818 Neque
1414 770 1559 813 tamen,
1593 764 1694 817 quod

142 833 187 873 ad
215 833 461 873 effectionem
489 834 680 887 pertinet,
715 847 799 872 eam
836 846 953 873 nosse
983 832 1148 882 (licitur,
1193 832 1281 886 quia
1315 832 1483 872 nondum
1510 832 1692 872 iudicium

143 901 326 942 instituit.
372 901 476 942 Nam
505 909 542 941 et
567 901 670 956 impii
701 901 824 941 adhuc
849 901 1086 955 impietatem
1110 908 1317 951 exercent,
1352 908 1390 941 et
1411 901 1542 941 iniusti
1567 901 1694 941 alicua

143 983 214 1025 per
245 970 321 1009 vim
350 977 558 1024 usurpant3
605 976 643 1009 et
666 976 931 1024 stupratoreS,
978 969 1141 1009 adulteri
1171 983 1215 1008 ac
1240 970 1538 1009 simulacrorum
1572 969 1696 1009 culto-

140 1053 204 1079 res
230 1038 375 1091 flagitia
402 1052 470 1078 sua
502 1044 751 1093 perpetrant,
797 1045 835 1077 et
862 1037 1039 1077 diabolus
1067 1037 1224 1077 molitur
1249 1038 1414 1091 aliquid,
1450 1044 1487 1077 et
1511 1037 1695 1078 haereses

139 1107 371 1160 insurgunt,
406 1113 444 1146 ct
468 1119 645 1146 errorum
673 1106 821 1146 falsitas
846 1104 1126 1160 quamplurima
1153 1106 1418 1146 machinatur:
1465 1106 1588 1145 donec
1619 1105 1695 1144 sci-

140 1175 232 1215 licet
256 1175 355 1215 diem
384 1175 488 1215 illum
513 1175 613 1215 filius
638 1174 699 1214 dei
722 1175 921 1229 proferat,
956 1180 994 1214 ct
1019 1173 1227 1228 unicuique
1252 1174 1351 1228 quod
1376 1174 1517 1214 iustum
1546 1180 1607 1213 est
1637 1180 1694 1213 at-

140 1243 297 1284 tribuat.
363 1243 465 1284 Tum
492 1244 643 1283 deinum
673 1243 775 1283 illam
805 1256 922 1283 nosse
950 1243 1123 1294 dicetur,
1158 1242 1230 1282 hoc
1255 1250 1316 1282 est
1342 1242 1380 1283 vi
1409 1256 1480 1282 sua
1514 1256 1559 1282 ac
1586 1248 1696 1296 potc-

139 1319 240 1352 state
275 1313 421 1352 faccre.
486 1310 593 1366 Ergo
621 1312 711 1351 illud
747 1312 785 1351 in
818 1318 925 1366 patre
961 1311 1111 1351 duobus
1144 1310 1268 1351 modis
1296 1310 1500 1366 impletur,
1546 1309 1584 1350 in
1617 1310 1694 1350 filio

139 1394 234 1421 vero
257 1381 421 1420 scientia
448 1387 488 1420 et
514 1380 739 1434 cognitione
769 1387 907 1430 tenus3
955 1393 1026 1419 nec
1058 1379 1090 1419 is
1120 1385 1249 1419 tamen
1281 1379 1460 1433 ignorat,
1494 1378 1561 1419 sed
1596 1392 1693 1418 non-

139 1449 225 1489 dum
253 1449 406 1489 actione
431 1449 512 1504 ipsa
536 1449 714 1504 perfecit.
777 1447 963 1488 Nondum
991 1447 1093 1488 enim
1119 1446 1321 1487 iudicavit.
1385 1447 1550 1500 Angelis
1579 1461 1696 1501 porro

139 1517 288 1557 duobus
321 1517 445 1559 modis
479 1518 573 1558 haec
609 1516 781 1571 cognitio
809 1516 1050 1567 detrahitur,
1098 1516 1198 1570 quod
1233 1529 1357 1570 neque
1386 1516 1538 1570 quando
1567 1516 1694 1556 futura

137 1585 188 1625 sit
216 1586 457 1641 intelligant,
493 1600 564 1626 nec
589 1585 744 1625 actione
769 1585 848 1639 ipsa
880 1592 1143 1639 cognoscant,
1179 1585 1251 1624 hoc
1280 1591 1340 1624 est
1367 1584 1460 1624 nihil
1493 1584 1618 1624 adhuc
1640 1584 1696 1624 ef-

140 1655 320 1694 fecerint.
387 1653 539 1709 Quippe
567 1654 735 1694 noudmn
773 1654 996 1693 mandatum
1031 1654 1106 1693 illis
1141 1660 1269 1693 estut
1303 1660 1447 1693 exeant
1486 1659 1524 1692 et
1555 1652 1692 1707 impios
1713 1657 1827 1720 ἲῖῐξῑὲῑόἶ

138 1722 244 1762 velut
270 1722 401 1763 lolium
435 1722 473 1762 in
505 1723 712 1763 fasciculos
741 1722 948 1777 colligant,
995 1729 1033 1761 et
1058 1722 1137 1775 igni
1167 1722 1212 1762 ad
1242 1721 1546 1762 comburendum
1581 1734 1694 1776 prae·
1755 1714 1763 1728 ⁹

139 1799 293 1846 parent.
360 1791 712 1842 Animadvertitis,
749 1791 910 1846 opinor,
955 1805 976 1830 o
1013 1789 1231 1840 carissimi,
1275 1790 1413 1843 deique
1453 1789 1583 1840 servi,
1628 1803 1696 1829 eos

139 1873 276 1901 omnes
306 1860 368 1914 qui
398 1867 537 1914 sponte
568 1874 637 1899 sua
668 1859 862 1913 animique
897 1858 1098 1914 proposito
1132 1858 1206 1899 sibi
1243 1857 1454 1914 perniciem
1489 1864 1696 1898 arcessunt

139 1929 283 1969 frustra
309 1927 467 1969 veritati
500 1928 640 1968 bellum
673 1927 842 1977 inferre,
888 1942 974 1968 cum
999 1927 1267 1982 unusquisque
1295 1941 1436 1981 magno
1471 1940 1542 1967 suo
1574 1926 1692 1976 malo,

138 1997 293 2037 diversa
321 1996 473 2037 ratione
499 1996 728 2036 inferiorem
755 1996 946 2050 quandam
975 1995 1239 2037 conditionem
1269 2010 1314 2036 ac
1350 2002 1496 2036 sortem
1523 1994 1584 2035 dei
1617 1994 1694 2034 filio

138 2079 207 2120 per
239 2079 428 2106 summam
463 2065 738 2105 contumeliam
773 2071 938 2104 conatur
970 2064 1212 2105 adscribere.

253 2132 399 2174 Verum
429 2147 516 2173 cum
550 2133 738 2173 hactenus
767 2133 812 2173 de
839 2132 904 2173 illo
930 2133 1149 2188 scripturae
1178 2133 1264 2173 loco
1301 2130 1398 2173 satis
1431 2131 1550 2172 multa
1583 2131 1694 2171 dixe·
1722 2127 1868 2204 {Eg-m

135 2201 280 2251 rimus,
316 2209 475 2252 cetera,
522 2216 619 2255 quac
651 2201 697 2241 ab
734 2201 808 2241 illis
839 2201 1081 2252 all'cruntur,
1116 2201 1248 2241 divino
1278 2200 1365 2241 freti
1401 2200 1596 2254 praesidio
1629 2214 1695 2240 cu·
1872 2197 1879 2204 ’

134 2271 302 2311 iusmodi
337 2271 415 2311 sint
451 2270 667 2310 videamus.
732 2268 888 2310 Etenim
926 2270 1112 2324 generosi
1147 2270 1200 2310 illi
1233 2284 1277 2310 ac
1311 2268 1468 2309 nimium
1505 2268 1692 2318 audaces,

134 2339 288 2379 tametsi
316 2354 392 2378 non
427 2339 559 2378 eadem
587 2353 671 2378 cum
700 2337 972 2389 Mauiclmeis,
1006 2345 1120 2393 atque
1147 2337 1233 2378 aliis
1260 2352 1371 2392 quam
1401 2337 1575 2392 plurimis
1602 2337 1694 2378 hac-

133 2407 289 2448 resibus
314 2408 510 2457 sentiant,
545 2407 612 2446 sed
637 2421 770 2446 veram
795 2407 832 2446 iu
859 2404 1021 2447 Christo
1043 2420 1200 2447 carnem
1224 2407 1435 2456 retineant,
1472 2405 1544 2446 hoc
1567 2404 1693 2460 ipsum

134 2484 261 2516 tamen
289 2490 367 2516 non
394 2476 507 2529 plene
530 2482 645 2529 atque
677 2475 853 2529 integre,
888 2476 955 2515 scd
980 2489 1066 2515 cum
1092 2475 1245 2516 ‹lel'ectu
1280 2475 1409 2528 aliquo
1444 2474 1691 2529 profitentur.

131 2542 234 2584 Nam
262 2544 501 2584 salvatorem
537 2551 710 2584 nostrum
747 2557 838 2585 vera
872 2544 1025 2598 quidem
1052 2557 1170 2584 carue
1199 2543 1415 2598 praeditum
1447 2542 1567 2582 l'uisse
1600 2557 1694 2582 con-

133 2613 290 2652 cedunt.
357 2610 435 2652 Sed
461 2626 548 2652 cum
576 2612 613 2651 iu
638 2612 845 2666 evangelio
874 2612 1036 2653 audiunt
1060 2613 1225 2653 eundem
1252 2627 1301 2650 er
1323 2614 1457 2650 itinere
1475 2612 1689 2665 fimgatum
1709 2618 1812 2646 Ioann-
1831 2617 1858 2651 ⁴,
1875 2617 1900 2643 6·

132 2680 278 2731 fnisse,
313 2694 488 2720 necnon
520 2687 557 2720 et
595 2681 720 2720 famen
757 2680 938 2734 sitimque
973 2681 1205 2735 pertulisse,
1250 2679 1442 2720 dormisse
1476 2693 1522 2719 ac
1559 2693 1693 2720 surre-

131 2748 266 2799 xisse‚
302 2748 398 2788 haec
430 2748 559 2788 omnia
595 2748 828 2802 colligentes
860 2750 905 2788 ad
935 2749 1018 2789 eius
1056 2749 1298 2789 divinitatem
1335 2748 1535 2799 referunt,
1579 2762 1691 2802 quam

131 2817 287 2872 quidem
316 2816 558 2871 argumentis
582 2816 772 2856 eiusmodi
810 2817 899 2857 freti
925 2817 1091 2857 alienam
1129 2832 1150 2857 a
1186 2824 1324 2857 natura
1350 2816 1470 2871 patris
1502 2817 1693 2857 affirmare

128 2896 186 2928 sed
213 2895 312 2928 etiam
337 2901 403 2929 cett.
977 2894 1007 2928 4.
1036 2895 1233 2937 ἐπεσπωμεν
1259 2898 1326 2929 cod.
1350 2897 1484 2937 Rhediq.

170 2942 200 2974 3.
227 2940 357 2984 δεσμὰς
391 2940 524 2984 δεσμάς
558 2943 605 2973 ed.
636 2952 685 2981 pr.
714 2943 885 2974 Cornartus
980 2942 1055 2973 Cam.
1075 2943 1230 2973 XLVttt.
1258 2963 1301 2968 —
1338 2942 1364 2974 1.
1390 2937 1483 2986 αὐτῷ
1512 2943 1602 2974 codd.
1616 2952 1689 2974 mss.

124 2989 318 3019 etiamvertic
353 2988 384 3019 in
421 2987 602 3019 fasciculos
631 2999 669 3018 ac
702 2986 890 3019 fasciculos.
940 2991 965 3019 et
991 2989 1037 3019 ed.
1067 2990 1165 3027 princ.

127 3031 175 3070 εἰς
204 3030 334 3075 δεσμάς
348 3036 481 3066 correxit
495 3034 672 3065 Gatakerus
692 3035 711 3065 l.
726 3035 744 3063 l.
766 3043 799 3073 p.
815 3033 892 3065 512.
