2066 3319
474 158 651 191 PANARH
678 157 761 189 Lm.
785 159 827 189 11.
854 159 958 190 ToM.
982 160 1006 190 t.
1032 158 1162 190 HAER.
1184 157 1275 191 th.
1567 147 1643 188 185

221 236 302 279 Iam
327 251 422 277 vero
448 237 669 277 sacerdotio
695 237 839 291 primns
872 239 990 289 ordo,
1025 246 1282 292 accurataque
1310 238 1347 277 iu
1385 237 1561 278 omnibus
1588 236 1644 277 vi-

106 315 167 348 tae
192 306 290 347 ratio
320 305 514 345 tribuitur.
578 303 725 360 Populo
753 319 846 345 vero
871 307 1110 347 moderatum
1139 307 1339 360 quiddam,
1373 313 1411 346 et
1434 306 1479 346 ad
1511 319 1644 345 eorum

106 383 255 429 captum
293 374 625 415 accommodatum
657 381 695 412 et
726 388 812 413 etun
842 375 1003 428 quadani
1035 375 1272 428 induigentia
1300 375 1572 424 conium-,tuing
1606 380 1647 414 ut

106 457 240 484 omnes
266 443 480 483 doceantur
503 456 546 481 ac
573 442 877 482 misericordiam
901 450 1206 497 consequantur.
1251 441 1483 483 Misericors
1509 444 1646 498 quippe

108 512 286 553 dominus
311 518 385 560 est,
420 518 459 551 et
480 524 641 550 servare
662 511 868 551 universos
895 518 1036 565 potest,
1071 526 1156 550 cum
1179 511 1387 565 praeclaris
1409 511 1535 564 legum
1557 525 1646 551 sua-

105 595 187 622 rum
219 579 432 628 institutis,
475 586 551 619 tum
586 593 678 618 vera
713 593 882 633 puraque
909 577 1158 619 Christianae
1194 578 1393 630 religionis
1427 580 1513 619 [ide.
1578 577 1646 618 llle

105 649 206 690 enim
240 662 357 703 purus
386 647 492 687 solus
516 654 590 687 est.
653 648 708 687 At
738 647 800 686 isti
828 647 914 686 dum
945 646 1097 700 scipsos
1126 645 1250 686 l'uros
1285 661 1372 686 esse
1404 648 1644 701 praedicant,

104 717 169 758 illo
196 717 279 772 ipso
312 730 382 757 suo
407 716 584 770 dogmate
618 715 789 770 impuros
825 729 914 756 sese
950 714 1110 755 faciunt.
1174 713 1276 754 Nam
1305 715 1478 769 quisquis
1510 730 1645 769 purum

104 799 193 827 sese
228 786 310 840 ipse
344 784 588 840 pronuntiat,
633 791 835 824 extremae
869 797 911 824 se
948 783 1180 838 impuritatis
1212 791 1349 837 suopte
1382 783 1522 823 indicio
1555 798 1648 824 con-

104 855 273 895 demnat.

218 919 296 963 Sed
322 920 559 962 incredibilis
581 921 766 974 quaedam
791 920 924 961 horum
948 920 1111 960 stultitia
1135 927 1209 970 est,
1244 920 1331 960 dum
1356 920 1520 974 aliquam
1546 920 1649 960 eins-

104 991 205 1032 modi
233 990 451 1045 scripturae
474 989 706 1029 senteutiam
735 1003 822 1029 csse
853 996 987 1044 putant
1020 988 1188 1041 (tametsi
1216 1002 1350 1029 verum
1377 1002 1465 1028 esse
1496 989 1647 1028 illorum

104 1061 242 1114 dogma
273 1060 477 1112 fateamur)
509 1072 606 1112 qnae
642 1058 687 1097 de
723 1057 906 1098 universo
941 1058 1079 1112 populo
1110 1057 1209 1097 hunc
1235 1057 1272 1096 in
1302 1058 1454 1097 modum
1487 1064 1646 1098 statuat.

105 1126 217 1170 Scire
242 1127 342 1167 enim
368 1126 458 1167 illud
491 1127 727 1176 debuerant,
763 1140 839 1166 non
864 1126 901 1166 in
927 1126 997 1166 hoc
1021 1126 1143 1166 solum
1175 1140 1321 1180 genere
1347 1126 1541 1166 hominum
1567 1126 1647 1165 ani-

104 1210 187 1237 mos
221 1203 287 1236 aut
315 1195 464 1250 culpam
502 1196 758 1244 contrahere,
799 1203 866 1234 aut
900 1196 1043 1235 virtute
1077 1195 1272 1249 praeditos
1308 1208 1419 1244 esse,
1459 1195 1525 1234 scd
1559 1194 1649 1234 illud

104 1273 307 1321 praeterea
335 1263 506 1318 requiri,
543 1271 583 1304 ut
613 1278 737 1318 neque
768 1263 1055 1313 convicientur,
1090 1278 1162 1303 nec
1191 1263 1348 1304 omuino
1379 1277 1473 1303 vere
1505 1263 1650 1302 falsove

103 1334 252 1385 iurent,
287 1347 358 1373 nec
383 1333 484 1373 aliud
507 1334 711 1387 quicquam
740 1339 912 1387 praeter,
947 1335 1086 1380 Elium,
1122 1336 1246 1380 eliam,
1282 1335 1381 1380 Νοη,
1416 1348 1503 1380 non,
1539 1345 1652 1371 usur-

104 1410 210 1458 pent,
244 1416 293 1442 ne
319 1401 405 1441 dolo
430 1401 756 1451 circumveniant,
792 1415 838 1441 ne
863 1401 1163 1451 calumnientur,
1199 1415 1247 1441 ne
1272 1402 1464 1451 furentur,
1500 1414 1546 1441 ne
1572 1407 1652 1440 stu-

104 1485 212 1527 prum
238 1471 496 1511 committant.
561 1469 711 1524 Quibus
741 1484 792 1510 ex
818 1469 997 1510 omnibus
1027 1470 1228 1510 criminum
1254 1469 1392 1510 sordes
1416 1469 1648 1523 colligimus.

104 1540 261 1594 Atque,
300 1542 347 1579 L't
363 1542 495 1591 palus,
531 1538 677 1593 inquit,
712 1542 811 1578 inter
832 1541 924 1577 decos
951 1541 1091 1590 laptiles
1115 1541 1337 1585 conlerz‘lur,
1372 1542 1426 1577 εἰσ
1455 1546 1648 1590 peccalum

105 1612 142 1648 in
169 1611 285 1647 medio
316 1611 395 1647 elus
425 1611 595 1660 qm'emc'l
616 1615 653 1646 et
684 1610 818 1646 vemle‘l.
884 1606 944 1647 Ad
973 1607 1067 1646 haec
1094 1607 1358 1647 necessarium
1387 1621 1498 1657 esse,
1542 1615 1583 1648 ut
1614 1615 1652 1647 et

107 1677 204 1718 ebrii
232 1684 270 1716 et
293 1683 562 1731 stupratores,
599 1682 636 1715 ct
662 1676 795 1724 avari,
831 1683 869 1715 et
894 1677 1186 1725 foeneratores,
1222 1684 1258 1715 et
1283 1675 1496 1727 eiusmodi,
1531 1691 1575 1717 ac
1599 1676 1651 1716 si-

108 1745 261 1785 milibus
282 1745 387 1785 vitiis
409 1744 584 1784 obstricti
609 1744 646 1784 in
670 1743 797 1799 populi
822 1744 1064 1785 multitudine
1086 1751 1310 1794 versentur,
1341 1745 1650 1799 quandoquidem

106 1813 313 1868 unicuique
340 1813 540 1853 mendacia
567 1813 867 1853 adhaerescunt.
932 1811 1108 1866 Quanam
1139 1813 1257 1867 igitur
1284 1813 1409 1853 fronte
1436 1828 1554 1868 puros
1586 1828 1651 1868 ap-

108 1883 253 1938 pellare
281 1881 433 1937 seipsos
457 1881 643 1935 singulari
671 1881 733 1921 illa
765 1881 1008 1936 professione
1038 1888 1221 1936 possunt,
1264 1895 1350 1922 eum
1382 1882 1507 1922 omnis
1536 1879 1651 1923 Chri-

107 1951 258 1992 stianae
280 1950 384 1990 vitae
407 1950 669 1991 instituendae
693 1950 790 1990 ratio
813 1950 859 1989 ab
885 1950 988 1990 omni
1012 1950 1239 1990 delictorum
1267 1964 1412 2004 genere
1436 1951 1648 1991 cavendum

107 2033 196 2060 esse
223 2018 461 2059 constituat?
522 2017 646 2073 Igitur
671 2016 922 2059 Christianae
946 2019 1145 2059 doctrinae
1171 2026 1392 2059 accuratam
1412 2018 1465 2059 illi
1489 2020 1650 2059 formam

107 2102 184 2129 non
207 2094 373 2138 norunt,
408 2101 533 2141 neque
564 2087 716 2127 cuinam
742 2094 882 2127 exacta
908 2087 974 2128 illa
1003 2088 1049 2128 de
1079 2087 1263 2128 secundis
1293 2088 1435 2143 nuptiis
1461 2088 1651 2143 praescri-

107 2157 180 2212 ptis
211 2156 279 2197 lex
310 2156 448 2207 fuerit,
482 2170 643 2211 prorsus
676 2156 908 2210 intelligunt.

221 2223 335 2278 Quod
367 2225 413 2265 ad
448 2239 515 2265 eos
552 2239 647 2265 vero
683 2231 856 2280 spectat,
889 2225 1014 2279 quiin
1043 2225 1317 2280 persecutione
1345 2225 1511 2281 prolapsi
1544 2232 1648 2275 sunt,

108 2295 222 2336 etiam
252 2294 350 2345 illis,
384 2293 417 2333 si
444 2294 480 2334 in
507 2308 622 2334 sacco
649 2307 695 2333 ac
722 2293 853 2333 cinere
883 2294 1066 2334 sedentes
1091 2309 1299 2349 coramque
1328 2294 1483 2334 domino
1516 2294 1651 2334 llentes

108 2364 320 2420 perfectam
354 2377 444 2418 prae
478 2376 520 2403 se
556 2362 834 2418 poeniteutiam
860 2362 1038 2413 tulerint,
1074 2363 1270 2403 beneficus
1298 2364 1360 2403 ille
1385 2364 1477 2403 deus
1501 2362 1654 2403 miseri-

109 2432 278 2474 cordiam
310 2432 494 2472 adhibere
526 2438 670 2487 potest.
733 2430 842 2471 Nihil
864 2431 965 2471 enim
991 2446 1042 2472 ex
1067 2432 1304 2487 poenitentia
1330 2432 1416 2472 mali
1446 2431 1650 2471 redundat.

1677 920 1754 963 Cap.
1783 921 1852 952 VH.

1669 1547 1728 1575 Sir.
1747 1548 1791 1582 27,
1810 1548 1834 1575 2.

108 2500 268 2556 Excipit
290 2515 384 2554 ergo
411 2501 656 2555 poenitentes
683 2500 875 2550 dominus,
911 2514 981 2541 nec
1005 2515 1080 2541 non
1107 2510 1146 2541 et
1169 2501 1252 2541 eius
1278 2501 1457 2540 ecclesia.
1506 2499 1650 2553 Quem·
1662 2509 1856 2545 2.Par.33,13.

109 2570 311 2610 admodum
335 2568 545 2611 Manasses
570 2568 768 2609 Ezechiae
799 2569 895 2609 [ilius
928 2584 1144 2610 conversus
1171 2577 1251 2620 est,
1294 2577 1332 2609 et
1357 2583 1377 2609 a
1404 2568 1559 2609 domino
1592 2584 1651 2610 re-

110 2645 258 2694 ceptus.
325 2637 497 2693 ltenique
539 2639 718 2693 princeps
753 2639 1014 2692 apostolorum
1050 2637 1217 2688 Petrus,
1262 2638 1324 2692 qui
1357 2638 1552 2678 dominum
1584 2638 1654 2678 ali-

110 2708 261 2762 quando
286 2709 457 2762 negavit.
521 2706 597 2761 Qui
622 2707 774 2761 quidem
799 2707 946 2748 solidae
973 2716 1105 2763 petrae
1130 2707 1253 2747 instar
1276 2706 1385 2746 nobis
1410 2707 1556 2757 extitit,
1591 2706 1652 2747 cui

110 2777 217 2817 velut
243 2777 489 2817 fundamento
521 2776 664 2816 domini
693 2776 786 2816 {ides
812 2777 1012 2827 innititur,
1047 2791 1162 2831 supra
1191 2790 1301 2829 quam
1335 2775 1503 2815 ecclesia
1529 2776 1652 2816 modis

112 2845 288 2885 omnibus
324 2851 503 2885 extructa
534 2853 608 2885 est.
675 2842 853 2898 inprimis
891 2845 1068 2899 quidem,
1112 2844 1210 2897 quod
1246 2842 1444 2883 Christum
1481 2843 1541 2883 dei
1574 2844 1651 2883 vivi

114 2912 228 2952 filium
256 2927 344 2953 esse
370 2916 574 2954 consessus
599 2921 680 2963 est,
715 2913 828 2968 idque
853 2914 1024 2954 vicissim
1055 2912 1196 2952 audiit:
1232 2916 1357 2965 Sapra
1386 2915 1481 2952 lianc
1504 2912 1650 2952 solidae

114 2980 200 3021 fidei
231 2989 376 3034 petram
408 2984 612 3035 (letificabo
637 2985 829 3023 ecclesiam
855 2997 982 3022 meam.
1050 2978 1242 3033 Quoniam
1273 2981 1415 3022 diserte
1442 2996 1574 3023 verum
1607 2981 1651 3022 il-

1671 2919 1781 2947 Matth.

1672 2956 1713 2989 16,
1735 2957 1775 2982 ιε.
