2030 3324
141 1987 208 2015 pag.
227 1978 286 2006 737.

296 188 375 228 604
858 192 1021 226 SANCTI
1043 194 1269 226 EPJPHANH

302 279 319 302 ⁷
335 271 517 326 ἠνείχετο.
564 271 695 313 ΓὈθεν
715 268 843 311 πάντα
862 268 909 310 τά
934 269 1011 311 κατ’
1037 270 1160 312 αὐτοῦ
1184 271 1396 324 κινηθέντα
1420 272 1462 313 ἐκ
1483 275 1554 313 τοῦ
1576 267 1837 324 ὑπερβάλλον-

298 357 363 388 τος
391 341 433 381 ἐν
457 339 563 396 αὐτῷ
588 337 738 380 θεόθεν
763 337 879 390 ζήλου
901 336 1081 391 ἐπράχθη
1112 354 1149 379 τε
1183 339 1250 379 καὶ
1280 337 1597 391 συνεσκευάσθη·
1642 336 1737 385 ῶςτε
1769 338 1837 378 καὶ

299 409 449 462 ἐξορίας
469 406 590 449 αὐτόν
612 405 834 459 ὑπομεῖναι,
870 409 886 433 ⁸
901 406 1012 446 ἕνεκα
1037 409 1106 457 τῆς
1128 409 1206 446 τῶν
1228 403 1436 460 Ἀρειανῶν
1459 404 1553 460 μετά
1583 408 1837 454 9δυναστείας

298 473 541 527 άδικωτάτης
566 473 860 526 άκοινωνησίας,
919 470 1029 513 ’Λλλοὶ
1060 473 1148 527 περὶ
1172 477 1241 513 τοῦ
1264 476 1482 528 μακαρίτου
1503 472 1745 514 Ἀθανασίου
1764 474 1838 520 ἕως

299 545 474 585 ἐνταῦθα
504 543 628 595 ἐχέτω.
682 539 866 595 Ἐρρήθη
903 538 974 595 γάρ
1014 538 1060 581 τά
1091 537 1173 581 κατ’
1205 538 1326 581 αὐτόν
1365 540 1463 582 κατά
1494 539 1726 583 λεπτότατον
1755 538 1836 581 ἅνω

300 613 341 652 ἐν
370 615 416 668 τῇ
448 613 650 663 Μελητίου
681 607 882 650 ὑποθέσει.

402 813 558 869 ’Ἀρειος
579 815 710 855 τοίνυν
737 808 854 861 οὗτος
879 810 1123 863 ἐνεπνεύσθη
1146 808 1234 851 γῦπό
1260 812 1488 866 διαβολικῆς
1518 812 1728 867 ἐνεργείας,
1771 813 1839 854 καὶ

299 880 612 936 ἀθυρογλώττως
634 879 856 933 άναισχυντὶ
882 878 1096 935 φερόμενος
1129 880 1272 936 ἐπῇρεν
1297 877 1418 920 αὐτοῦ
1443 878 1515 932 τὴν
1538 884 1708 934 γλῶτταν
1740 878 1838 921 κατά

300 955 367 992 τοῦ
393 951 495 992 ἰδίου
521 948 736 999 δεσπότου,
777 949 815 998 ἐξ
840 948 962 1002 ἀρχῆς
991 949 1116 1000 δῆθεν
1138 945 1209 1000 τήν
1233 945 1340 1001 παρά
1364 951 1417 1003 τῷ
1440 952 1646 1001 Σολομῶνι
1683 948 1725 989 ἐν
1754 953 1840 995 ταῖς

299 1017 422 1061 αὐτοῦ
447 1019 674 1072 παροιμίαις
704 1017 831 1065 1λέξιν
851 1017 1085 1070 ἑρμηνεῦσαι
1105 1013 1359 1068 βουλόμενος,
1390 1013 1455 1066 τό,
1486 1013 1529 1056 Ὁ
1554 1013 1692 1070 κύριος
1713 1015 1839 1056 ἕκτισέ

302 1104 346 1141 με
373 1084 494 1141 ἀρχὴν
520 1083 625 1127 ὁδῶν
649 1082 795 1135 αὐτοῦ,
827 1083 903 1138 πρὸ
929 1088 1001 1124 τοῦ
1026 1085 1170 1131 αἰῶνος
1196 1083 1427 1135 ἐθεμελίωσέ
1451 1099 1517 1136 με,
1559 1084 1600 1124 ἐν
1635 1081 1733 1140 άρχῇ
1761 1081 1839 1137 πρὸ

300 1160 371 1197 τοῦ
394 1152 464 1207 τήν
487 1158 559 1208 γῆν
583 1157 766 1205 ποιῆσαι,
807 1153 872 1192 καὶ
894 1150 970 1205 πρό
999 1155 1069 1192 τοῦ
1104 1150 1173 1198 τάς
1204 1148 1403 1203 α’βύσσους
1437 1155 1618 1203 ποιῆσαι,
1661 1149 1738 1205 πρὸ
1769 1154 1841 1192 τοῦ

300 1227 508 1277 προελθεῖν
532 1220 600 1268 τοὶς
621 1219 749 1275 πηγάς
773 1225 850 1260 τῶν
870 1217 1044 1269 ὑδάτων,
1076 1217 1152 1272 πρὸ
1180 1223 1250 1259 τοῦ
1275 1217 1348 1271 ὅρη
1377 1218 1667 1271 2ἑδρασθῆναι,
1699 1216 1776 1273 πρό
1799 1217 1841 1258 δὲ

301 1289 459 1332 πάντων
484 1291 641 1341 βουνῶν
664 1291 781 1344 γεννᾷ
804 1303 859 1339 με.
908 1284 1058 1326 ’Ένθεν
1081 1283 1188 1342 αὐτῷ
1215 1283 1237 1338 ἦ
1262 1283 1450 1339 είςαγωγή
1473 1289 1541 1338 τῆς
1563 1284 1712 1338 πλάνης
1733 1285 1838 1340 γεγέ-

299 1375 422 1410 νηται.
486 1358 563 1397 Καὶ
590 1355 664 1397 οὐκ
693 1353 863 1412 ᾐδέσθη,
906 1355 971 1395 καὶ
1005 1355 1044 1394 οἵ
1073 1351 1194 1394 αὐτοῦ
1227 1355 1425 1406 μαθηταὶ,
1464 1356 1605 1406 κτίσμα
1629 1352 1842 1394 ἀποκαλεῖν

299 1424 366 1467 τὸν
389 1422 434 1465 τά
461 1422 590 1465 πάντα
614 1426 805 1473 κτίσαντα,
830 1422 898 1463 τόν
922 1423 964 1463 ἐκ
987 1419 1133 1475 πατρὸς
1160 1419 1359 1475 3ἆχρόνως
1381 1422 1445 1461 καὶ
1471 1419 1647 1476 οἷνάρχως
1667 1438 1842 1476 γεγεννη-

299 1494 417 1546 μένον
439 1492 564 1546 λόγον.
625 1489 786 1532 Λοιπὸν
815 1490 857 1531 δὲ
882 1487 960 1531 α’πό
987 1493 1058 1530 τοῦ
1083 1488 1170 1537 ἑνός
1191 1488 1333 1530 τούτου
1363 1487 1482 1543 λόγου
1510 1490 1564 1537 εἷς
1600 1488 1745 1538 πολλάς
1773 1490 1840 1531 καὶ

302 1559 425 1609 κακᾶς
444 1562 604 1615 τρίβους
628 1559 766 1608 ἐλάσας
789 1557 859 1611 τὴν
885 1559 1026 1599 ἑαυτοῦ
1051 1556 1301 1611 κακότροπον
1324 1556 1494 1611 γνώμην,
1525 1557 1592 1598 καὶ
1618 1559 1657 1598 οἱ
1679 1555 1746 1598 ἀπ’
1770 1556 1840 1598 αὐ-

300 1634 371 1671 τοῦ
395 1628 568 1681 διάδοχοι
602 1629 720 1682 μυρία
752 1627 817 1668 καὶ
842 1627 1019 1667 ἐπέκεινα
1050 1627 1104 1673 εἰς
1136 1624 1204 1666 τόν
1234 1623 1322 1666 υἵόν
1353 1628 1422 1665 τοῦ
1446 1629 1565 1677 θεοῦ,
1609 1626 1676 1666 καὶ
1711 1626 1766 1673 εἰς
1794 1622 1838 1666 τό

301 1697 414 1752 ἅγιον
445 1700 598 1749 πνεῦμα
629 1698 910 1748 βλασφημῆσαι
943 1695 1203 1748 ἐπεχείρησαν.
1267 1693 1500 1746 Παρέλυσαν
1527 1692 1590 1742 δὲ,
1623 1690 1676 1741 ὥς
1706 1694 1840 1744 εἰπεῖν,

300 1764 342 1807 τό
369 1771 508 1817 στῖφος
532 1765 599 1805 καὶ
622 1762 693 1815 τὴν
714 1760 900 1815 ὁμόνοιαν
924 1767 993 1814 τῆς
1014 1759 1128 1816 άγίας
1151 1761 1217 1801 καὶ
1239 1759 1466 1815 ὀρθοδόξου
1491 1762 1655 1808 πίστεως
1680 1761 1748 1802 καὶ
1779 1761 1841 1802 ἐκ-

301 1835 483 1886 κλησίας,
516 1831 563 1873 οὐ
590 1830 654 1872 διά
678 1835 747 1883 τῆς
770 1828 900 1871 αὐτῶν
923 1828 1128 1882 δυνάμεως
1151 1827 1177 1881 ἢ
1200 1830 1358 1880 σοφίας·
1391 1827 1512 1882 ὀλίγοι
1529 1826 1603 1883 γάρ
1627 1830 1667 1870 οἱ
1691 1833 1842 1884 4προς-

301 1902 510 1954 κληθέντες
533 1897 800 1952 ἠπατημένοι,
832 1899 966 1939 πολλοὶ
992 1898 1033 1938 δὲ
1067 1899 1107 1938 οἵ
1131 1894 1335 1949 ὑποκρίσει
1366 1894 1672 1944 ὗπειςδύνοντες.
1735 1900 1839 1937 Πολ-

305 1970 365 2010 λοὶ
389 1968 428 2010 δὲ
451 1969 517 2009 καὶ
540 1965 637 2009 κατά
660 1969 750 2019 βίαν
776 1964 828 2019 μὴ
852 1967 1000 2019 ἔχοντες
1023 1964 1148 2013 οὕτως
1168 1965 1351 2006 κοινωνοὶ
1374 1969 1456 2012 τοῖς
1477 1963 1612 2012 αὐτοῖς
1629 1962 1841 2019 τυγχάνου-

303 2050 376 2078 σιν.
426 2034 567 2084 Οὐδεὶς
591 2035 633 2076 δὲ
655 2033 806 2076 τούτων
830 2033 1029 2087 πρόξενος,
1061 2031 1156 2073 άλλά
1177 2036 1335 2085 πρῶτον
1358 2032 1427 2084 μὲν
1449 2034 1658 2084 δοκιμασία
1679 2035 1840 2083 πιστῶν,

301 2105 488 2157 βασιλέων
513 2104 553 2144 δὲ
579 2101 883 2157 ὖπερασπισμὸς,
916 2099 1013 2155 άρχή
1040 2101 1110 2153 μὲν
1139 2098 1411 2148 Κωνστάντιος
1438 2098 1459 2140 ὁ
1481 2097 1672 2152 βασιλεὺς,
1703 2097 1750 2140 τά
1772 2098 1842 2152 μὲν

303 2170 395 2212 ἄλλα
417 2170 544 2212 πάντα
565 2175 692 2227 πρᾷος
713 2171 779 2211 καὶ
805 2167 977 2224 άγαθός,
1012 2166 1064 2216 ὦς
1088 2167 1174 2216 υἱός
1194 2172 1264 2209 τοῦ
1288 2166 1455 2222 μεγάλου
1480 2168 1545 2208 καὶ
1571 2169 1714 2208 τελείου
1729 2170 1840 2208 Κων-

305 2242 508 2280 σταντίνου
531 2243 602 2280 τοῦ
621 2240 839 2290 θεοσεβοῦς
859 2238 925 2278 καὶ
947 2239 1074 2277 πίστιν
1096 2234 1227 2291 ὀρθὴν
1250 2234 1449 2288 ἀληθινῶς
1470 2232 1752 2286 πεφυλακότος,
1774 2234 1842 2276 καὶ

305 2306 429 2349 αὐτοῦ
459 2307 500 2348 δὲ
525 2310 595 2347 τοῦ
619 2308 896 2347 Κωνσταντίου
925 2307 1141 2357 θεοσεβοῦς
1174 2302 1302 2355 ὄντος,
1345 2304 1411 2344 καὶ
1437 2301 1595 2357 άγαθοῦ
1629 2300 1728 2343 κατά
1750 2305 1841 2343 πολ-

303 2373 396 2423 λοὺς
422 2374 612 2429 τρόπους·
655 2375 696 2415 ἐν
726 2371 851 2429 τούτῳ
886 2373 926 2413 δὲ
964 2372 1106 2424 μόνον,
1148 2373 1188 2413 ἐν
1220 2376 1274 2428 τῷ
1303 2370 1355 2424 μη
1380 2369 1479 2412 κατα
1513 2369 1584 2423 τήν
1612 2372 1742 2410 πίστιν
1771 2373 1842 2410 τοῦ

304 2441 450 2497 πατρὸς
473 2441 594 2484 αὐτὸν
619 2440 831 2483 ὡδευκέναι
864 2437 1033 2492 ἐσφάλη,
1077 2439 1152 2481 οὐκ
1187 2438 1252 2491 ἀφ’
1289 2440 1432 2481 ἑαυτοῦ
1454 2439 1597 2489 αἰτίας,
1638 2435 1732 2478 άλλοὶ
1762 2434 1840 2478 ἄπο

304 2515 380 2552 τῶν
407 2509 620 2563 μελλόντων
654 2512 792 2551 δοῦναι
822 2506 937 2563 λόγον
969 2509 1023 2556 εἰς
1056 2505 1206 2561 ἡμέραν
1239 2509 1420 2561 κρίσεως,
1460 2510 1539 2547 τῶν
1565 2503 1724 2557 δοκήσει
1761 2505 1842 2546 ἐπι-

305 2577 464 2620 σκόπων
485 2578 720 2633 λεγομένων,
751 2574 1114 2631 παραφθειράντων
1135 2575 1175 2616 δὲ
1205 2573 1275 2627 τὴν
1308 2579 1410 2616 5τοῦ
1431 2577 1534 2615 θεοῦ
1557 2570 1749 2625 ἀληθινὴν
1779 2574 1840 2612 πί-

305 2660 406 2687 στιν·
449 2648 587 2694 οἵτινες
619 2647 747 2698 ἔχουσι
781 2646 918 2685 δοῦναι
943 2642 1058 2698 λόγον
1094 2643 1160 2683 καὶ
1189 2640 1289 2696 ’ὑπὲρ
1323 2647 1393 2695 τῆς
1421 2643 1603 2691 πίστεως,
1644 2639 1710 2680 καὶ
1740 2636 1840 2693 ’ὑπὲρ

305 2718 382 2754 τῶν
405 2716 586 2767 διωγμῶν
613 2717 683 2765 τῆς
715 2713 935 2764 ἐκκλησίας,
967 2711 1033 2752 καὶ
1056 2708 1253 2752 τοσούτων
1277 2714 1410 2751 κακῶν
1442 2709 1509 2749 καὶ
1536 2705 1673 2759 φόνων
1699 2710 1777 2747 τῶν
1801 2707 1843 2747 ἐν

352 2860 379 2893 7.
409 2862 454 2899 Cf.
481 2870 579 2900 supra
603 2863 687 2892 Ιιαεν.
713 2860 769 2900 68,
793 2859 824 2892 6.
1147 2858 1223 2890 Cn.
1236 2858 1313 2889 XII.
1336 2876 1378 2882 -
1426 2856 1453 2888 1.
1481 2856 1566 2887 Libri
1587 2855 1679 2894 vulgo
1703 2852 1840 2893 λέξεσιν,

350 2906 380 2936 8.
408 2904 504 2938 ἕνεκα
535 2908 694 2945 palmaria
727 2909 769 2937 est
810 2908 867 2937 Ios.
901 2906 1053 2946 Scaliyeri
1098 2905 1164 2936 cod.
1188 2905 1317 2943 Rhediy.
1344 2901 1497 2941 λέξαισιν.

305 2952 484 2984 emendatio.
533 2952 618 2981 Libri
638 2952 747 2981 habent
768 2949 836 2983 καὶ.
933 2950 936 2954 ’
1140 2948 1171 2979 2.
1199 2950 1295 2987 Vulyo
1318 2946 1532 2988 ἐδρασὲδῆναι.

351 2993 381 3027 9.
411 2996 507 3034 Vulyo
532 2994 823 3036 μεταδυναστείας.
1141 2991 1172 3024 3.
1199 2989 1352 3035 οἷνοὶρχως
1375 2989 1433 3024 καὶ
1457 2987 1608 3034 οἱχρόνως
1631 2991 1697 3022 cod.
1714 2990 1840 3029 Rhediy.
