2066 3319
576 145 757 177 PANARn
779 146 862 178 Lm.
883 147 920 178 n.
944 147 1051 180 ToM.
1075 149 1097 180 1.
1124 148 1325 180 HAER.L1.
1669 142 1722 182 69

180 224 470 279 nonagesimum
499 239 641 265 annum
668 225 905 276 excederet,
949 234 1147 280 postquam
1180 242 1201 267 a
1225 226 1364 268 I'atmo
1388 228 1510 268 insula
1536 242 1721 269 reversus

180 301 254 344 est,
285 294 383 347 quod
406 293 556 347 quidem
581 290 745 333 Claudio
767 294 981 348 imperante
1006 296 1183 349 contigit.
1239 294 1500 349 Quamobrem
1522 312 1606 337 cum
1627 298 1722 337 mul-

181 368 239 401 tos
272 361 346 401 iam
373 375 496 402 annos
524 362 732 402 mansisset
755 362 791 402 in
819 362 940 412 Asia,
989 364 1231 417 evangelium
1258 365 1430 405 scribere
1458 373 1615 406 coactus
1643 373 1716 406 est.

179 428 223 470 In
248 444 322 484 quo
345 430 437 470 nihil
461 444 555 485 opus
580 429 711 470 habuit
732 431 951 471 accuratius
976 444 1020 470 ea
1047 433 1229 472 mandare
1252 433 1374 472 literis
1399 448 1494 487 quae
1520 432 1716 485 Christus,

178 506 367 553 quatenus
401 512 518 539 earne
549 506 634 539 erat
664 499 883 553 praeditus,
925 499 1125 540 edidisset.
1188 499 1296 540 llaec
1325 501 1425 540 enim
1449 501 1615 542 stabilita
1643 503 1716 542 iam

176 581 221 608 ae
253 568 462 608 constituta
493 567 660 608 fuerant.
725 565 803 608 Sed
835 567 993 622 perinde
1019 568 1097 621 egit
1123 582 1166 608 ac
1194 568 1225 607 si
1255 577 1340 622 post
1365 569 1460 609 aiios
1485 570 1715 620 ambularet,

177 650 272 690 quos
297 643 335 676 et
357 636 634 676 antecedentes
661 643 863 686 cerneret,
899 643 937 675 et
960 650 1030 690 per
1050 636 1284 689 confragosa
1306 651 1351 676 ac
1373 637 1493 692 spinis
1516 638 1641 678 obsita
1663 639 1717 679 lo-

176 718 221 744 ea
251 711 290 744 et
320 705 546 745 diverticula
573 705 796 758 gradientes
822 704 859 743 in
889 703 991 744 viam
1017 717 1205 744 revocare
1233 712 1412 758 cuperet,
1460 712 1498 744 et
1528 706 1566 746 in
1596 714 1717 747 tntum

175 772 386 823 reducere,
432 773 484 814 ita
508 773 582 813 illis
606 772 836 812 denuntians
859 778 898 812 et
922 771 1171 812 exclamans:
1219 771 1320 826 Quid
1343 773 1508 813 erratis?
1548 788 1621 827 quo
1645 789 1715 815 vos

175 841 432 882 convertitis?
470 855 565 895 quos
589 841 785 881 anfractus
809 840 1011 894 quaeritis,
1046 847 1085 880 tu
1110 837 1319 890 Cerinthe,
1354 847 1393 881 tu
1415 839 1591 892 Marcio,
1626 857 1716 882 vos-

175 923 248 964 que
273 909 419 949 ceteri?
477 907 569 949 Non
597 909 648 948 ita
672 923 714 949 se
737 922 800 949 res
826 908 955 960 habet,
989 915 1030 948 ut
1052 908 1224 949 creditis.
1277 906 1458 950 Christus
1480 911 1632 964 quidem
1656 925 1716 951 se-

174 978 339 1019 cundum
366 991 522 1018 earnem
549 984 662 1017 natus
690 984 772 1028 est,
818 990 944 1031 neque
971 976 1042 1017 hoc
1066 977 1273 1017 obscurum
1299 984 1374 1018 est.
1438 976 1550 1019 Ultro
1578 979 1614 1019 id
1644 993 1716 1034 ego

175 1047 323 1098 fateor,
366 1047 544 1094 Verbum,
579 1046 756 1100 inquam,
789 1047 1040 1098 earosactum
1066 1054 1133 1084 est.
1198 1044 1344 1086 Verum
1370 1060 1418 1087 ne
1445 1047 1491 1087 ab
1519 1061 1564 1087 oo
1591 1048 1714 1088 solnm

173 1122 346 1170 tempore
371 1129 444 1169 quo
470 1129 561 1155 caro
587 1115 728 1155 factum
751 1121 833 1165 est,
865 1114 1029 1154 eundem
1054 1115 1173 1155 fuisse
1196 1121 1387 1169 putatote.
1448 1114 1588 1170 Neque
1614 1116 1715 1157 enim

172 1198 194 1224 a
219 1182 372 1224 Mariae
404 1190 577 1238 tempore
609 1183 798 1223 duntaxat
822 1182 973 1233 extitit,
1017 1183 1335 1237 quemadmodum
1361 1183 1520 1238 quilibet
1541 1191 1713 1225 nostrum

173 1259 250 1293 tum
274 1266 358 1292 oum
382 1258 495 1292 natus
518 1259 593 1302 est,
629 1265 717 1292 esse
741 1252 892 1306 coepit3
926 1265 998 1292 nec
1020 1259 1224 1306 antequam
1248 1260 1480 1293 nasceretur
1499 1253 1576 1293 ullo
1601 1254 1714 1293 modo

171 1321 255 1361 fuit.
318 1321 373 1360 At
394 1327 670 1361 sacrosanctus
694 1321 788 1361 deus
811 1335 856 1360 ac
881 1320 1039 1360 verbum
1063 1321 1122 1360 dei
1147 1320 1269 1371 filius,
1306 1318 1487 1362 Christus
1513 1319 1624 1362 lesus
1648 1322 1714 1362 do-

170 1388 296 1431 minus
319 1396 453 1430 noster
474 1403 550 1429 non
576 1403 596 1428 a
617 1387 770 1429 Mariae.
789 1389 914 1429 solum
935 1396 1107 1444 tempore
1130 1403 1217 1430 esse
1237 1389 1379 1444 coepit,
1405 1403 1531 1444 neque
1553 1388 1709 1446 loseph,

170 1458 232 1498 vel
257 1456 341 1509 Eli,
386 1457 449 1497 vel
473 1455 600 1507 Levi,
642 1457 705 1499 vel
729 1456 975 1508 Zorobabel,
1017 1457 1078 1497 vel
1105 1456 1314 1508 salathiel,
1347 1458 1410 1498 vel
1433 1457 1614 1509 Nathan,
1650 1460 1713 1500 vel

169 1525 314 1576 David,
349 1540 474 1580 neque
499 1526 545 1566 ab
570 1524 702 1576 lacob,
736 1532 801 1565 aut
824 1524 950 1576 Isaac,
984 1532 1050 1565 aut
1071 1526 1116 1566 ab
1140 1527 1296 1577 Adami,
1331 1541 1374 1567 ao
1396 1525 1539 1566 Not‘mi
1562 1527 1713 1568 Abraa-

169 1595 295 1650 mique
319 1594 580 1649 temporibus,
614 1595 681 1634 sed
705 1607 776 1634 nec
799 1608 818 1634 a
841 1594 899 1634 die
923 1594 1080 1648 quinta,
1116 1594 1175 1634 vel
1203 1602 1358 1648 quarta,
1394 1595 1454 1635 vel
1478 1596 1614 1646 tertia,
1649 1598 1711 1638 vel

169 1664 361 1714 secunda,
405 1663 481 1703 imo
514 1677 561 1703 ne
594 1676 645 1703 ex
671 1676 717 1702 eo
746 1663 895 1716 quidem
925 1669 1097 1717 tempore
1129 1677 1203 1716 quo
1231 1663 1378 1704 coelum
1406 1678 1451 1704 ac
1478 1671 1579 1704 terra
1602 1680 1710 1705 mun-

170 1733 316 1787 dusque
344 1731 553 1772 fabricatus
579 1738 661 1781 est,
703 1731 794 1782 sed,
827 1734 871 1770 In
887 1734 1075 1784 principio
1095 1740 1179 1771 erut
1200 1733 1370 1780 verbum,
1405 1741 1442 1771 et
1460 1734 1607 1772 verbum
1630 1743 1712 1774 erat

168 1804 269 1854 apud
287 1804 406 1848 deum,
442 1808 481 1838 et
498 1803 588 1839 deus
607 1808 691 1839 erac
711 1801 870 1839 verbum.
933 1803 1062 1839 Omm'u
1076 1815 1148 1852 per
1169 1804 1285 1852 ipsum
1304 1803 1409 1853 saeta
1430 1809 1540 1849 sunt,
1574 1810 1610 1841 el
1630 1806 1710 1842 sine

168 1873 247 1922 ipso
272 1871 415 1923 filetum
448 1877 505 1907 est
531 1871 629 1908 m'ln'l
657 1871 755 1921 quod
774 1870 925 1921 saelum
957 1876 1032 1916 est,
1068 1877 1138 1907 ete.
1202 1872 1255 1908 Et
1280 1871 1427 1909 verbnm
1455 1884 1543 1909 earo
1566 1873 1708 1923 saelum

168 1947 243 1986 est,
277 1946 314 1977 et
337 1939 520 1977 habitavit
540 1940 578 1976 in
603 1938 730 1984 nobis,
765 1945 804 1976 et
822 1939 978 1976 vidimus
1002 1939 1110 1976 illud.
1176 1936 1350 1977 Deinde:
1384 1941 1475 1977 Fuit
1496 1941 1601 1978 homo
1622 1944 1709 1979 mis-

167 2021 232 2046 sus
253 2021 276 2046 a
298 2009 385 2054 deo,
433 2008 498 2045 euz‘
514 2020 644 2045 nomen
671 2014 758 2044 erat
774 2008 945 2044 Ioannes.
1009 2008 1080 2044 He'c
1104 2009 1205 2045 vem't
1223 2009 1261 2045 in
1283 2009 1550 2056 testimonium,
1594 2016 1637 2047 ut
1656 2017 1707 2048 le-

165 2078 375 2115 slz'mom‘um
395 2075 613 2127 perhiberet
639 2077 683 2113 de
710 2076 867 2122 lumine,
916 2082 957 2113 ut
982 2089 1104 2113 omnes
1131 2077 1327 2114 crederent
1342 2090 1414 2127 per
1439 2078 1557 2115 z'llum.
1621 2079 1706 2116 Non

167 2152 251 2183 erat
271 2146 339 2182 luoe
351 2174 360 2191 ,
394 2146 461 2182 sed
483 2151 526 2182 ut
548 2145 792 2182 testimonium
810 2144 1025 2195 perhiberet
1046 2145 1090 2182 de
1113 2145 1271 2191 lumine,
1306 2152 1350 2183 ut
1369 2159 1492 2183 omnes
1514 2147 1708 2184 crederent

162 2227 233 2265 per
262 2214 380 2251 illum.
444 2215 544 2251 Erat
567 2214 635 2250 lum
662 2226 769 2259 veru,
815 2226 909 2264 quae
930 2213 1120 2251 illuminat
1138 2227 1276 2252 omnem
1301 2215 1478 2252 hominem
1506 2217 1705 2253 venientem

167 2284 204 2320 in
227 2283 325 2320 hunc
346 2283 533 2320 mundum.
597 2283 640 2320 In
665 2283 798 2319 mundo
819 2288 922 2328 erut,
957 2288 995 2319 et
1014 2283 1171 2320 mulidus
1188 2296 1258 2333 per
1278 2284 1394 2333 ipsum
1405 2283 1538 2334 suetus
1561 2290 1635 2329 est,
1671 2292 1709 2323 et

167 2352 323 2389 mundus
353 2364 433 2388 eum
463 2364 536 2388 non
562 2351 748 2400 cognovit.
811 2352 855 2388 In
876 2352 1035 2401 propria
1058 2353 1177 2397 venit,
1224 2358 1263 2389 et
1282 2353 1345 2389 sui
1363 2365 1441 2388 eum
1463 2365 1535 2389 non
1558 2366 1704 2404 recepe-

166 2426 268 2457 runt.
334 2421 522 2470 Quotquot
550 2426 670 2456 aulem
695 2426 915 2469 receperunt
939 2433 1040 2466 eum,
1086 2421 1189 2457 dedit
1207 2422 1259 2458 eis
1280 2427 1497 2470 potestatem
1511 2421 1622 2472 filios
1647 2424 1708 2459 dei

154 2489 273 2539 fieri,
308 2489 376 2539 qui
395 2501 466 2525 non
488 2502 536 2525 ea:
556 2487 803 2537 sanguinibus
824 2494 859 2525 el
879 2500 1012 2534 earne,
1047 2490 1113 2526 sed
1132 2503 1180 2526 ειν
1203 2490 1268 2526 deo
1290 2491 1373 2526 nuli
1388 2495 1487 2527 sunt.
1551 2491 1605 2528 Et
1623 2504 1703 2527 ver-

168 2557 250 2594 bum
276 2569 364 2594 caro
377 2556 527 2609 suctum
554 2563 630 2603 esc,
666 2555 742 2606 ait,
775 2563 813 2593 et
833 2556 1014 2594 habitavit
1039 2559 1075 2595 in
1098 2557 1215 2595 nobis.
1279 2559 1435 2595 loannes
1459 2560 1701 2597 testimoninm

161 2625 355 2677 perhibet,
389 2631 428 2662 et
446 2626 604 2671 clamat,
639 2626 786 2663 dicens:
820 2627 891 2663 He‘e
912 2633 995 2663 erat
1014 2640 1117 2677 quem
1137 2628 1222 2663 {lessrz'
1239 2626 1351 2672 vobis,
1387 2631 1439 2676 et,
1473 2629 1527 2665 De
1538 2628 1701 2678 plenilu-

166 2695 251 2732 de'ne
270 2695 349 2731 eius
371 2707 438 2731 nos
459 2707 581 2732 omnes
602 2696 821 2745 accepimus.
886 2691 938 2734 Et
963 2693 1076 2745 dicit,
1110 2696 1193 2746 Ego
1214 2708 1285 2732 ηοη
1309 2707 1389 2732 sum
1412 2695 1604 2743 Christus,
1637 2698 1704 2734 sed

167 2776 239 2801 υοα·
268 2763 463 2800 clamantis
495 2765 531 2801 ite
562 2764 719 2801 deserto.

165 2889 303 2928 finitivus
327 2885 658 2930 ἐπικηρυκεύσασὸαι
687 2898 756 2920 cum
779 2891 912 2929 ‚qenilivo
956 2892 1060 2929 τεῖτῑε,
1085 2890 1172 2928 sacili
1191 2890 1314 2928 quidem
1332 2892 1510 2931 mutatione,
1533 2900 1627 2931 quam
1643 2900 1699 2932 po-

167 2928 431 2976 οἷσφαλιζομένου
446 2935 555 2974 pendet
573 2944 592 2965 α
608 2935 826 2975 προνοοῦντος.
850 2937 911 2967 Pro
957 2936 1092 2966 stulabat
1113 2939 1278 2967 structura.

166 2977 224 3011 καὶ
247 2975 338 3019 εἷπε,
363 2981 444 3020 quod
470 2981 540 3011 libri
563 2981 692 3020 habent,
715 2983 833 3013 restitui
855 2992 914 3014 κα-

1735 1059 1835 1087 loann.
1854 1060 1878 1087 1.
