2066 3319
443 180 624 213 PANARII
651 181 733 213 [ΑΒ.
753 182 794 213 Π.
819 182 928 214 ΤΟΜ.
949 183 988 214 lI.
1014 182 1144 214 HAER.
1165 182 1317 216 LXV111.
1567 178 1647 215 56¹.)

100 261 209 302 miles
233 259 374 300 dictum
401 260 491 301 illud
516 260 681 315 apostoli
706 261 913 301 convenit:
949 266 1201 301 Caum-ialam
1224 264 1435 303 habentium
1459 266 1831 336 conscae'en-lsstiimfth-

100 332 186 368 tiam
199 358 210 376 ,
249 328 526 380 prohibentium
561 343 699 367 lca-ores
732 331 886 376 ducere,
931 332 1118 369 abs-meere
1149 346 1171 370 α
1204 332 1319 378 cibis,
1365 346 1456 383 quos
1481 334 1570 370 deus
1600 334 1650 371 ad
1731 330 1737 339 ’
1777 329 1781 333 ”

99 410 203 435 usum
230 397 407 434 condidit.
451 397 549 433 Nam
567 410 639 447 pet·
665 398 813 435 verbum
838 400 901 436 dei
924 402 1077 436 via-enm·
1099 407 1135 437 el
1158 402 1361 437 orationem
1384 400 1462 437 cibe·
1480 402 1542 438 ille·
1560 414 1647 439 san-

99 465 338 515 ctgficanlur,
381 470 541 514 saulque
573 471 608 501 et
635 465 723 503 bom'
747 479 871 503 munes
896 474 932 504 e!
957 469 1130 513 iucundi,
1175 481 1292 517 neque
1319 470 1517 518 qm'dqnam
1549 470 1650 519 apud

97 534 203 570 deum
237 534 423 569 refieitur.
499 528 687 571 Ceterum
725 532 873 572 ridiculi
911 533 970 573 vel
1009 534 1181 573 maxime
1217 532 1440 573 Hieracitae
1477 542 1566 575 sunt
1599 535 1646 575 ob

98 597 313 639 adscititias
340 598 426 638 illas
449 605 487 638 et
512 599 754 640 introductas
779 601 964 652 feminas,
999 615 1092 654 quas
1119 616 1202 640 cum
1227 601 1324 654 apud
1350 614 1438 641 sese
1463 602 1644 653 habeant,

98 667 144 707 ad
185 666 449 721 quotidianum
492 667 682 707 duntaxat
716 668 972 709 ministerium
1007 682 1073 708 eas
1112 682 1154 708 se
1193 668 1376 709 adhibere
1411 670 1644 722 gloriantur.

100 732 178 776 Sed
212 748 296 774 cum
328 734 461 786 huius,
505 735 558 775 uti
586 735 689 785 dixi,
734 737 814 776 alas
841 736 1120 786 evulserimus,
1168 744 1356 791 caputque
1389 737 1492 778 vitae
1524 738 1646 792 ligno,

97 803 169 843 hoe
190 809 249 842 est
274 802 417 843 domini
443 804 566 843 nostri
595 801 682 844 lesu
705 801 852 844 Christi
879 818 1010 854 eruce,
1046 806 1406 856 couuninuerimus,
1441 806 1645 860 implorata

98 870 261 925 primum
297 884 368 926 ope
392 871 474 922 dei,
519 878 558 911 ut
585 872 754 926 reliquas
785 873 991 912 confutare
1017 873 1224 923 haereses,
1260 880 1298 913 et
1320 873 1488 914 inaniter
1519 874 1566 914 ab
1599 874 1645 914 iis

97 939 135 978 in
158 938 290 979 orbem
319 939 538 980 introducta
561 939 740 993 dogmata
773 939 919 980 diluere
941 940 1135 995 possimus
1150 973 1159 991 ,
1196 942 1241 981 ad
1266 955 1332 982 eas
1354 942 1643 996 aggrediamur.

406 1087 674 1137 MELETII
709 1088 1023 1137 AEGYPTII
1060 1089 1350 1149 SGHISMA,

312 1184 421 1230 quae
459 1173 527 1216 est
561 1169 760 1216 haeresis
797 1168 1040 1228 XLVIII.,
1077 1169 1172 1218 sive
1209 1169 1426 1217 LXVIII.

210 1278 285 1320 Est
311 1280 500 1334 quaedam
530 1281 566 1321 in
592 1281 776 1336 Aegypto
803 1279 1107 1322 Meletianorum
1134 1281 1272 1332 factio,
1307 1296 1406 1336 quae
1432 1297 1453 1322 a
1480 1280 1646 1323 Meletio
1690 1283 1766 1325 (3³1³-
1796 1283 1818 1312 ¹·

99 1348 263 1403 quodam
291 1349 328 1388 iu
352 1347 556 1389 Thebaide
580 1349 670 1389 olim
697 1349 881 1404 episcopo
907 1356 1167 1404 nuncupatur.
1232 1348 1308 1403 Qui
1333 1351 1484 1405 quidem
1513 1351 1558 1391 ad
1588 1365 1650 1391 ca-

97 1416 277 1457 tholicam
304 1417 509 1457 ecclesiam
537 1417 811 1471 sinceramque
844 1418 955 1457 tidem
993 1417 1243 1458 nihilominus
1275 1419 1474 1459 adhaesit:
1524 1432 1650 1473 neque

98 1486 200 1525 enim
235 1485 310 1525 ullo
336 1491 512 1539 tempore
540 1501 560 1525 a
592 1492 752 1526 sanctae
779 1492 817 1525 et
840 1485 1054 1526 catholicae
1082 1486 1273 1526 eeclesiae
1306 1486 1497 1540 religione
1525 1487 1649 1527 desci-

96 1553 167 1594 vit.
230 1551 384 1593 Floruit
409 1553 468 1593 hic
492 1554 628 1593 eodem
654 1568 728 1607 quo
752 1552 943 1593 Hieracas
969 1560 1165 1608 tempore,
1201 1568 1366 1609 eumque
1391 1555 1527 1595 ordine
1557 1569 1649 1595 con-

96 1621 296 1676 sequitur3
331 1636 406 1676 quo
432 1622 547 1662 etiam
576 1628 749 1676 tempore
775 1629 933 1661 sanctus
955 1619 1098 1662 Petrus
1117 1622 1414 1663 Alexandrinus
1443 1624 1649 1678 episcopus

96 1689 212 1730 vixit.
276 1690 407 1743 Atque
441 1703 577 1730 omnes
611 1689 674 1730 isti
702 1689 986 1745 persecutionis
1024 1689 1125 1730 illius
1158 1698 1332 1745 tempore
1360 1692 1518 1732 fuerunt
1551 1706 1649 1746 quae

95 1772 115 1797 a
142 1756 390 1798 Diocletiano
415 1765 452 1797 et
477 1756 723 1798 Maximiano
760 1757 1061 1812 imperatoribus
1093 1759 1265 1799 excitata
1297 1767 1371 1800 est.
1436 1757 1550 1813 Quae
1582 1774 1649 1801 au-

96 1833 171 1866 tem
205 1826 250 1866 ad
282 1823 487 1866 Meletium
521 1826 708 1877 attinent,
744 1826 816 1866 hoe
848 1825 961 1866 modo
993 1839 1082 1867 sese
1115 1826 1346 1868 habuerunt.

209 1893 283 1934 Hic
305 1894 512 1935 ecclesiam
547 1894 759 1935 schismate
785 1893 959 1944 discidit,
1004 1893 1056 1934 ita
1091 1900 1218 1935 tamen
1248 1902 1290 1935 ut
1321 1895 1431 1936 fidem
1460 1895 1564 1936 nulla
1595 1910 1647 1937 ex

95 1969 203 2018 parte
230 1969 412 2003 mutaret.
478 1960 554 2015 Qui
579 1962 616 2002 in
647 1962 711 2002 illa
747 1962 1021 2017 persecutione
1050 1976 1125 2002 una
1153 1977 1238 2003 cum
1262 1971 1400 2004 sancto
1422 1962 1542 2005 Petro
1568 1967 1648 2019 epi-

94 2045 213 2086 scopo
236 2038 273 2071 et
295 2038 467 2086 martyre
490 2031 710 2084 ceterisque
737 2030 972 2085 martyribus
996 2030 1300 2084 comprehensus
1326 2038 1386 2072 est
1410 2032 1456 2072 ab
1469 2032 1648 2073 Alexan-

95 2099 202 2139 driae
228 2106 266 2139 et
293 2099 464 2154 Aegypti
491 2099 722 2153 praefectis,
767 2098 903 2152 quibus
930 2099 1001 2138 hoc
1028 2098 1074 2138 ab
1102 2098 1404 2153 imperatoribus
1429 2101 1647 2141 mandatum

95 2168 236 2207 suerat.
299 2165 492 2208 Praeerat
529 2174 606 2206 tum
641 2165 833 2207 Thebaidi
860 2164 1096 2217 Culeianus,
1130 2166 1400 2209 Alexandriae
1433 2182 1528 2209 vero
1553 2167 1648 2208 Hie-

94 2235 238 2276 rocles.
302 2233 490 2275 Meletius
515 2234 646 2289 itaque
680 2249 764 2275 cum
801 2234 1038 2290 martyribus
1068 2249 1113 2275 ac
1139 2236 1346 2291 praecipue
1368 2235 1487 2276 Petro
1523 2237 1648 2276 archi-

95 2303 279 2358 episcopo
303 2302 575 2342 Alexandrino
600 2309 676 2343 tum
703 2303 739 2343 in
765 2303 930 2344 vinculis
955 2302 1183 2344 habebatur.
1248 2305 1379 2358 Atque
1403 2304 1467 2344 ille
1495 2305 1648 2358 quidem

93 2372 236 2412 ceteris
261 2371 430 2425 Aegypti
457 2370 649 2426 episcopis
673 2372 912 2412 antecellens
940 2372 1154 2412 secundum
1180 2386 1199 2412 a
1224 2370 1344 2412 Petro
1372 2372 1568 2424 dignitatis
1592 2373 1648 2413 lo-

93 2454 178 2480 cum
205 2439 428 2489 obtinebat,
464 2446 595 2494 utpote
620 2439 722 2480 illius
748 2440 923 2490 adiutor,
958 2441 1025 2480 sed
1052 2440 1177 2480 eidem
1204 2447 1330 2480 tamen
1360 2440 1575 2492 subiectus,
1611 2448 1649 2480 et

93 2509 139 2549 ad
163 2508 288 2563 ipsum
313 2508 358 2548 de
392 2508 542 2548 caussis
570 2507 850 2548 ecclesiasticis
874 2509 1068 2549 referens.
1135 2507 1207 2548 Hic
1235 2507 1336 2548 enim
1366 2521 1449 2548 mos
1473 2516 1532 2549 est
1554 2509 1648 2550 Ale-

90 2689 166 2712 vum
181 2676 329 2721 Ἱέρακα,
354 2680 439 2710 haer.
454 2677 510 2717 67,
526 2677 555 2711 6.
583 2681 761 2711 vocativum
784 2676 846 2712 Ἱέ-
941 2678 972 2712 6.
998 2679 1064 2712 τῶν
1100 2676 1186 2711 κατὰ
1221 2676 1281 2719 τὴν
1314 2678 1379 2709 cod.
1404 2679 1533 2719 Rhediy.
1581 2679 1647 2712 τῶν

93 2735 190 2766 ρακα.
894 2722 955 2766 τήν
979 2722 1067 2757 κατὰ
1090 2721 1152 2764 τήν
1177 2725 1244 2754 cod.
1275 2724 1334 2754 [en.
1367 2727 1395 2754 et
1423 2725 1506 2755 editi.
1555 2726 1648 2757 Prius

136 2767 166 2802 4.
194 2768 480 2812 μετηλλαγμένως
504 2771 573 2800 libri
598 2778 709 2801 omnes.
894 2768 956 2810 τήν
981 2771 1103 2801 uncinis
1123 2771 1284 2799 notaverat
1306 2769 1370 2798 iam
1392 2771 1547 2800 Pelacius.

135 2815 166 2846 ὑ.
192 2813 402 2852 Κουλκιανὸς
426 2816 515 2846 habet
541 2818 664 2854 uterque
689 2816 765 2846 liber
789 2825 845 2846 ms.
940 2813 969 2846 7.
997 2810 1047 2847 ἐπ’
1070 2809 1171 2846 αὐτὸν
1194 2816 1345 2853 corrigere
1358 2815 1477 2845 volebat
1488 2816 1645 2846 petavius.

91 2863 118 2892 et
138 2861 183 2891 ed.
207 2862 321 2900 prino,
344 2871 405 2892 non
429 2857 658 2901 Κουληῖανός,
696 2864 728 2890 ut
752 2862 848 2891 edidit
894 2860 985 2898 Quod
1008 2869 1068 2890 non
1091 2869 1168 2898 opus
1190 2862 1242 2889 ese.
1287 2859 1457 2890 Commius
1477 2862 1566 2891 vertit
1589 2863 1648 2890 mi-

93 2906 251 2938 Petavius.
293 2907 338 2945 Cf.
365 2907 474 2937 Euseb.
491 2907 527 2937 H.
543 2907 576 2936 E.
604 2906 657 2943 IX,
676 2904 723 2936 11.
761 2906 847 2936 Adde
894 2914 951 2934 nus
973 2907 1118 2936 accurate
1139 2910 1171 2935 et
1193 2903 1251 2934 sub
1269 2903 1341 2946 ipso
1356 2903 1576 2936 ecelesiastica
1592 2916 1646 2936 cu-

92 2952 168 3001 ffictq
192 2951 309 2982 Sanctt.
333 2951 476 2983 Bolland.
504 2952 556 2989 W,
593 2951 679 2981 Febr.
713 2960 744 2990 p.
768 2948 845 2982 463.
894 2959 976 2980 rans.

92 3004 121 3026 a.
149 3003 177 3026 a.
