2030 3324
524 254 701 286 PANARn
728 255 809 285 Lm.
836 256 872 285 n.
900 256 1006 287 Toxi.
1030 256 1068 287 n.
1094 255 1223 286 nmen.
1247 255 1373 287 cxix.
1647 246 1725 285 725

177 347 247 378 [em
276 337 441 374 viderit?
473 332 552 375 Sed
580 334 684 374 nullo
709 334 822 373 modo
850 334 985 375 horum
1014 335 1223 375 verborum
1248 334 1482 374 sententiam
1512 347 1726 387 assequun-

179 412 265 453 [ιιι-ς
301 416 424 455 neque
450 403 584 443 vident
609 402 700 442 nihil
729 416 816 442 esse
841 403 940 456 qnod
965 417 984 442 a
1009 409 1118 457 patre
1142 410 1255 442 antea
1281 404 1420 442 l'actnm
1449 410 1486 442 et
1512 416 1532 442 a
1557 402 1634 442 lilio
1659 402 1725 442 de-

178 470 266 510 inde
294 469 522 510 fabricatum
552 469 681 510 suerit.
728 468 841 523 Quod
868 471 968 510 enim
997 470 1146 510 coelum
1171 471 1277 511 solus
1305 484 1373 524 per
1396 484 1485 510 sese
1509 477 1619 524 pater
1645 484 1727 510 mo-

179 538 266 578 litus
292 544 375 587 est,
417 545 458 578 ut
482 538 526 578 ad
551 538 692 593 prioris
718 538 829 578 huius
858 538 1060 592 exemplar
1091 538 1217 578 simile
1247 538 1410 578 alterum
1437 538 1536 577 lilius
1563 551 1727 592 expres-

177 606 298 646 serit?
360 604 469 645 Nihil
498 606 685 646 eiusmodi
722 606 768 645 ab
798 605 844 645 iis
880 606 1088 659 impietatis
1116 605 1340 645 architectis
1367 606 1626 646 demonstrari
1661 620 1727 660 po-

179 680 269 714 test.
331 677 377 712 In
396 677 585 726 principio
619 677 713 713 enim
738 676 839 727 scell
862 676 952 712 dens
973 676 1113 711 caelum
1150 682 1184 711 c!
1212 682 1364 712 terram.
1433 671 1513 713 lino
1541 674 1615 713 iani
1650 681 1727 714 tum

177 741 261 795 ipso
284 741 497 781 fabricandi
531 741 661 782 mundi
687 741 875 796 principio
906 740 1027 791 dixit,
1070 744 1269 780 Faciamus
1302 744 1481 780 hominem
1514 744 1565 780 ml
1594 745 1729 793 imagi-

176 825 256 849 nem
291 818 457 849 nostram
495 818 531 848 ec
566 812 859 848 sinze'lt'lmlt'nem.
925 808 1018 848 Non
1054 809 1174 857 dixit,
1218 810 1304 863 Age
1343 809 1479 849 faciam
1517 809 1645 864 prius,
1692 816 1730 849 et

177 878 499 931 quemadmodum
534 877 660 917 moliri
693 877 835 917 debeas
869 877 1087 916 ostendam.
1154 875 1330 927 Deinde,
1365 880 1471 916 Fecit
1493 880 1582 916 (leus
1611 880 1728 916 leomi-

176 961 271 985 nem.
335 944 428 986 Non
455 945 576 995 dixit,
613 943 741 994 Fecit,
777 952 814 985 et
840 945 1011 986 ostendit
1034 944 1110 984 lilio
1135 946 1456 998 quemadmodum
1481 945 1728 985 fabricandus

179 1014 294 1054 homo
319 1014 384 1053 sit.
449 1012 650 1066 Siquidem
682 1013 784 1053 nulla
809 1013 848 1052 in
877 1013 953 1052 filio
982 1014 1109 1053 inerat
1138 1013 1382 1067 ignorantia,
1417 1020 1458 1052 ut
1480 1020 1731 1068 posteaquam

177 1089 300 1122 artem
325 1081 602 1121 condidicisset
629 1094 681 1120 ex
715 1080 817 1120 illius
848 1080 1088 1135 praescripto
1119 1081 1336 1121 moliretur.
1402 1079 1550 1121 Verum
1588 1081 1650 1121 ubi
1683 1082 1730 1122 ad

178 1163 249 1190 nos
271 1149 451 1203 delapsus
479 1146 660 1189 Christus
686 1148 866 1188 dominns
901 1149 1067 1188 hnmana
1092 1162 1210 1188 carne
1234 1149 1400 1189 vestitus
1429 1156 1510 1198 est,
1546 1157 1584 1189 et
1616 1149 1730 1189 homo

180 1219 304 1258 lactus
329 1224 389 1257 est
414 1224 452 1256 et
480 1216 682 1257 nobiseum
710 1223 911 1267 versatuS,
957 1231 1041 1256 cum
1072 1215 1239 1257 ludaeos
1267 1217 1554 1271 alloqueretur,
1589 1217 1651 1271 qui
1685 1217 1731 1257 ab

176 1286 260 1339 ipso
284 1300 403 1340 opera
430 1286 551 1340 patris
577 1285 701 1325 everti
735 1284 806 1325 sibi
832 1292 1133 1338 persuaserant,
1170 1300 1244 1339 quo
1271 1298 1406 1325 eorum
1438 1285 1590 1325 animos
1623 1300 1644 1326 a
1668 1299 1733 1326 so-

175 1354 248 1394 lius
275 1354 465 1394 humanae
490 1361 653 1394 naturae
678 1353 1010 1408 contemplatione
1037 1361 1267 1403 revocaret,
1302 1355 1424 1400 Ne'lez‘l,
1461 1353 1599 1407 inquit,
1616 1355 1732 1405 filius

169 1424 295 1476 facit,
342 1426 420 1462 nisi
442 1424 641 1475 facientem
668 1430 815 1473 palrem
849 1425 1008 1469 vidend,-
1058 1429 1097 1461 ut
1129 1435 1225 1476 opus
1260 1421 1324 1461 [ilii
1359 1434 1447 1461 esse
1481 1421 1601 1475 patris
1634 1436 1731 1476 opus

179 1491 427 1540 ostenderet,
472 1491 676 1544 eidemque
702 1490 798 1544 patri
829 1505 938 1530 suam
967 1503 1121 1530 omnem
1155 1488 1534 1529 administrationem
1571 1504 1615 1529 ac
1648 1491 1733 1529 fun-

178 1559 346 1599 ctionem
381 1559 550 1613 placere.
616 1557 685 1599 Sic
717 1559 835 1612 igitur
866 1558 1050 1611 deinceps
1083 1558 1261 1598 infelices
1294 1557 1382 1608 isti,
1417 1556 1480 1611 qui
1512 1557 1608 1598 alias
1636 1558 1733 1598 scri-

178 1634 314 1682 pturae
347 1627 589 1677 sententias,
625 1634 807 1680 tanquam
839 1627 1030 1666 immanes
1064 1627 1194 1676 serae,
1230 1625 1441 1665 concidunt
1471 1639 1516 1665 ac
1540 1626 1730 1676 lacerant,

179 1695 348 1735 convicti
381 1695 502 1735 divini
532 1695 642 1735 verbi
675 1709 720 1735 ac
753 1694 930 1734 veritatis
953 1694 1223 1748 splendorem,
1261 1694 1368 1734 velut
1394 1693 1545 1748 l'ulgure
1569 1695 1733 1748 quodam

179 1764 445 1814 consternati,
483 1764 645 1817 fugient.
709 1766 897 1815 Fulgura,
934 1762 1081 1816 inquit,
1114 1765 1433 1809 coruscationem,
1470 1770 1506 1801 et
1535 1764 1735 1814 dissipabis

180 1847 265 1871 cos:
313 1835 438 1871 enn'tlc
467 1835 630 1884 sagittas
662 1840 767 1879 luas,
802 1840 838 1870 ec
867 1832 1110 1871 conturbabis
1140 1846 1215 1869 eos.

294 1899 449 1940 Etenim
473 1900 526 1941 illi
554 1900 770 1955 scripturae
797 1900 883 1940 loco
908 1914 1021 1954 quem
1055 1913 1108 1939 ex
1134 1899 1340 1952 evangelio
1367 1900 1570 1954 proferunt
1601 1900 1730 1940 statim

178 1969 270 2009 illud
307 1969 442 2009 ordine
481 1969 730 2019 subtexitur,
774 1972 888 2008 Pater
913 1972 1007 2007 cne'nz
1035 1970 1165 2019 dz'lzgz‘t
1182 1969 1335 2020 filiunt,
1381 1976 1419 2007 et
1442 1971 1564 2007 omnia
1586 1971 1735 2008 denton-

176 2045 279 2076 εἶναί
301 2041 338 2077 ee‘
357 2052 452 2090 qnae
475 2041 553 2090 lpse
574 2039 694 2089 facit,
740 2045 779 2076 et
803 2040 849 2076 z'e‘s
876 2040 1019 2075 maiora
1045 2051 1157 2088 opera
1184 2037 1474 2083 demonstrabit,
1510 2044 1552 2075 ut
1572 2051 1636 2075 vos
1666 2040 1734 2075 mi-

178 2109 337 2145 remt'm':
373 2105 481 2156 item,
498 2109 612 2145 Palen
631 2109 792 2144 snsce'lal
815 2113 980 2144 mortuos
1005 2113 1040 2144 et
1061 2106 1230 2157 vivificat
1245 2107 1433 2151 similiter,
1465 2112 1503 2143 et
1512 2106 1629 2156 filius
1641 2120 1733 2157 quos

117 2188 128 2200 ‘
178 2177 259 2213 vult
282 2176 470 2226 vivificat.-
514 2174 629 2224 item,
663 2177 777 2213 Pater
807 2176 986 2213 neminem
1010 2176 1173 2220 iudicat,
1211 2176 1278 2212 sed
1300 2188 1404 2212 omne
1425 2175 1602 2211 z'mlc'ce'mn
1633 2176 1735 2212 dedit

174 2244 280 2294 filio,
317 2250 358 2281 ut
381 2257 505 2281 omncs
527 2244 713 2281 honorent
720 2244 872 2294 filium,
907 2245 1007 2281 sieut
1029 2245 1219 2281 honorant
1234 2249 1396 2293 patrem.
1450 2240 1733 2281 Animadverte

179 2325 297 2361 nunc,
323 2310 412 2360 Ari,
447 2310 548 2350 hunc
573 2311 698 2365 ipsum
721 2311 922 2351 institutae
947 2317 1082 2350 contra
1106 2317 1141 2349 te
1169 2324 1191 2349 a
1218 2310 1329 2349 nobis
1353 2309 1624 2363 disputationis
1649 2308 1734 2349 exi-

181 2386 275 2418 tum.
330 2376 425 2418 Non
451 2378 551 2418 dixit
579 2393 600 2418 a
624 2379 851 2433 quibusdam
881 2379 1066 2419 honorari
1089 2378 1249 2427 debere,
1285 2377 1332 2417 ab
1356 2376 1442 2417 aliis
1467 2391 1542 2416 non
1570 2376 1730 2427 debere,

179 2450 246 2486 sed
267 2455 311 2485 nt
333 2461 478 2494 omne-S,
514 2447 662 2501 inquit,
697 2450 1037 2499 honorencfile'mn,
1071 2450 1171 2485 sicut
1191 2448 1379 2485 honorant
1396 2453 1556 2496 patrem.
1625 2444 1734 2486 Cave

180 2515 298 2569 igitur
325 2515 562 2555 dehonestes
590 2514 724 2565 filium,
761 2529 809 2555 ne
835 2515 1071 2555 dehonestes
1101 2522 1139 2555 et
1164 2522 1328 2568 patrem.
1392 2512 1494 2553 Nam
1518 2514 1550 2553 si
1575 2514 1663 2568 quid
1695 2513 1733 2554 in

181 2583 258 2623 tilio
285 2583 497 2637 suspiceris
524 2582 686 2623 inferius
713 2591 778 2623 aut
806 2584 999 2624 defectum
1035 2582 1225 2638 reperiri,
1270 2582 1307 2621 in
1337 2582 1454 2635 patris
1481 2582 1733 2635 ignominiam

183 2659 245 2692 tua
271 2651 334 2691 illa
360 2651 543 2705 cogitatio
567 2651 813 2691 redundabit.
877 2650 951 2691 Est
977 2651 1077 2691 enim
1105 2651 1276 2690 eiusdem
1317 2650 1353 2688 in
1381 2657 1417 2689 te
1442 2650 1674 2690 temeritatis
1696 2658 1736 2690 et

180 2719 365 2761 audaciae
393 2719 478 2759 sive
503 2719 692 2759 eiusmodi
723 2719 864 2773 aliquid
890 2720 1080 2759 adversus
1111 2719 1227 2758 lilium
1252 2718 1502 2772 conceperis,
1537 2718 1622 2758 sive
1656 2732 1732 2758 non

181 2788 352 2829 honores
387 2788 536 2842 ipsum,
572 2795 612 2826 ul
634 2790 796 2826 honoras
814 2795 976 2839 patrem.
1041 2786 1144 2826 Nam
1171 2793 1211 2826 ut
1244 2785 1316 2840 ipsi
1340 2786 1401 2825 det
1432 2786 1575 2840 aliquid
1607 2793 1731 2841 pater,

182 2856 265 2906 dic,
301 2856 438 2896 amabo
463 2863 521 2905 te,
557 2856 753 2896 hominum
781 2855 1134 2905 confidentissime,
1170 2854 1258 2908 quid
1288 2853 1406 2894 dicit?
1453 2857 1498 2892 ΓΙ
1519 2869 1624 2906 quenz
1658 2857 1738 2893 vult

170 2927 286 2977 filius
310 2927 485 2977 vc'vzficet.
550 2922 642 2963 Non
672 2923 795 2973 dixit,
833 2921 959 2976 Quem
985 2923 1161 2974 iubetur,
1206 2922 1301 2962 haec
1327 2922 1428 2963 enim
1454 2922 1586 2963 omnia
1614 2936 1634 2962 a
1668 2937 1733 2976 pa-

227 3026 257 3058 2.
283 3026 378 3069 δείξη
402 3028 490 3059 codd.
517 3036 588 3058 mss.
616 3031 643 3058 et
666 3027 713 3058 ed.
732 3028 832 3066 princ.
1028 3023 1059 3057 4.
1084 3022 1192 3059 πάντα
1210 3035 1270 3057 om.
1285 3027 1316 3058 in
1340 3027 1386 3058 ed.
1400 3027 1507 3058 Petav.
1523 3026 1627 3057 Coton.
1640 3028 1733 3065 repet.

228 3071 259 3105 3.
288 3069 513 3117 ὖποβεβηκῶς
534 3073 615 3104 codd
643 3082 716 3105 mss.
730 3075 757 3104 et
773 3073 819 3104 ed.
833 3073 934 3113 princ.

1749 694 1827 720 Gen.
1849 693 1872 727 l,
1895 692 1917 718 1.

1755 1761 1868 1790 Psalm.

1768 1796 1827 1832 143,
1847 1797 1871 1823 5.

1794 1901 1874 1944 Cap.

1764 1947 1937 1979 LXXVll.

1753 1991 1886 2025 Ioanu.5,
1897 1991 1940 2018 2⁰.
