2066 3319
223 272 312 316 Κεφ.
333 271 370 312 ζ’.

228 358 293 385 png.
312 350 372 378 531.

202 1917 289 1961 ΚεφΕ
313 1915 356 1960 η’.

391 187 471 227 240
951 194 1111 228 εΑΝοΤι
1136 196 1360 228 EPIPHANH

510 275 640 313 Ταῦτα
673 270 714 311 δὲ
746 268 838 323 ἡμῖν
868 272 909 312 ἐν
943 274 1135 329 προοιμίῳ
1168 273 1336 315 λέλεκται
1365 275 1418 322 εἰς
1448 274 1626 329 μέγιστον
1658 272 1810 329 άγῶνα,
1849 275 1916 316 καὶ

392 336 711 393 ὁμολογουμένως
741 336 839 393 ὑπὲρ
874 335 977 391 ἡμᾶς
1010 340 1076 380 καὶ
1110 338 1178 393 τήν
1213 342 1290 390 ἕξιν
1315 339 1443 395 ἡμῶν,
1483 340 1804 397 ἀναγκαζομένοις
1833 339 1911 383 ὖπὸ

387 410 455 459 τῆς
474 411 617 459 πολλῆς
640 420 711 447 σου
741 409 1004 459 φιλομαθείας
1023 408 1090 448 καὶ
1114 410 1431 462 δυςωπουμένοις
1453 407 1532 451 ’ὑπὸ
1563 414 1631 463 τῆς
1660 409 1915 464 χρηστότητος

387 476 455 515 καὶ
476 478 545 527 τῆς
565 473 816 528 μετριότητός
846 488 939 524 σου,
972 475 1047 529 ἵερὲ
1073 473 1297 530 Ἀμβρόσιε,
1328 483 1536 518 κατελθεῖν.
1597 478 1674 517 Καὶ
1698 476 1756 518 ὅτι
1780 494 1821 532 γε
1851 478 1915 518 ε’πὶ

386 540 486 583 πολύ
515 539 784 594 άναδυόμενόν
809 558 853 594 με
877 540 942 583 διά
967 541 1009 583 τό
1032 544 1172 584 εἰδέναι
1195 543 1262 585 τόν
1292 547 1494 596 κίνδυνον,
1532 542 1580 586 οὗ
1607 543 1728 597 μόνον
1758 549 1827 586 τοῦ
1856 545 1913 585 λε’-

387 626 466 664 γειν
489 610 677 663 περὶτῶν
706 607 846 664 ἁγίων,
886 608 978 651 άλλοὶ
1007 615 1131 668 πολλῷ
1163 617 1294 653 πλεῖον
1323 617 1393 654 τοῦ
1425 612 1588 668 γράφειν
1617 613 1685 652 καὶ
1713 617 1795 660 τοῖς
1825 609 1914 665 μεθ’

387 674 491 730 ἡμᾶς
511 682 752 728 καταλιπεῖν,
784 680 1045 727 παντοδαπῶς
1066 678 1297 736 κατεπᾴδων
1319 685 1482 732 φιλικῶς
1503 681 1568 721 καὶ
1589 678 1688 721 κατά
1708 678 1915 734 προκοπὴν

385 743 576 798 θεότητος
601 747 654 795 εἰς
681 750 797 787 τοῦτο
826 744 967 801 ἤγαγές
998 762 1062 799 με,
1102 746 1249 801 μάρτυς
1280 749 1344 789 ἔσο
1369 766 1432 801 μοι
1458 747 1556 803 πρὸς
1579 746 1675 789 θεὸν
1703 745 1790 801 μεθ’
1821 747 1914 790 ὅλου

386 817 457 854 τοῦ
485 815 574 866 βίου
606 814 672 855 καὶ
699 814 789 868 περὶ
814 818 890 855 τῶν
923 812 1249 869 ὖπηγορευμένων
1283 817 1584 873 Ῑὲξεταζομένῳ,
1627 818 1721 872 ποίᾳ
1749 832 1789 856 τε
1819 832 1912 870 προ-

385 881 493 923 θέσει
513 886 625 923 τοῦτο
647 882 856 937 γεγένηται.
917 884 993 923 Καὶ
1021 881 1077 936 πή
1106 883 1174 936 μὲν
1203 883 1501 938 ἐντυγχάνομεν,
1533 882 1587 937 πή
1610 884 1650 925 δὲ
1676 882 1761 937 ἤτοι
1785 882 1914 936 βιαζό-

386 955 490 1003 μεθα
512 948 749 1005 βιαιότερον,
781 949 808 1004 ἢ
830 951 1022 1003 δοκοῦμέν
1042 969 1076 992 τι
1100 952 1232 1006 λέγειν.
1290 950 1581 1006 Ἐξιχνεύσαμεν
1611 951 1652 993 δὲ
1680 950 1723 993 τό
1752 967 1914 1007 γεγραμ-

386 1018 504 1071 μένον
528 1016 576 1059 οὖ
598 1023 934 1074 καταφρονοῦντες
955 1024 1039 1070 τοῦ,
1057 1018 1150 1060 ΓὈτε
1170 1020 1291 1074 λέγεις
1310 1021 1396 1074 περὶ
1415 1024 1527 1071 θεοῦ,
1559 1022 1671 1078 κρίνῃ
1690 1017 1769 1061 ὖπό
1794 1023 1909 1070 θεοῦ,

387 1090 515 1134 καλῶς
534 1087 754 1141 εἰρημένου,
783 1088 850 1128 καὶ
873 1091 988 1138 2τοῦ,
1014 1088 1114 1141 Περὶ
1138 1091 1237 1128 θεοῦ
1261 1089 1327 1129 καὶ
1349 1086 1500 1141 τάληθῆ
1521 1088 1642 1142 λέγειν
1665 1089 1843 1136 κίνδυνος
1863 1085 1912 1130 οὗ

387 1152 535 1209 μικρός.
592 1152 792 1208 Ἀξιοῦμεν
814 1157 969 1205 τοίνυν,
1001 1156 1084 1196 ε’πεὶ
1109 1155 1228 1208 μηδὲν
1255 1157 1372 1210 χωρὶς
1401 1161 1500 1197 θεοῦ
1530 1154 1648 1197 καλόν
1671 1153 1771 1197 εἶναι
1794 1153 1912 1197 δύνα-

384 1239 466 1272 ται,
497 1223 563 1263 καὶ
593 1221 754 1275 μάλιστα
776 1222 911 1276 νόησις
940 1227 1105 1277 γραφῶν
1134 1222 1430 1274 θεοπνεύστων,
1471 1222 1579 1272 ὅπως
1603 1226 1656 1281 τῷ
1685 1224 1803 1279 πατρὶ
1832 1227 1913 1265 τῶν

386 1289 486 1331 ὅλων
505 1295 588 1346 θεῷ
612 1289 677 1332 διά
702 1295 772 1332 τοῦ
799 1295 974 1346 σωτῆρος
993 1289 1104 1343 ἡμῶν
1125 1292 1192 1332 καὶ
1219 1289 1423 1346 α’ρχιερέως
1453 1296 1643 1346 3γενητοῦ
1668 1295 1768 1333 θεοῦ
1794 1308 1912 1347 προς·

387 1359 483 1399 ιε’ναι
516 1356 719 1411 4αἰτήσεις
751 1361 920 1412 δοθῆναι
951 1357 1045 1411 ἡμῖν
1072 1363 1229 1413 πρῶτον
1259 1363 1385 1407 καλῶς
1415 1363 1547 1411 ζητεῖν.
1603 1357 1812 1401 Ἐπίκειται
1837 1358 1910 1415 γάρ

382 1431 465 1473 τοῖς
495 1430 673 1479 ζητοῦσιν
702 1427 905 1482 ἐπαγγελία
933 1431 1003 1469 τοῦ
1030 1424 1238 1482 εὑρίσκειν·
1279 1425 1374 1480 τάχα
1397 1424 1488 1468 οὐδὲ
1516 1424 1586 1479 τὴν
1613 1424 1734 1482 ἀρχὴν
1766 1429 1820 1476 εἰς
1849 1431 1910 1481 ζη-

384 1497 547 1543 τοῦντας
574 1495 825 1550 λογιζομένων
853 1493 959 1549 παρά
990 1499 1072 1552 θεῷ
1101 1499 1178 1536 τῶν
1208 1493 1277 1548 οὐχ
1308 1493 1388 1551 ὁδῷ
1418 1495 1482 1536 ἐπὶ
1509 1498 1624 1536 τοῦτο
1651 1493 1881 1550 προιόντων.

762 1562 866 1597 ΕΩΣ
891 1563 987 1597 ΩΔΕ
1011 1564 1069 1598 TA
1097 1563 1222 1598 *AHO
1247 1563 1540 1598 ΩΡΙΓΕΝΟΥΣ.

489 1903 609 1960 Ἀρχή
641 1922 705 1958 μοι
734 1905 854 1959 λέγειν
886 1902 986 1960 πρὸς
1017 1903 1086 1947 τὸν
1113 1903 1306 1958 κομπώδη
1336 1904 1403 1945 καὶ
1440 1902 1623 1958 1δοκήσει
1654 1902 1800 1957 σοφὸν,
1839 1905 1907 1947 καὶ

381 1971 590 2026 ε’ρευνητήν
611 1977 686 2014 τῶν
709 1970 989 2026 άνερευνήτων,
1021 1974 1088 2014 καὶ
1110 1971 1344 2027 ἔκβιβαστην
1365 1977 1441 2014 τῶν
1463 1973 1721 2028 ἐπουρανίων,
1751 1973 1906 2015 τουτονὶ

380 2038 448 2082 τόν
473 2043 664 2096 φλυαρίας
686 2039 932 2094 ἐμπλήσαντα
954 2039 1023 2082 τόν
1045 2043 1154 2094 βίον,
1186 2039 1239 2090 ὥς
1261 2041 1327 2083 καὶ
1351 2038 1374 2082 ὁ
1394 2043 1577 2096 κρείττων
1598 2039 1711 2094 ἡμῶν
1732 2038 1814 2082 κατ’
1836 2038 1905 2082 αὕ-

383 2113 456 2150 τοῦ
490 2111 638 2162 εἴρηκε,
675 2112 831 2163 πρῶτον
867 2109 955 2164 περὶ
981 2114 1145 2164 γενητοῦ
1174 2114 1285 2151 θεοῦ.
1346 2110 1425 2150 Καὶ
1458 2108 1518 2150 ὅτι
1547 2109 1616 2162 μὲν
1646 2106 1839 2162 ὁμολεξίαι
1867 2125 1907 2151 τε

379 2177 446 2218 καὶ
470 2174 688 2230 ὁμωνυμίαι
711 2178 848 2218 πολλαὶ
871 2178 912 2218 ἐν
936 2181 989 2233 τῷ
1010 2180 1082 2234 βίῳ
1105 2179 1198 2229 εἶσὶ,
1229 2177 1355 2231 πάντη
1384 2181 1498 2219 τοῦτο
1527 2175 1647 2231 δῆλόν
1675 2177 1766 2218 ἔστι.
1826 2178 1906 2218 Καὶ

380 2246 415 2285 εἰ
443 2244 513 2297 μὲν
536 2242 614 2286 ὑπὸ
639 2242 755 2286 ἄλλου
777 2242 804 2297 ἦ
823 2245 920 2294 λέξις
944 2246 1108 2300 ἐλέγετο,
1139 2241 1188 2299 ἧν
1206 2248 1327 2288 εἰπεῖν
1351 2245 1411 2287 ὅτι
1440 2243 1539 2287 κατά
1565 2242 1693 2299 ὀρθήν
1725 2243 1906 2287 διάνοιαν

378 2313 444 2354 καὶ
478 2317 592 2355 τοῦτο
626 2314 783 2367 εἴρηται.
841 2310 980 2354 Ὁπότε
1008 2313 1048 2355 δὲ
1079 2315 1121 2355 ἐν
1150 2319 1306 2363 πολλοῖς
1334 2312 1471 2362 τόποις
1497 2312 1657 2367 εὕρομεν
1687 2310 1808 2355 αὐτόν
1837 2311 1906 2355 τόν

381 2386 571 2436 μονογενῆ
591 2379 689 2423 θεὸν
711 2378 1037 2435 άπαλλοτριοῦντα
1059 2386 1127 2435 τῆς
1148 2387 1217 2424 τοῦ
1235 2380 1382 2437 πατρός
1402 2379 1591 2434 θεότητός
1612 2397 1650 2422 τε
1670 2382 1738 2422 καὶ
1756 2379 1903 2431 οὐσίας,

379 2446 481 2501 ὁμοῦ
502 2465 541 2490 τε
562 2450 629 2490 καὶ
651 2447 694 2491 to*
723 2453 875 2501 πνεῦμα
901 2447 944 2490 τὸ
973 2447 1104 2503 ἅγιον,
1136 2449 1277 2492 τούτου
1298 2449 1409 2505 χάριν
1435 2453 1520 2505 2τῷ
1543 2446 1702 2504 γενητόν
1730 2447 1829 2490 θεὸν
1853 2450 1903 2490 εἰ-

379 2517 537 2571 ρηκέναι
569 2515 688 2559 αὐτόν
711 2517 834 2569 σαφές
859 2517 960 2559 ἐστιν
983 2515 1043 2558 ὅτι
1066 2516 1219 2560 κτιστὸν
1248 2516 1420 2573 ὁρίζεται.
1477 2514 1546 2565 Ὡς
1572 2515 1644 2572 γάρ
1673 2533 1772 2566 τινες
1800 2514 1904 2570 ἡμᾶς

424 2642 500 2674 CAP.
525 2644 597 2674 VH.
631 2661 675 2667 -
733 2643 761 2676 1.
792 2645 945 2684 Rescripsi
969 2641 1119 2683 ἐξεταζο-

380 2686 687 2774 ἕξᾲιὲνίὺνΡειαυίυπι
708 2692 838 2721 secutus.
889 2691 984 2729 Vulgo
1008 2687 1119 2728 ἐξετα-

419 2799 462 2876 ίῖ.ι
489 2801 606 2841 Scripsi
635 2801 692 2834 τοῦ
725 2811 784 2842 pro
815 2800 876 2844 τὸ,
913 2803 994 2842 quod
1027 2803 1118 2842 vulgo

379 2853 472 2876 exa.

424 2910 456 2944 3.
492 2913 659 2954 „genitum
693 2913 814 2946 deum“
848 2917 994 2947 convertit
1023 2916 1118 2947 Peta-

377 2959 466 2997 vius,
489 2960 541 2989 sed
562 2968 723 2998 perperam
736 2983 744 2999 ‚
767 2963 800 2991 ut
819 2964 897 2992 recle
917 2962 1033 2992 monuit
1056 2962 1118 2991 Ga·

378 3003 473 3034 inker.
506 3004 646 3036 Adverss.
677 3006 803 3036 Miscell.
834 3006 938 3037 Posth.
971 3015 1040 3045 cap.
1064 3003 1118 3037 36.

1162 2654 1238 2685 pay.
1257 2643 1333 2676 801.
1379 2645 1443 2676 Hoc
1464 2646 1556 2683 enim,
1578 2645 1688 2684 inquit,
1711 2644 1903 2683 Epiphanius

1167 2691 1289 2729 Oriyem'
1304 2691 1403 2728 obicit,
1428 2690 1509 2728 quod
1529 2686 1665 2731 γενητέν
1687 2689 1808 2728 dixerit,
1831 2698 1901 2720 cum

1163 2731 1316 2776 γεννητὸν
1340 2735 1506 2772 debuisset,
1540 2735 1668 2774 perinde
1690 2743 1728 2765 ac
1750 2735 1777 2765 si
1805 2743 1900 2776 γενη-

1163 2777 1238 2820 τὸν,
1263 2781 1302 2810 ·h.
1324 2789 1348 2810 e.
1378 2778 1520 2816 factum,
1555 2782 1582 2810 et
1611 2775 1786 2820 γεννητὸν,
1819 2780 1846 2810 h.
1872 2789 1899 2810 e.

1163 2824 1327 2866 genitum,
1362 2825 1444 2856 idem
1472 2833 1599 2863 prorsus
1628 2824 1783 2863 valerent,
1817 2824 1900 2863 quod

1162 2871 1355 2908 Epiphanius
1390 2870 1586 2900 disertissime
1621 2871 1776 2908 perneyat.
1839 2870 1898 2900 Mi-

1161 2923 1213 2945 ror
1232 2924 1325 2954 sane,
1359 2923 1427 2946 cum
1449 2914 1594 2945 Petavius
1614 2914 1646 2944 in
1666 2914 1831 2945 Animadv.
1855 2915 1899 2945 ad

1163 2960 1236 2990 haec
1255 2960 1422 2999 Epiphanii
1440 2959 1534 2990 verba
1557 2958 1719 2989 discrimen
1739 2960 1817 2990 illud
1843 2968 1898 2990 υο-

1163 3005 1340 3036 cabulorum
1370 3000 1508 3047 γενητὸς
1532 3006 1559 3035 et
1589 3000 1745 3045 γεννητὸς
1773 3005 1897 3036 minime
