2056 3298
495 187 671 218 PANaun
699 187 783 218 Lis.
804 188 842 218 n.
866 187 972 218 Tomi.
995 189 1017 218 1.
1046 188 1172 219 nai-23.
1196 188 1352 220 XLvin.
1643 178 1695 218 35

155 266 282 319 gentis
322 280 409 306 esse
444 273 573 320 potest
609 273 744 305 contra
780 279 822 305 se
857 266 997 305 docere
1029 267 1168 320 aliquid
1202 281 1246 307 ac
1278 267 1348 307 sibi
1386 267 1456 321 ipsi
1492 266 1694 319 refragari.

154 333 257 374 Nam
282 334 313 374 si
338 334 494 374 omnino
520 333 571 373 ita
596 333 788 387 loquitur:
832 336 890 372 Ne
914 349 969 372 tm·
993 338 1179 382 amlz'lole,
1218 336 1432 388 qualisnam
1471 335 1530 374 liic
1564 335 1625 388 qui
1659 334 1696 374 in

155 416 199 442 ea
230 402 461 456 loquebatur
486 401 646 456 spiritns
674 402 769 441 snit?
829 401 942 455 Quod
973 403 1003 441 si
1032 417 1099 456 per
1129 417 1217 442 sese
1252 403 1331 457 ipsa
1364 410 1551 456 qnatenus
1585 403 1697 442 homo

155 477 240 510 erat
278 470 331 510 ita
369 470 659 524 pronuntiavit,
706 485 780 510 non
818 470 936 523 igitur
971 471 1127 523 spiritus
1165 484 1248 509 eam
1289 478 1446 510 sanctus
1484 472 1695 511 alllaverat.

156 537 268 592 Quae
290 539 390 578 enim
416 539 538 578 audiri
561 552 603 578 se
627 539 819 592 prohibet,
855 539 1061 578 humanum
1085 538 1262 591 quiddam
1288 540 1419 592 procul
1442 540 1555 578 dubio
1579 539 1699 592 signi-

155 607 257 658 ficat,
293 621 363 647 nec
386 607 552 661 impulsu
577 607 701 647 sancti
726 606 884 661 spiritus
910 606 1052 659 agitur.
1102 605 1229 646 Porro
1253 621 1349 660 quae
1376 607 1538 647 coelitus
1562 608 1698 647 hausto

154 676 219 716 illo
245 676 385 730 spiritu
408 675 564 715 minime
598 675 833 725 ducebatur,
868 675 935 714 sed
969 674 1134 714 humana
1164 675 1354 714 duntaxat
1383 675 1597 729 sapientia,
1633 690 1701 715 no-

155 751 266 785 verat
294 743 402 783 nihil.
465 742 556 784 Non
583 751 667 784 erat
692 743 809 797 igitur
829 743 866 782 in
893 757 936 782 ea
960 742 1117 796 spiritus
1143 750 1316 793 sanctus,
1353 744 1418 782 sed
1447 743 1627 794 hnmana,
1662 751 1702 783 ut

156 812 259 862 dixi,
295 812 485 867 sapientia
510 812 693 852 universa
721 811 1008 865 pronuntiabat.
1072 811 1227 864 Alioqui
1250 811 1280 850 si
1310 811 1432 851 sancti
1458 811 1616 865 spiritns
1645 812 1699 852 lo-

156 888 343 935 queretur
367 895 411 921 ac
437 881 716 920 vaticinaretur
744 880 950 929 instinctu,
986 879 1070 933 quis
1097 879 1160 919 ille
1186 880 1336 919 demum
1371 879 1529 934 spiritus
1553 881 1697 931 extitit,

155 950 216 1004 qni
245 949 367 989 audiri
403 963 446 989 se
471 949 616 988 nollet?
674 947 819 1002 Magna
853 950 1029 1002 prol'ecto
1056 947 1247 987 mendacii
1273 955 1332 987 est
1359 948 1582 1002 errorisque
1614 963 1701 989 cae-

155 1019 275 1058 citas:
311 1031 473 1071 magnus
499 1031 617 1071 porro
645 1017 705 1057 dei
737 1031 890 1066 serum,
927 1017 988 1071 qui
1013 1031 1083 1056 nos
1109 1016 1210 1056 omni
1236 1016 1388 1056 ratione
1414 1018 1459 1056 ad
1486 1031 1531 1056 ea
1555 1017 1701 1057 discer-

155 1087 281 1127 nenda
303 1085 493 1135 instituit,
529 1100 626 1139 quae
651 1084 776 1125 sancti
802 1085 960 1139 spiritus
984 1085 1148 1139 impnlsn
1176 1085 1323 1139 prolata
1348 1092 1461 1135 sunt,
1496 1100 1591 1139 qnae
1614 1100 1701 1140 par-

156 1156 220 1195 tim
253 1169 304 1194 ex
341 1168 507 1209 persona
541 1154 682 1208 patris,
718 1153 855 1208 partim
881 1168 933 1194 ex
969 1167 1134 1208 persona
1169 1154 1255 1203 lilii,
1291 1154 1427 1207 partim
1461 1168 1511 1193 ex
1543 1154 1701 1208 spiritus

156 1223 279 1265 sancti
309 1237 476 1277 persona
502 1224 695 1263 dicuntur.
759 1222 879 1276 Atqui
903 1222 935 1261 si
961 1223 1023 1262 ille
1049 1223 1109 1276 qui
1137 1222 1173 1261 in
1196 1220 1417 1262 Maximilla
1442 1222 1510 1262 l'uit
1544 1222 1701 1277 spiritus

155 1299 316 1333 sanctus
352 1291 571 1342 extitisset,
615 1306 808 1345 nunquam
843 1291 925 1331 suis
958 1291 1039 1345 ipse
1074 1290 1206 1330 verbis
1244 1290 1552 1331 contradiceret:
1601 1294 1905 1331 mes1.c01-.12,11.

154 1365 249 1401 em'm
274 1369 331 1400 est
350 1364 508 1412 spiritus
533 1368 709 1407 sanctus,
745 1363 813 1412 (μα’
831 1362 963 1398 (lt've'tle'l
983 1362 1146 1411 singulis
1163 1368 1282 1411 prout
1304 1362 1393 1398 vult.
1460 1357 1535 1412 Qui
1560 1367 1595 1400 et
1621 1360 1701 1414 pie-

156 1432 246 1470 tatis
271 1437 308 1470 et
333 1427 481 1470 Christi
507 1429 665 1483 spiritus
692 1435 878 1477 vocatur,
916 1435 953 1467 et
975 1443 994 1467 a
1021 1436 1128 1482 patre
1157 1429 1396 1482 procedens,
1432 1435 1468 1468 et
1493 1443 1512 1468 a
1536 1428 1614 1469 filio
1638 1443 1701 1468 ac-

155 1498 327 1553 cipiens,
362 1505 401 1537 et
428 1512 449 1538 a
475 1505 582 1551 patre
616 1512 659 1536 ac
692 1497 769 1536 [ilio
802 1496 956 1536 minime
990 1497 1139 1536 alienus
1169 1496 1398 1550 appellatur.
1460 1496 1554 1537 Non
1586 1498 1704 1552 igitur

157 1567 344 1616 dixisset,
379 1568 437 1605 Ne
459 1581 514 1604 me
537 1568 715 1604 aude'lole.
782 1562 892 1617 Quae
920 1564 1020 1603 enim
1047 1563 1191 1604 Christi
1224 1572 1314 1604 sunt,
1339 1565 1496 1618 spiritus
1522 1566 1701 1620 loquere-

159 1643 234 1675 tur.
301 1633 480 1675 Christus
504 1634 641 1687 qnippe
665 1633 840 1687 spiritum
863 1633 999 1682 mittit,
1034 1640 1070 1671 et
1092 1633 1128 1671 in
1154 1633 1289 1687 spiritu
1322 1640 1457 1674 sancto
1490 1634 1701 1674 daemones

156 1704 282 1753 eiicit3
327 1703 504 1743 dominus
540 1716 634 1741 vero
671 1715 768 1755 qnae
803 1701 922 1755 patris
949 1708 1040 1740 sunt
1071 1701 1287 1754 eloquitur,
1329 1709 1390 1752 et,
1426 1704 1562 1741 Filium
1589 1711 1701 1755 pater
1726 1701 1828 1770 233¹&-

156 1774 429 1824 sanetfflcare'l,
464 1785 508 1808 ae
540 1773 640 1808 ηιιῖςίί
662 1773 699 1808 iu
725 1772 922 1817 mundum,
958 1777 999 1807 ul
1022 1778 1251 1820 cognoscam
1277 1774 1393 1821 ipsum
1421 1779 1459 1809 et
1481 1773 1702 1823 glorgflcenl

157 1843 458 1893 quennulmodmn
482 1840 708 1890 glorfficcmt
732 1846 892 1890 patrem.
957 1837 1024 1879 Sic
1059 1837 1221 1877 istorum
1255 1837 1474 1888 bominum,
1509 1839 1572 1894 qui
1605 1854 1648 1880 se
1679 1853 1703 1880 a

158 1908 304 1950 Christi
329 1916 436 1948 secta
467 1922 510 1947 ac
535 1907 735 1961 disciplina
759 1913 991 1961 segregant,
1028 1906 1198 1946 funditus
1224 1907 1483 1947 labefactatur
1510 1908 1656 1963 opinio.

270 1977 426 2018 Atenim
453 1974 674 2016 Maximilla
711 1975 857 2030 pergit,
892 1989 1038 2015 summa
1073 1975 1135 2015 illa
1168 1974 1448 2029 intelligentiae.
1482 1976 1702 2017 doctrinae-
1719 1989 1905 2032 cflp‚x11[‚

155 2060 227 2101 que
251 2047 334 2096 vis,
371 2053 410 2085 ut
432 2045 468 2085 id
498 2044 571 2084 ioci
601 2044 727 2085 obiter
752 2058 980 2098 aspergam:
1021 2047 1202 2083 Dominus
1225 2058 1280 2082 me
1309 2047 1427 2092 misit,
1464 2044 1610 2099 inquit,
1646 2048 1701 2085 la-

155 2117 256 2154 boris
280 2117 411 2161 liuius,
446 2129 491 2152 ae
510 2115 781 2166 professionis,
816 2121 853 2151 et
869 2114 1042 2165 foederis
1068 2114 1169 2151 velat
1188 2120 1310 2151 sectae
1330 2116 1554 2161 (ιιιίίείίίωη,
1589 2129 1700 2154 enar-

153 2192 317 2223 ratorem
342 2191 379 2222 et
407 2186 644 2233 inlerpl‘elem
660 2212 669 2229 ‚
702 2189 737 2220 e!
760 2184 903 2233 quidem
929 2184 980 2220 acl
1006 2184 1281 2233 percipietulam
1309 2184 1372 2220 dez·
1399 2185 1590 2229 malliam,
1626 2185 1699 2221 vel-

154 2254 245 2299 lem,
279 2253 436 2298 nollem,
472 2252 784 2302 maz‘orz'qztadam
810 2253 1029 2289 necesse‘lale
1050 2252 1291 2301 compulsum.
1356 2248 1431 2289 Hic
1461 2264 1531 2290 nos
1562 2249 1696 2304 igitur,

155 2319 372 2369 carissimi,
406 2319 509 2360 vitae
536 2325 693 2358 nostrae
719 2318 881 2358 solidum
910 2325 949 2358 et
970 2318 1108 2358 stabile
1133 2318 1414 2358 firmamentum
1441 2332 1484 2357 ac
1514 2320 1614 2358 viam
1641 2319 1698 2358 lu-

155 2389 210 2429 eis
242 2388 556 2437 consideremus,
592 2400 716 2440 neque
748 2386 983 2427 contrarium
1017 2387 1258 2437 insistentis,
1293 2387 1364 2426 hoc
1400 2393 1459 2426 est
1490 2387 1696 2441 peregrino

154 2457 290 2512 spiritu
328 2456 496 2510 agitatae
535 2454 692 2509 pecudis
731 2455 917 2495 eiusmodi
954 2455 1114 2494 vocibus
1152 2454 1189 2494 in
1229 2468 1403 2494 errorem
1443 2454 1693 2495 abducamur.

154 2524 256 2579 Quid
282 2525 382 2565 enim
409 2525 473 2564 ille
498 2523 600 2563 dicat
623 2523 912 2564 animadverte:
947 2522 1038 2563 Non
1066 2537 1135 2563 sua
1159 2530 1296 2578 sponte
1322 2536 1388 2572 se,
1423 2524 1489 2563 sed
1518 2531 1694 2564 coactum

153 2594 188 2634 id
215 2593 437 2648 suscepisse
462 2593 646 2633 declarat.
710 2591 829 2646 Atqui
854 2592 1030 2632 dominus
1062 2598 1195 2631 noster
1225 2592 1259 2630 in
1297 2591 1395 2630 hunc
1429 2591 1562 2631 orbem
1596 2592 1694 2632 haud

153 2662 296 2703 invitus
324 2660 547 2711 descendit,
583 2674 654 2700 nec
678 2674 698 2700 a
724 2667 833 2714 patre
865 2661 941 2701 ulla
974 2660 1140 2700 adbibita
1176 2659 1410 2699 necessitate
1443 2660 1584 2700 missus
1617 2667 1690 2700 est.

153 2729 231 2772 Sed
259 2745 343 2770 cum
373 2743 614 2770 communem
641 2743 726 2769 cum
753 2735 858 2782 patre
882 2729 1091 2769 voluntatis
1116 2742 1224 2768 usum
1254 2734 1292 2766 et
1318 2742 1402 2767 cum
1437 2728 1573 2783 spiritu
1605 2742 1694 2769 san-

154 2806 215 2839 eto
243 2798 430 2852 largiendi
458 2811 595 2838 munus
619 2797 780 2848 habeat,
814 2811 888 2837 una
913 2805 951 2837 et
983 2804 1024 2837 ut
1048 2796 1141 2836 velit
1173 2795 1206 2835 ei
1231 2809 1315 2835 cnm
1350 2803 1459 2850 patre
1491 2797 1690 2848 convenit,

154 2875 193 2908 et
217 2874 258 2908 ut
284 2867 382 2908 citra
407 2865 683 2908 necessitatem
707 2865 820 2906 ullam
836 2897 846 2916 ‚
882 2879 948 2920 pro
973 2879 1043 2905 sua
1067 2864 1256 2903 duntaxat
1280 2863 1494 2905 incredibili
1516 2865 1693 2919 benigni-

199 3013 230 3046 3.
252 3014 351 3057 δῆλον
370 3010 421 3048 ὅτι
435 3012 471 3048 τὸ
493 3015 610 3046 volebat
632 3014 806 3045 Gatakerus
830 3014 909 3051 Opp.
936 3013 1007 3042 Cris.
1029 3021 1061 3050 p.
1081 3008 1154 3043 796.
1304 3060 1306 3063 y

1351 3072 1373 3110 3
1393 3068 1414 3091 ια
