2056 3298
334 213 364 241 X
979 195 1237 228 PRAEFATio.

333 289 376 330 in
417 289 563 330 eadem
605 288 771 328 haeresi
809 287 1009 338 leguntur
1043 285 1189 327 eadem
1227 285 1434 327 medicina
1470 297 1756 327 succurrerem
1794 296 1878 337 qua

334 365 431 404 ante
461 362 537 402 hos
569 359 770 401 tredecim
791 371 923 400 annos
950 371 1028 412 ope
1048 358 1202 400 codicis
1225 371 1301 399 nis.
1322 358 1502 400 Parisini
1523 358 1759 400 accuratius
1781 369 1877 400 exa-

333 434 480 476 minati
520 432 815 485 gravissimum
856 432 1044 474 eiusdem
1086 432 1251 484 generis
1289 431 1440 473 vulnus
1481 432 1665 473 secundo
1703 430 1878 472 Arnobii

335 508 540 549 adversus
563 506 768 548 Nationes
798 506 904 547 libro
934 504 1136 547 inflictum
1157 516 1308 545 sanare
1332 505 1432 545 mihi
1454 505 1580 546 licuit.
1639 504 1778 546 Unum
1804 504 1876 545 do-

334 580 491 631 lebam,
532 592 598 621 me
636 579 826 632 quamvis
859 579 929 620 diu
966 579 1048 619 iam
1089 582 1403 630 exspectantem
1434 578 1503 629 qui
1541 578 1695 619 codicis
1726 575 1877 619 Veneti

336 653 568 705 scripturas
601 653 892 705 discrepantes
932 651 1192 693 exscribendi
1232 664 1281 693 ea
1319 663 1403 704 qua
1441 663 1519 703 par
1555 654 1671 691 esset
1700 661 1800 691 cura
1828 661 1877 691 ac

335 725 524 767 sollertia
551 726 740 768 laborem
772 726 1005 778 susciperet
1027 725 1161 766 serius
1186 725 1398 765 invenisse
1418 736 1542 776 quam
1562 727 1610 764 ut
1629 727 1762 764 totam
1785 734 1877 764 eam

334 799 503 841 Panarii
533 802 696 852 partem
729 811 852 851 quani
884 798 1071 839 continet
1102 798 1155 838 ad
1186 797 1544 850 praestantissimi
1574 796 1669 837 libri
1698 795 1877 837 auctori-

333 876 465 915 tatem
494 884 693 914 revocare
721 884 903 925 possem.
971 871 1092 921 Quod
1123 871 1449 921 incommodum,
1488 869 1684 921 quoniam
1714 868 1878 921 gravio-

333 947 448 988 ribus
492 946 604 987 vitiis
643 945 802 987 mederi
843 945 977 994 licuit,
1027 944 1125 984 licet
1165 943 1323 983 leviora
1359 943 1472 983 haud
1513 954 1650 995 pauca
1692 941 1777 983 sint
1813 955 1878 984 re-

333 1019 465 1072 liqua,
508 1024 649 1061 tamen
688 1018 973 1060 inexcusabile
1013 1030 1095 1058 non
1134 1016 1299 1057 videtur
1338 1028 1454 1067 esse,
1493 1016 1744 1068 praesertim
1785 1027 1878 1057 cum

332 1093 545 1146 plerisque
583 1093 625 1134 in
666 1093 768 1133 locis
798 1091 948 1133 Veneti
988 1103 1013 1131 a
1051 1089 1234 1142 vulgatis
1273 1089 1390 1130 libris
1429 1089 1715 1141 discrepantia
1742 1101 1877 1141 paene

334 1166 449 1207 nulla
480 1166 535 1207 sit
565 1166 646 1207 nisi
677 1165 973 1206 vocabulorum
1004 1175 1091 1204 reni
1133 1163 1310 1203 eandem
1347 1162 1672 1215 significantium
1709 1166 1878 1204 senten-

334 1239 570 1291 tiarumque
602 1239 724 1280 aliter
759 1238 1031 1279 formatarum
1073 1239 1147 1276 aut
1178 1236 1485 1278 collocatarum.
1544 1236 1739 1278 Ceterum
1769 1236 1878 1278 eius-

336 1314 430 1354 dem
463 1325 557 1354 esse
595 1312 820 1365 prosapiae
853 1310 1020 1351 videtur
1047 1311 1237 1352 Venetus
1278 1311 1395 1351 cuius
1435 1312 1500 1351 est
1529 1309 1783 1361 Vaticanus,
1825 1309 1878 1350 de

335 1399 416 1438 quo
454 1386 555 1426 mihi
591 1384 701 1425 infra
737 1384 959 1425 dicendum
999 1383 1087 1425 erit.
1157 1384 1344 1425 Transeo
1384 1395 1495 1424 nunc
1531 1383 1586 1424 ad
1624 1383 1777 1424 librum
1813 1383 1878 1424 Ie-

334 1471 519 1501 nensem.

444 1533 486 1573 Is
517 1532 622 1573 liber
649 1531 744 1583 (Ms.
778 1532 874 1571 Bos.
909 1531 944 1572 8.
977 1533 1029 1585 1.)
1060 1531 1169 1572 redit
1202 1532 1255 1572 ad
1287 1543 1440 1572 annum
1470 1529 1706 1581 MCCCIV.‚
1749 1533 1797 1570 ut
1828 1541 1878 1572 ex

333 1605 641 1657 subscriptione
671 1604 843 1645 Panarii
871 1603 1023 1656 liquet„
1064 1616 1241 1657 cumque
1270 1604 1396 1645 hodie
1426 1604 1550 1644 modo
1581 1602 1756 1644 dimidia
1786 1603 1875 1644 eius

331 1690 450 1731 pars,
492 1690 598 1730 quae
629 1677 672 1717 in
710 1677 965 1718 bibliotheca
993 1678 1247 1719 Academiae
1277 1677 1469 1719 lenensis
1501 1679 1765 1727 asservatur,
1810 1689 1878 1718 su-

332 1754 500 1804 perstes
531 1751 606 1801 sit,
646 1750 804 1791 amissa
833 1750 973 1802 priore
1005 1763 1112 1802 quae
1143 1751 1382 1803 pertinebat
1412 1751 1466 1791 ad
1495 1762 1590 1802 pag.
1619 1761 1754 1802 usque
1783 1750 1877 1791 604.

335 1824 398 1865 ed.
421 1823 584 1874 Petav.,
627 1827 793 1864 constat
822 1827 985 1863 tantum
1016 1823 1126 1864 foliis
1160 1824 1270 1874 168„
1309 1823 1468 1864 formae
1499 1823 1690 1874 maioris,
1732 1834 1878 1875 gossy-

332 1897 461 1949 pinis,
504 1909 631 1937 manu
672 1900 787 1937 certa
826 1908 902 1937 nec
939 1897 1170 1949 ineleganti
1211 1900 1430 1947 exaratus,
1473 1896 1550 1937 sed
1588 1896 1639 1937 ob
1671 1895 1879 1937 clausula-

333 1983 423 2011 rum
456 1970 725 2022 compendia,
767 1970 917 2023 quibus
955 1970 1151 2011 librarius
1184 1972 1250 2011 est
1279 1982 1402 2020 USUS,
1446 1969 1512 2010 hic
1541 1969 1625 2010 illic
1654 1968 1768 2009 lectu
1795 1981 1880 2010 non

333 2043 487 2095 facilis,
531 2056 638 2096 quae
671 2055 800 2084 causa
839 2047 930 2083 erat
965 2047 1013 2083 ut
1050 2044 1172 2095 primi
1215 2043 1354 2095 operis
1399 2043 1583 2084 editores
1612 2042 1824 2083 interdum
1855 2054 1880 2083 a

333 2130 430 2159 vero
455 2117 752 2159 aberraverint.
792 2117 872 2157 Est
893 2117 1003 2158 enim
1023 2116 1094 2157 ille
1116 2116 1228 2157 idem
1252 2117 1452 2158 Iohannis
1469 2115 1607 2168 Langi
1628 2114 1734 2157 liber
1756 2127 1879 2167 quem

332 2192 614 2232 intercessore
653 2189 759 2231 Phil.
790 2190 1085 2231 Melanchtone
1128 2202 1153 2230 a
1191 2202 1443 2242 possessore
1483 2190 1786 2242 impetraverat
1821 2188 1879 2229 Io.

333 2265 564 2317 Oporinus7
603 2264 646 2304 id
685 2264 797 2316 quod
837 2263 962 2304 etiam
998 2263 1103 2304 haec
1140 2263 1267 2304 verba
1304 2262 1486 2315 probant
1523 2261 1731 2315 superiori
1758 2260 1882 2313 primi

333 2338 421 2379 folii
449 2337 631 2390 margini
660 2336 882 2388 inscript-a:
927 2335 990 2375 Ει·
1021 2336 1273 2377 bibliotheca
1303 2336 1502 2376 Iohannis
1524 2335 1665 2389 Lmryz'
1690 2334 1881 2389 Erphur-

334 2411 448 2451 dani.
510 2410 681 2451 Panarii
710 2421 811 2462 pars
843 2421 967 2461 quam
999 2408 1185 2450 continet
1218 2410 1299 2450 120
1322 2409 1422 2451 folia
1453 2408 1653 2461 complet3
1696 2408 1795 2449 inde
1816 2420 1882 2450 se-

336 2487 521 2536 quuntur
558 2484 796 2524 Ancoratus
840 2481 926 2534 (fol.
973 2482 1215 2524 121-152
1251 2484 1325 2536 κη),
1367 2480 1755 2533 Anacephalaeosis
1795 2480 1880 2533 (fol.

337 2557 415 2598 152
440 2569 475 2596 v.
495 2581 548 2585 —
569 2557 645 2597 161
669 2558 732 2609 r.),
757 2556 809 2597 de
822 2555 1084 2597 Ponderibus
1107 2559 1149 2597 et
1169 2555 1380 2597 Mensuris
1402 2554 1488 2607 (fol.
1508 2555 1585 2596 161
1608 2567 1710 2596 v.—
1726 2553 1805 2595 168
1818 2556 1880 2607 r.).

334 2630 382 2670 In
411 2628 494 2670 fine
525 2629 670 2670 addita
700 2632 797 2670 sunt
837 2631 1035 2681 excerpta
1065 2629 1273 2681 quaedam
1312 2641 1362 2670 ex
1392 2628 1562 2670 Ioannis
1594 2627 1882 2680 Chrysostomi

334 2701 520 2743 Homilia
545 2701 597 2742 de
613 2701 1032 2754 Incomprehensibili
1053 2702 1132 2742 Dei
1153 2702 1317 2743 Natura.
1337 2703 1440 2753 (Τοῦ
1461 2698 1576 2753 ἁγίου
1599 2698 1746 2754 πατρὸς
1769 2697 1882 2752 ἡμῶν

332 2770 516 2814 Ἰωάννου
538 2777 607 2813 τοῦ
663 2763 728 2831 ἱ
754 2775 796 2815 ἐκ
818 2778 889 2815 τοῦ
920 2775 1008 2827 περὶ
1031 2771 1304 2825 ἄκαταλήπτου
1336 2778 1365 2815 ἒ.
1400 2768 1448 2814 οὗ
1478 2770 1503 2825 ἦ
1538 2770 1657 2826 ἆρχή,
1696 2769 1880 2814 Ἐπειδοὶν

335 2847 449 2902 μέλλῃ
473 2862 530 2892 τις
552 2848 792 2900 μακροτέρας
816 2845 1046 2895 ὑποθέσεως
1066 2848 1133 2887 καὶ
1153 2850 1307 2887 πολλῶν
1329 2847 1514 2897 δεομένης
1542 2844 1667 2899 λόγων
1695 2848 1730 2898 :l
1749 2847 1881 2899 Incip.

341 2921 407 2966 Τίς
433 2919 531 2972 ἔγνω
566 2923 660 2959 νοῦν
694 2922 857 2973 κυρίου,-
899 2924 999 2969 κτλ.,
1038 2920 1107 2962 fin.
1138 2920 1205 2959 καὶ
1230 2917 1253 2960 ὁ
1274 2917 1386 2973 λόγος
1412 2919 1451 2959 ἐν
1481 2921 1534 2975 τῷ
1569 2921 1623 2974 νῷ
1647 2923 1882 2972 θεωρεῖται.,

337 3005 428 3036 cum
458 2992 538 3034 hae
568 2992 896 3046 subscriptione,
934 2993 1047 3041 Τέλος
1066 2991 1185 3047 λόγου
1208 2997 1278 3034 τοῦ
1308 2990 1423 3046 ἁγίου
1442 2991 1683 3044 Ἐπιφανίου
1704 2994 1773 3033 τοῦ
1801 2992 1882 3033 ἔπι-
