2066 3319
524 199 703 233 PANAau
728 198 810 230 Lm.
830 199 868 231 11.
893 198 1000 232 ToM.
1017 200 1042 232 ι.
1067 199 1196 232 HAER.
1221 199 1342 233 inv.
1621 190 1698 231 251

174 288 274 322 ctum
311 279 470 334 accipit,
505 279 572 319 sed
600 278 647 318 ob
680 278 716 317 id
743 284 968 332 praeterea,
1002 280 1100 333 quod
1136 280 1288 320 tametsi
1319 279 1424 320 velut
1453 280 1491 320 in
1519 287 1703 335 perpetua

173 348 345 389 fluxione
368 348 421 388 sit
444 354 580 388 natura
606 346 796 400 corporis,
831 346 963 386 eadem
992 347 1112 387 forma
1138 356 1375 401 permaneat,
1410 362 1505 402 quae
1532 348 1705 403 corporis

173 416 296 456 nostri
328 415 436 470 quasi
471 421 560 455 nota
588 414 773 468 quaedam
809 424 869 453 est
902 415 1073 469 propria.
1134 414 1226 456 Non
1258 416 1369 456 aliter
1399 423 1512 470 atque
1546 416 1702 456 eaedem

172 483 316 537 figurae
356 490 513 523 manent
553 496 651 537 quae
683 480 788 522 Petri
827 479 1015 536 Paulique
1056 497 1258 536 corporum
1300 484 1504 537 qualitates
1548 486 1702 525 coufor-

169 551 310 591 mando
339 550 544 601 exhibent,
579 564 647 606 per
673 563 785 604 quam
818 550 929 590 ctiam
956 551 1176 604 qualitatem
1205 551 1344 591 accidit
1370 558 1409 591 ut
1437 559 1475 592 et
1500 552 1703 592 cicatrices

169 618 245 659 iam
273 625 349 658 tum
376 634 396 659 a
426 618 556 674 pueris
584 618 621 658 iu
649 617 877 673 corporibus
903 625 1176 672 permaneant,
1211 619 1361 672 aliaque
1393 621 1574 660 nonnulla
1606 634 1703 674 quae

168 686 406 741 singulorum
435 685 587 742 propria
614 693 726 736 sunt,
760 686 973 726 cuiusmodi
998 693 1088 726 sunt
1111 686 1331 740 lentigines.
1395 687 1455 727 Ad
1489 687 1583 728 haec
1614 688 1704 728 licet

168 754 305 796 similis
327 768 518 810 corporea
538 753 601 794 illa
629 755 751 795 forma
773 754 823 794 sit
847 768 918 808 qua
944 751 1082 794 Petrus
1106 751 1325 808 Paulusque
1351 755 1588 809 potissimum
1611 771 1702 796 con-

167 822 363 873 stituitur,
397 822 511 877 idque
535 822 660 877 ipsum
685 823 785 876 quod
808 821 846 861 in
870 822 1160 862 resurrectione
1185 823 1336 862 animae
1359 823 1484 863 denuo
1507 824 1700 874 tribuitur,

166 890 235 932 sed
266 891 304 930 in
338 891 475 931 melius
508 904 768 941 conversum,
804 904 878 930 uon
905 896 1034 930 tamen
1062 890 1195 930 eadem
1227 897 1287 930 est
1316 890 1379 931 illa
1414 891 1573 932 materia
1606 906 1703 947 quae

169 959 323 1013 corpori
362 958 524 1014 primum
565 958 679 998 insita
714 960 853 998 suerat.
916 959 976 998 Ac
1011 959 1327 1012 quemadmodum
1361 960 1511 1015 species
1543 960 1626 1015 ipsa
1657 962 1703 1001 ad

167 1027 339 1068 ultimum
371 1040 492 1081 usque
525 1026 658 1067 eadem
684 1033 766 1078 est,
807 1026 879 1067 etsi
913 1026 1049 1080 ingens
1080 1027 1320 1081 propriarum
1355 1028 1561 1068 formarum
1595 1036 1704 1069 nota-

166 1108 329 1149 rumque
353 1095 533 1136 videatur
559 1108 646 1136 esse
671 1095 900 1146 diversitas,
936 1094 986 1134 ita
1012 1101 1051 1135 et
1075 1094 1113 1134 iu
1147 1108 1193 1135 eo
1217 1095 1262 1135 de
1288 1110 1362 1150 quo
1390 1097 1538 1151 agimus
1563 1097 1705 1138 iutelli-

164 1163 330 1218 geudum
356 1171 416 1204 est
441 1169 685 1218 praesentem
713 1163 888 1218 corporis
922 1162 1090 1218 speciem
1124 1164 1286 1204 eandem
1320 1178 1406 1205 esse
1439 1179 1523 1205 cum
1558 1166 1700 1215 futura,

166 1246 252 1272 cum
276 1245 323 1272 eo
348 1238 493 1283 tamen,
527 1239 568 1272 ut
591 1231 827 1272 incredibilis
853 1232 890 1272 in
914 1231 1051 1272 melius
1074 1231 1124 1272 sit
1148 1232 1277 1272 futuro
1303 1233 1478 1274 mutatio.
1523 1231 1703 1274 Necesse

165 1299 266 1341 enim
293 1307 353 1341 est
374 1299 541 1340 animam
567 1300 765 1355 corporeis
797 1300 834 1340 in
862 1300 956 1340 locis
988 1300 1212 1340 haerentem
1239 1302 1514 1342 consentaneis
1546 1302 1618 1342 sibi
1649 1302 1703 1343 uti

165 1367 408 1423 corporibus.
469 1368 598 1423 Atque
621 1375 661 1409 ut
685 1369 717 1408 si
744 1369 781 1408 iu
811 1367 1033 1423 aquatilium
1067 1376 1243 1409 naturam
1275 1383 1489 1411 conversos
1517 1371 1631 1411 vitam
1664 1371 1702 1411 in

165 1436 262 1477 mari
296 1436 439 1490 degere
475 1450 545 1477 uos
582 1443 803 1491 oporteret,
847 1436 1111 1477 necessarium
1149 1438 1251 1477 foret
1285 1452 1356 1478 nos
1389 1439 1461 1478 alia
1496 1453 1700 1493 corporum

165 1504 468 1555 constitutione,
512 1505 750 1559 pisciumque
785 1504 899 1544 simili
940 1518 1026 1545 esse
1064 1506 1284 1559 praeditos,
1326 1507 1379 1547 ita
1411 1507 1472 1561 qui
1503 1507 1700 1548 coelorum

166 1572 277 1626 regni
301 1572 554 1613 hereditatem
582 1572 720 1613 adituri
744 1580 834 1613 sunt
858 1587 903 1613 ac
926 1572 1091 1613 diversis
1115 1573 1153 1613 in
1178 1573 1334 1615 sedibus
1364 1575 1592 1627 habitaturi,
1625 1576 1702 1630 spi-

165 1640 293 1681 ritalia
318 1655 470 1695 quoque
501 1655 663 1696 corpora
691 1640 853 1681 habeant
881 1655 1043 1682 necesse
1077 1648 1158 1692 est,
1193 1657 1268 1682 nou
1301 1643 1399 1697 quod
1434 1645 1540 1698 prior
1570 1645 1701 1685 extin-

165 1716 307 1762 guatur
331 1709 507 1764 species,
542 1709 694 1750 tametsi
720 1709 757 1749 in
787 1709 973 1750 illustrius
1003 1709 1180 1764 quiddam
1204 1711 1490 1766 gloriosiusque
1515 1720 1698 1753 mutetur.

165 1774 497 1830 Quemadmodum
524 1776 614 1818 Iesu
646 1791 690 1818 ac
716 1775 870 1833 Moysis
904 1784 942 1818 et
968 1776 1077 1818 Eliae
1102 1779 1254 1834 species
1286 1780 1324 1820 in
1357 1781 1701 1822 transformatione
1721 1790 1829 1818 Manh.
1846 1791 1886 1819 ιτ.

167 1859 244 1886 non
276 1845 350 1885 alia
381 1860 492 1900 quam
525 1860 622 1900 quae
655 1845 764 1886 initio
796 1853 900 1896 erat,
936 1847 1080 1887 extitit.

274 1912 366 1954 Non
394 1921 430 1954 te
453 1914 571 1969 igitur
592 1915 786 1963 offendat,
820 1914 852 1955 si
875 1914 958 1969 quis
982 1915 1139 1970 primam
1162 1916 1374 1957 subiectam
1399 1917 1598 1959 materiam
1623 1933 1698 1959 non
1727 1925 1802 1969 Cap.
1826 1925 1902 1957 XV.

165 1981 325 2022 eandem
352 1988 442 2022 tuuc
478 1984 640 2023 l'uturam
670 1982 836 2032 dixerit,
871 1997 954 2023 cum
985 1997 1032 2023 nc
1063 1984 1176 2025 biduo
1209 1986 1360 2039 quidem
1393 1987 1505 2026 modo
1538 1987 1698 2027 eandem

162 2050 264 2091 illam
293 2064 522 2106 permanere
548 2065 662 2105 posse
691 2050 790 2091 ratio
818 2051 900 2106 ipsa
923 2052 1114 2103 declaret,
1147 2053 1179 2093 si
1204 2055 1288 2109 quis
1322 2062 1488 2095 mentem
1518 2056 1607 2096 velit
1635 2056 1701 2097 ad-

164 2127 334 2159 vertere.
397 2119 748 2160 Animadversione
786 2128 989 2175 praeterea
1028 2121 1183 2176 dignum
1217 2130 1256 2163 et
1290 2123 1381 2164 illud
1417 2131 1476 2164 est
1504 2124 1698 2165 diversum

163 2187 349 2229 seminari
386 2202 550 2243 corpus,
594 2188 866 2243 diversumque
903 2203 1135 2244 resurgere:
1183 2194 1399 2231 Setm'natnr
1433 2196 1527 2232 enim
1564 2208 1699 2245 corpus
1714 2204 1900 2238 1.00r.15,43.

162 2258 344 2304 animale,
378 2265 555 2308 resurget
588 2271 723 2309 corpus
754 2260 936 2309 spiritale.
1000 2257 1072 2299 His
1102 2260 1279 2301 omnibus
1309 2261 1497 2302 eiusmodi
1531 2261 1576 2301 ab
1608 2276 1699 2316 apo·

162 2324 263 2365 stolo
289 2324 545 2365 subiiciantur
572 2325 709 2379 quibus
733 2339 803 2366 nos
829 2332 1022 2366 terrenam
1052 2328 1273 2382 qualitatem
1299 2330 1356 2370 sic
1384 2344 1472 2370 esse
1504 2329 1698 2385 posituros

164 2392 299 2443 docet,
335 2400 374 2433 ut
397 2392 481 2448 ipsa
506 2393 544 2433 in
571 2394 859 2434 resurrectione
883 2394 1034 2449 species
1063 2397 1171 2437 salva
1199 2398 1426 2454 integraque
1456 2407 1695 2453 permaneat.

161 2464 242 2501 Hoc
265 2469 386 2501 autem
407 2464 510 2510 dico,
541 2463 706 2513 fratrem,
741 2466 912 2515 qnoniam
943 2478 1031 2503 curo
1059 2473 1096 2504 et
1118 2470 1276 2518 sanguis
1307 2483 1462 2520 regnum
1490 2471 1552 2507 dez·
1575 2471 1696 2520 possi·
1715 2481 1849 2511 1bid.5o.

161 2532 250 2569 dere
274 2538 481 2583 nequeunt,
515 2546 632 2584 neque
661 2535 852 2584 corruptio
884 2534 1211 2585 incorruptionem.
1275 2535 1360 2576 Etsi
1394 2537 1494 2576 enirn
1530 2538 1697 2577 fortasse

162 2598 347 2639 eximium
374 2599 551 2652 quiddam
576 2607 798 2640 sauctorum
831 2601 984 2655 corpori
1020 2601 1262 2643 tribuendum
1296 2604 1393 2654 erit,
1430 2613 1469 2644 ut
1499 2606 1534 2645 id
1568 2605 1696 2646 carnis

162 2667 244 2722 ipsa
274 2667 491 2723 proprietas
517 2676 748 2720 conservet,
783 2682 874 2709 caro
907 2676 1032 2710 tamen
1063 2673 1224 2726 amplius
1258 2687 1333 2713 uon
1367 2673 1464 2724 erit,
1498 2675 1564 2714 sed
1598 2675 1698 2729 quod

161 2794 265 2825 tokero
287 2795 341 2826 hoc
369 2795 551 2834 placuerat,
583 2796 635 2834 qui
659 2796 758 2827 Αάυυ.
781 2796 906 2827 Miscell.
955 2797 1049 2831 εσταί
1084 2809 1114 2831 τι,
1147 2800 1212 2831 τῶν
1245 2795 1385 2839 γηῖῖιων,
1420 2798 1696 2842 διακρατούμενον

161 2847 229 2878 cap.
255 2839 311 2871 36.
342 2849 416 2880 pay.
440 2841 516 2871 ζῆθι).
560 2842 709 2879 triplicem
749 2845 907 2881 proposuit
954 2839 1017 2876 ὖττό
1041 2845 1097 2876 τοῦ
1124 2842 1352 2881 ἰδιοπειεῦντςς
1381 2847 1427 2876 vel
1458 2844 1697 2885 εἷδοποιοῦντος

161 2885 424 2924 emendationem,
457 2894 519 2916 esse
538 2887 678 2917 videlicet
698 2888 906 2926 reponendum
954 2892 1019 2920 cett.
1055 2891 1116 2920 Pro
1142 2888 1377 2927 εἰδοποιοῦντος
1398 2892 1489 2930 enim,
1513 2893 1594 2932 quod
1615 2903 1696 2925 nunc

155 2923 262 2966 Ἴσως
286 2928 344 2971 μὲν
366 2929 429 2972 γὰρ
453 2930 625 2970 περίεσταί
650 2932 764 2965 τιτῶν
789 2929 905 2975 ἁγίων,
954 2943 991 2964 ex
1011 2935 1077 2965 cod.
1105 2936 1212 2966 Veneto
1235 2938 1376 2975 reposui,
1398 2938 1491 2976 v11190
1509 2941 1591 2968 esta!
1614 2937 1695 2972 ἰδιο-

162 2973 441 3017 διακρατούμενον
476 2973 539 3010 6.·ῑὸ
575 2977 632 3009 τοῦ
676 2976 906 3016 ἰδιοποιοῦντος
952 2979 1128 3016 mmmm.
1179 2981 1286 3012 Verto:
1321 2981 1474 3012 Fortasse
1507 2982 1592 3013 enim
1617 2995 1695 3014 san-

161 3023 246 3060 cett.,
280 3023 326 3052 vel
354 3024 456 3061 potius
486 3017 594 3061 Ἴσως
627 3021 685 3064 μὲν
717 3021 780 3066 γὰρ
814 3024 905 3065 περί·
953 3031 1060 3064 ctum,
1085 3024 1140 3068 qui
1159 3024 1199 3056 ab
1221 3036 1260 3057 eo
1285 3026 1339 3070 qui
1356 3026 1434 3059 olim
1457 3039 1586 3060 carnem
1612 3040 1694 3061 con-
