2030 3324
478 216 659 248 PANARH
684 216 768 249 Lm.
784 218 823 250 11.
849 218 958 250 Tou.
979 220 1019 251 n.
1041 219 1172 251 mna.
1193 220 1320 251 inx.
1591 212 1672 254 625

124 295 282 351 genuit,
317 309 442 349 neque
464 295 511 336 ab
536 294 689 350 losephi
714 297 877 350 virginis
901 299 1058 353 sponsi,
1093 306 1158 339 aut
1184 297 1397 349 Samuhel,
1433 298 1672 350 zorobabel,

124 362 275 414 David,
310 363 505 413 Abi-azam,
542 362 681 415 iacob,
725 364 814 406 Noc·
847 373 885 405 ct
916 367 1042 406 Adam
1082 367 1320 420 temporibus
1353 369 1544 407 duntaxat
1574 369 1676 408 exti-

125 432 191 482 tit,
234 431 328 481 sed,
370 433 414 471 In
441 435 630 484 principio
661 442 745 472 eral
776 436 946 481 verbam,
991 443 1026 473 el
1057 437 1204 473 verbnm
1235 444 1318 474 erat
1347 438 1449 487 apud
1477 438 1604 484 deum,
1639 444 1675 475 et
1688 445 1860 481 laeuam.

124 503 214 540 deus
245 507 329 539 era!
360 501 523 538 verbum.
590 501 718 555 Atque
748 502 841 542 haec
876 503 1063 556 particula
1091 505 1189 541 Erat
1221 510 1280 542 ter
1313 504 1477 557 repetita
1508 518 1583 543 nou
1611 519 1675 559 pa-

125 568 220 608 titur
244 574 285 607 ut
306 567 410 608 illum
439 568 670 623 quandoque
699 585 774 610 nou
810 570 930 610 fuisse
953 570 1212 624 suspicemur.
1276 570 1572 611 Animadvertis
1606 573 1676 626 igi—

125 643 187 676 tur
211 650 308 690 quae
334 636 511 690 proxima
538 644 627 677 sunt
652 638 780 692 priore
806 638 891 678 loco
919 638 1038 678 fuisse
1062 638 1294 692 significata.
1361 637 1428 678 Sic
1451 638 1677 680 Matthaeus

125 705 373 744 contexenda
398 701 545 744 Christi
569 705 800 759 genealogia
824 705 924 747 viam
952 706 1236 759 quodammodo
1259 708 1518 758 monstravit3
1552 722 1676 762 neque

125 779 309 813 accurate
337 779 465 813 tamen
489 773 563 813 ista
588 774 791 823 tractavit,
837 788 921 814 cum
949 773 1220 828 genealogiam
1250 774 1352 815 illam
1388 774 1434 814 ab
1464 777 1676 830 superiori-

127 839 197 881 bus
229 841 455 881 deduceret.
520 839 672 881 Deinde
695 840 858 882 Marcus
885 856 930 882 ea
968 856 1066 896 quae
1102 843 1136 882 in
1169 843 1242 883 hoc
1270 844 1412 884 mundo
1445 851 1556 898 gesta
1588 852 1680 884 sunt

126 909 302 964 aperuit,
336 924 381 949 ac
409 909 455 949 de
481 923 578 949 voce
605 910 669 949 illa
701 909 736 949 in
765 910 921 950 deserto
949 910 1166 961 clamante,
1201 912 1325 965 deque
1350 912 1530 963 domino,
1562 913 1625 966 qui
1657 927 1679 953 a

124 977 324 1032 prophetis
351 992 394 1018 ac
418 977 504 1030 lege
526 984 640 1017 antea
670 977 871 1018 nuntiatus
900 979 1040 1028 suerat,
1077 978 1249 1033 scripsit.
1315 978 1539 1020 Secundum
1564 995 1678 1035 quem

125 1043 260 1086 Lucas
295 1045 342 1086 ab
376 1045 627 1086 inferioribus
665 1046 711 1086 ad
746 1046 950 1100 superiora
981 1046 1225 1086 conscendit.
1299 1045 1474 1100 Quartus
1510 1049 1676 1102 denique

125 1110 298 1154 loannes
318 1113 426 1154 velut
448 1113 673 1153 coronidem
696 1113 900 1167 imponens
927 1113 1165 1155 sublimioris
1192 1114 1229 1154 in
1259 1111 1419 1155 Christo
1443 1115 1679 1157 conditionis

125 1195 172 1222 ac
203 1188 365 1222 naturae
400 1188 439 1222 et
465 1182 727 1236 sempiternae
754 1182 969 1222 divinitatis
996 1182 1192 1237 interpres
1227 1183 1373 1223 extitit.
1438 1181 1528 1236 Quo
1559 1198 1680 1226 seusu

126 1249 250 1290 videri
281 1256 408 1304 potest
443 1247 632 1291 Salomon
667 1250 704 1290 in
742 1250 963 1305 proverbiis
991 1254 1143 1290 Har-um
1176 1252 1394 1306 appellasse
1423 1255 1675 1304 principiam:
1697 1262 1877 1300 promam.

127 1317 158 1357 si
194 1318 347 1372 quidem
387 1318 582 1359 nonnullis
621 1318 716 1359 haec
749 1319 829 1374 ipsa
867 1318 988 1359 verba
1021 1319 1205 1371 religiose
1240 1320 1359 1361 libeat
1390 1321 1435 1361 ad
1473 1321 1678 1362 humanam

129 1382 277 1426 Christi
306 1394 482 1427 naturam
509 1387 741 1438 transferre,
775 1387 885 1441 quasi
910 1387 956 1427 de
985 1387 1158 1428 eiusdem
1183 1388 1387 1429 divinitate
1410 1389 1483 1429 ista
1509 1403 1680 1443 pronun-

129 1454 220 1504 tiet,
256 1454 436 1495 nimirum
460 1454 702 1495 divinitatem
729 1456 848 1510 ipsam
874 1456 1027 1496 domum
1051 1456 1297 1497 extruxisse.
1345 1454 1497 1513 Quippe
1522 1472 1680 1498 carnem

129 1529 167 1563 et
193 1530 415 1578 susceptam
441 1523 607 1564 hominis
634 1530 812 1564 naturam
843 1523 1025 1564 divinitas
1051 1524 1278 1575 fabricavit,
1323 1532 1502 1579 tauquam
1537 1529 1679 1565 viarum

127 1605 282 1631 suornm
310 1595 478 1640 millum,
515 1600 552 1631 et
580 1595 632 1631 ad
660 1606 772 1644 opera
795 1607 887 1640 sua,
924 1592 995 1633 hoc
1023 1600 1083 1633 est
1104 1607 1201 1647 quae
1225 1593 1271 1633 ad
1295 1593 1490 1634 hominum
1515 1594 1679 1635 salutem

128 1658 421 1714 bonitatemque
444 1660 655 1715 pertinent.
701 1658 854 1700 Deinde
879 1674 973 1701 vero
1000 1660 1038 1701 in
1063 1675 1275 1716 progressu
1300 1662 1384 1717 ipso
1406 1677 1553 1713 rerum,
1579 1665 1681 1702 Fun·

129 1730 233 1767 davit
261 1743 338 1775 me,
374 1728 520 1783 iuquit,
555 1732 675 1768 z‘m‘le'o.
742 1726 972 1769 Utrumuam
999 1729 1119 1783 igitur
1143 1729 1202 1769 dei
1228 1730 1351 1782 lilius,
1387 1731 1487 1784 quod
1512 1731 1556 1771 ad
1584 1730 1681 1771 divi-

130 1796 289 1836 nitatem
325 1797 485 1848 attinet,
532 1804 666 1852 postea
702 1797 883 1837 fundatus
917 1798 1004 1838 est?
1063 1795 1208 1838 Dicant
1234 1798 1305 1839 hoc
1341 1798 1453 1839 nobis
1479 1799 1681 1839 architecti

129 1864 193 1905 isti
217 1879 261 1905 ac
285 1865 512 1905 coelestium
537 1879 666 1905 rerum
694 1865 956 1920 inspectores,
980 1879 1145 1920 quanam
1173 1873 1256 1906 arte
1282 1866 1438 1908 condita
1462 1868 1527 1917 sit,
1555 1881 1682 1922 quove

128 1932 390 1974 instrumento
419 1934 575 1974 fundata
603 1933 813 1988 sapientia.
878 1932 1144 1987 Quamobrem
1171 1934 1202 1975 si
1227 1935 1316 1988 quid
1350 1935 1462 1976 nohis
1486 1936 1532 1976 de
1562 1950 1609 1975 ea
1640 1949 1683 1976 re

130 2002 306 2056 cogitare
338 2002 451 2053 licet,
495 2009 569 2042 tam
596 2002 669 2042 alta
696 2001 961 2057 blasphemiae
988 2017 1136 2056 vorago
1161 2003 1365 2057 fugienda,
1401 2018 1473 2045 nec
1498 2004 1683 2045 tentanda

130 2070 321 2124 unigeniti
346 2070 411 2111 filii
442 2070 647 2121 divinitas,
683 2084 781 2125 quae
817 2085 903 2111 cum
929 2078 1038 2126 patre
1065 2085 1221 2126 semper
1247 2079 1328 2123 est,
1373 2072 1419 2113 ab
1447 2087 1573 2127 eoque
1594 2087 1683 2128 pro-

131 2138 266 2180 cessit.
330 2137 504 2179 Verbum
530 2138 632 2179 enim
657 2153 742 2180 cum
773 2146 883 2194 patre
908 2153 1065 2194 semper
1089 2140 1242 2190 extitit,
1285 2154 1441 2195 semper
1472 2141 1680 2196 sapientia,

131 2207 392 2262 semperdeus
416 2221 469 2248 ex
492 2207 564 2247 deo
579 2207 772 2258 dominus,
792 2221 948 2263 semper
966 2222 1075 2259 vera,
1095 2222 1167 2248 nec
1188 2209 1405 2249 adulterina
1422 2209 1505 2259 lux,
1530 2222 1686 2262 semper

130 2275 163 2316 is
186 2275 247 2330 qui
273 2275 319 2315 ab
345 2276 427 2330 ipso
451 2283 627 2316 naturam
651 2282 690 2316 et
717 2276 927 2316 essentiam
956 2276 1071 2317 habet
1101 2277 1243 2331 quique
1276 2277 1421 2318 veritas
1444 2285 1504 2318 est
1529 2284 1567 2317 et
1588 2278 1681 2318 vita.

247 2342 349 2397 Quid
381 2352 508 2384 autem
543 2343 715 2399 pluribus
746 2357 792 2384 ea
825 2344 871 2384 dc
904 2358 946 2385 re
970 2345 1169 2400 disputare
1205 2359 1370 2386 necesse
1402 2346 1488 2386 est?
1545 2343 1683 2400 Pergit
1730 2352 1811 2390 (Tap.

132 2409 338 2463 Salomon,
373 2420 427 2463 et,
460 2415 649 2452 Fundave't
671 2427 739 2460 me,
775 2412 913 2467 inquit,
948 2416 1069 2452 z‘ne'tzb.
1135 2412 1208 2455 L⁷bi
1235 2414 1295 2468 pie
1321 2414 1409 2455 illud
1436 2412 1683 2454 animadver-
1718 2397 1849 2431 XXW'

131 2486 216 2521 tere
242 2494 472 2535 possumus,
507 2480 712 2522 humanam
745 2480 803 2521 bis
829 2480 961 2522 verbis
989 2481 1156 2522 animam
1184 2481 1390 2522 declarari.
1452 2480 1557 2522 Nam
1589 2482 1686 2524 haec

131 2548 239 2604 ipsa,
273 2552 455 2589 Dominus
476 2552 618 2588 creavit
637 2564 706 2597 me,
742 2548 775 2589 si
800 2549 846 2589 ad
872 2563 958 2590 eum
983 2563 1141 2590 sensum
1166 2551 1318 2590 referre
1345 2549 1511 2604 placeat,
1544 2550 1591 2591 ab
1616 2550 1686 2591 hu-

131 2617 315 2658 manitate
344 2617 520 2672 usurpari
555 2619 722 2672 putanda
748 2623 854 2658 sunt.
919 2616 1033 2671 Quod
1067 2625 1195 2658 autem
1230 2618 1413 2658 fundasse
1448 2618 1562 2669 dicit,
1603 2619 1687 2659 ani-

131 2700 233 2727 mam
257 2685 499 2742 potissimum
523 2692 696 2740 spectat,
731 2684 842 2726 cuius
873 2686 1026 2726 ratione
1051 2687 1234 2727 fundatus
1257 2686 1412 2727 dicitur.
1476 2685 1555 2727 lam
1581 2687 1684 2741 quod

133 2755 302 2795 additum
329 2761 413 2805 est,
457 2758 560 2794 Ante
593 2767 719 2794 omnes
743 2756 858 2793 colles
887 2758 1023 2806 gennit
1047 2770 1123 2802 me,
1168 2755 1225 2795 sic
1255 2754 1521 2808 accipiendum
1555 2762 1615 2796 est
1645 2762 1687 2796 ut

134 2823 346 2864 coelestem
370 2823 472 2863 illam
498 2823 794 2876 generationem
823 2822 1080 2863 demonstret.
1145 2822 1276 2876 Atque
1304 2823 1400 2863 haec
1428 2823 1480 2863 ita
1504 2822 1683 2874 dicimus,

179 2902 211 2933 5.
236 2898 341 2936 αὐτοῦ
366 2913 426 2935 non
451 2904 540 2933 habet
565 2903 630 2934 cod.
647 2903 776 2943 Rhediy.
937 2901 1086 2944 phemiae
1111 2900 1363 2944 profunditate,
1399 2909 1432 2934 et
1467 2913 1508 2933 ne
1532 2901 1686 2945 attigeri-

179 2945 211 2979 6.
237 2945 375 2991 φεύγειν
398 2949 453 2981 δεῖ
474 2949 593 2979 volebat
618 2950 774 2979 Ρείαιὶυε.
936 2958 1006 2977 mus
1032 2950 1098 2978 cell.
1111 2970 1119 2986 ,
1156 2953 1190 2977 ut
1223 2947 1405 2990 φεύγωμεν
1435 2943 1481 2981 ά,
1472 2945 1531 2981 ὂ-
1555 2967 1569 2972 -
1591 2958 1687 2988 προς-

204 2994 447 3025 ,Librihabent
467 2991 651 3035 προςῴαυε
646 3005 681 3025 a.
719 2994 889 3025 Carnarius
936 2989 1101 3034 ψαῦωμεν
1122 2992 1167 3035 τῇ
1190 2993 1229 3027 Στε
1215 2991 1315 3035 εότητ
1319 3005 1330 3026 ι
1349 2997 1476 3034 putasse
1498 2994 1653 3025 videatur.

134 3040 280 3070 convertit
304 3037 485 3081 fugerimus
511 3039 622 3081 utique
644 3050 661 3070 a
689 3044 780 3069 tauta
801 3037 892 3069 blas-

205 3094 323 3129 Corpun
342 3092 521 3121 Haerefleol.
548 3091 584 3120 11.
605 3094 630 3121 2.
1361 3100 1414 3138 40
