2066 3319
463 192 646 225 PANARn
667 191 750 224 Lm.
770 193 809 224 u.
831 193 938 225 ToM.
962 194 1001 225 η.
1029 193 1158 226 HAER.
1179 193 1300 226 var.
1574 185 1654 225 453

118 273 196 317 Sed
219 286 291 314 nec
311 272 475 313 mundus
498 273 580 327 ipse
604 272 648 311 ad
673 272 784 312 deum
805 272 988 326 pertinet,
1022 287 1156 314 verum
1176 287 1227 314 ex
1249 273 1434 314 materiae
1459 273 1557 314 mole
1580 274 1656 313 for-

115 349 240 383 matus
271 348 354 392 est,
388 341 436 381 ob
463 341 498 380 id
524 339 707 380 universa
731 348 910 395 pereunt.
974 339 1086 394 Quod
1111 349 1237 382 autem
1267 342 1390 396 primo
1419 355 1471 382 ex
1503 341 1656 382 homine

113 409 318 465 Principes
354 416 588 464 rapuerunt,
632 408 733 449 istud
772 409 895 464 ipsum
933 424 1029 450 onus
1065 417 1123 449 est
1152 410 1250 464 quod
1286 410 1494 465 imponitur
1524 410 1654 462 lunae,

115 479 293 533 quodque
317 477 480 532 singulis
505 477 639 518 diebus
667 492 686 517 a
714 478 841 518 mundi
865 479 1098 531 contagione
1123 485 1323 532 purgatur.
1375 478 1518 518 Anima
1542 493 1653 529 vero,

114 561 211 601 quae
240 546 416 587 veritatis
439 560 584 601 expers
609 560 661 586 ex
686 546 755 586 hac
783 546 859 586 vita
887 546 1074 596 discedit,
1109 546 1361 586 daemonibus
1395 548 1580 598 traditur,
1615 554 1658 588 ut

114 629 196 656 eam
222 615 399 670 gehenna
427 621 541 669 atque
565 615 754 655 incendiis
783 615 978 655 cdomcut.
1042 612 1194 654 Deinde
1220 614 1271 654 ita
1295 614 1481 668 castigata
1505 616 1541 655 in
1569 630 1655 656 cor-

113 697 205 738 pora
232 683 435 724 edomandi
461 697 613 723 rursum
639 684 762 738 gratia
786 683 1081 734 transmittitur3
1117 683 1216 722 uude
1241 682 1439 736 ingentem
1465 683 1502 723 in
1526 684 1654 737 ignem

111 752 155 792 ad
190 751 303 792 finem
337 766 458 806 usqne
490 751 668 792 mittitur.

225 819 284 861 De
320 820 518 876 prophetis
545 821 690 861 nostris
722 820 773 861 ita
807 818 983 859 disserit:
1029 816 1243 872 impictatis
1277 818 1361 859 sive
1397 819 1654 874 improbitatis

112 889 358 930 tenebrarum
382 903 468 930 esse
491 889 684 944 spiritum,
713 888 775 942 qui
801 888 977 928 ascendit
1001 887 1047 927 ab
1069 886 1201 939 initio,
1236 894 1274 927 et
1298 887 1345 927 ob
1368 886 1404 927 id
1426 888 1654 930 aberrantes

110 957 203 998 nihil
236 957 353 998 locuti
388 964 499 1008 sunt,
542 958 640 1011 quod
673 957 824 996 illorum
855 954 1045 1011 Princeps
1080 963 1312 997 occaecatus
1352 957 1480 997 animo
1523 957 1651 998 fuerit.

111 1025 286 1080 Quorum
313 1026 374 1082 qui
398 1026 644 1066 sermonibus
672 1025 878 1075 auscultat,
911 1024 949 1065 in
974 1025 1251 1079 sempiternum
1278 1024 1393 1080 perit,
1429 1026 1474 1066 ad
1501 1026 1653 1079 glebam

110 1093 302 1149 illigatus,
337 1109 406 1150 pro
441 1108 488 1135 eo
519 1095 619 1149 quod
644 1093 840 1135 Paracleti
871 1093 1074 1135 scientiam
1105 1092 1260 1134 minime
1297 1093 1442 1134 didicit.
1507 1092 1655 1148 Quine-

110 1164 200 1204 tiam
227 1163 321 1204 solis
343 1164 378 1204 id
403 1163 537 1204 electis
561 1164 666 1213 suis,
702 1163 765 1217 qui
794 1177 870 1203 non
894 1163 1025 1218 plures
1055 1177 1166 1217 quam
1191 1169 1338 1216 septem
1372 1163 1548 1213 fuerunt,
1584 1163 1655 1204 boc

109 1228 330 1274 mandatum
356 1232 480 1273 dedit:
515 1231 589 1273 Ubi
614 1232 739 1273 cibum
766 1231 1033 1287 sumpseritis,
1069 1238 1202 1283 orate,
1236 1239 1275 1272 et
1297 1232 1422 1272 oleum
1449 1232 1655 1272 multorum

109 1302 358 1342 invocatione
388 1302 584 1342 nominum
611 1307 882 1342 consecratum
918 1301 956 1340 in
988 1307 1103 1355 caput
1138 1300 1375 1356 inspergite,
1417 1307 1458 1341 ut
1490 1301 1585 1341 haec
1616 1301 1654 1341 in

111 1371 220 1412 vobis
244 1371 337 1411 fides
364 1370 656 1411 corroboretur.
720 1367 781 1410 De
804 1369 943 1424 quibus
968 1369 1188 1410 nominibus
1212 1369 1305 1409 nihil
1331 1376 1391 1410 est
1417 1369 1506 1410 mihi
1535 1369 1655 1423 signi-

110 1439 285 1490 ficatum3
321 1440 392 1480 soli
421 1439 522 1480 enim
555 1438 608 1479 illi
636 1446 783 1493 septem
818 1438 876 1478 bis
903 1445 1077 1478 utuntur.
1138 1436 1354 1478 Praeterea
1381 1452 1532 1479 sacrum
1563 1439 1653 1479 illud

108 1523 153 1548 ac
177 1509 442 1549 venerandum
468 1508 565 1563 apud
594 1522 663 1547 nos
689 1505 861 1548 Sabaoth
890 1521 1029 1547 nomen
1054 1506 1175 1561 ipsam
1209 1520 1296 1547 esse
1326 1507 1457 1547 dicunt
1489 1508 1653 1548 hominis

111 1585 311 1627 naturam,
347 1576 644 1631 cupiditatisque
676 1584 838 1631 patrem.
903 1573 1153 1630 Quapropter
1186 1575 1474 1630 [simpliciores]
1509 1575 1653 1631 cupidi-

110 1653 228 1687 tatem
261 1646 448 1697 adorant,
486 1653 524 1686 et
555 1659 643 1685 esse
677 1659 817 1685 numen
850 1645 1102 1685 arbitrantur.

1705 827 1783 869 Cap.

1688 873 1804 905 XXX.

222 1713 283 1755 De
310 1713 448 1756 Adami
483 1714 682 1755 creatione
707 1714 757 1754 ita
784 1714 923 1754 sentit:
967 1712 1067 1753 Eum
1097 1712 1161 1768 qui
1190 1713 1241 1753 ita
1274 1714 1423 1755 locutus
1457 1721 1538 1755 est:
1583 1718 1650 1754 Ve-
1670 1728 1746 1757 Gen.
1769 1730 1793 1765 1,
1813 1730 1855 1759 26.

107 1787 206 1832 nite,
239 1786 433 1838 faciamus
466 1786 644 1823 hominem
677 1786 727 1822 ad
754 1786 950 1835 imaginem
982 1790 1147 1822 nostram
1173 1791 1212 1821 et
1233 1785 1532 1831 similitudinem,
1569 1784 1652 1824 sive

107 1853 153 1893 ad
187 1867 269 1893 eam
297 1867 408 1907 quam
437 1852 602 1892 vidimus
637 1853 822 1903 sormam,
855 1850 1076 1906 Principem
1105 1865 1192 1891 esse
1226 1851 1288 1906 qui
1314 1852 1474 1906 reliquis
1499 1850 1652 1892 Princi-

107 1921 417 1977 pibus.dixerit,
453 1921 625 1972 Adeste,
660 1922 746 1961 date
775 1920 865 1960 mihi
898 1934 949 1961 ex
980 1920 1042 1960 itta
1074 1920 1158 1960 luce
1195 1934 1305 1974 quam
1340 1921 1582 1976 accepimus,
1616 1930 1652 1961 et

104 1992 289 2042 faciamus
316 1993 496 2030 hominem
523 1991 568 2030 ad
598 1997 798 2040 nostrum,
832 1989 894 2043 qui
916 1987 1119 2044 Principes
1147 2003 1302 2039 sumus,
1337 1989 1524 2043 effigiem,
1560 2004 1651 2045 qua-

105 2059 180 2100 lem
205 2059 455 2115 aspeximus,
490 2060 552 2114 qni
582 2059 734 2113 quidem
764 2058 908 2113 primus
941 2058 1054 2098 homo
1081 2064 1155 2098 est.
1220 2056 1275 2098 lta
1309 2058 1502 2098 hominem
1537 2059 1651 2100 fabri-

65 2156 69 2161 ·
108 2142 234 2169 casse.
298 2127 446 2168 Eadem
471 2136 508 2168 et
531 2127 654 2169 Evam
679 2128 828 2167 ratione
855 2127 1097 2178 condidisse,
1132 2127 1243 2181 eique
1274 2127 1320 2167 de
1347 2141 1415 2168 sua
1442 2128 1650 2182 cupiditate

107 2197 152 2238 ad
181 2197 370 2239 Adamum
396 2198 661 2252 decipiendum
690 2195 984 2251 impertiissem.
1047 2196 1110 2236 Ab
1144 2195 1191 2236 iis
1224 2195 1342 2250 igitur
1373 2210 1422 2237 ex
1455 2195 1649 2251 Principis

107 2266 258 2321 opificio
290 2267 453 2307 mundus
486 2266 559 2306 iste
594 2266 803 2305 fabricatus
837 2272 910 2305 est.

221 2336 282 2376 Ad
310 2335 404 2376 haec
428 2335 538 2376 deum
567 2335 660 2375 nihil
684 2335 826 2375 habere
856 2349 940 2374 cum
970 2334 1041 2374 hoc
1073 2334 1213 2374 mundo
1237 2347 1462 2384 commune,
1498 2347 1569 2374 nec
1601 2349 1646 2375 eo

105 2439 151 2471 ed.
175 2441 281 2471 Pelav.
338 2440 389 2471 Sic
421 2441 533 2471 iterum
563 2449 632 2479 cap.
653 2438 705 2471 31.
732 2434 857 2480 ἀφίησι
902 2437 1067 2481 plicioreS.
1100 2439 1299 2478 Cf.Zaca9ni
1319 2438 1360 2468 ad
1377 2447 1411 2468 ea
1427 2441 1530 2469 annot.
1551 2448 1581 2477 p.
1599 2437 1647 2471 19.

105 2482 160 2518 τὸν
193 2485 307 2528 βῶλον.
373 2487 441 2516 Voc.
474 2485 578 2528 βῶλον
614 2486 673 2516 ῑέί.
705 2485 856 2524 Interpres
902 2485 1183 2516 Analhemalismns
1206 2485 1348 2515 Haeresis
1370 2484 1502 2514 JIanich.
1527 2493 1567 2523 ap
1605 2486 1648 2515 du

104 2533 193 2563 vertit
217 2542 366 2563 massam.
904 2531 1058 2570 Canytum
1083 2532 1180 2562 Gloss.
1214 2531 1256 2560 ad
1287 2531 1401 2568 Scriptt
1433 2530 1511 2559 Med.
1542 2533 1568 2560 el
1589 2531 1648 2569 Inf.

152 2577 181 2608 5.
206 2574 309 2610 αὐτοῦ
332 2578 398 2609 cod.
411 2586 458 2608 ms
489 2580 622 2616 uterque.
658 2572 759 2609 αὗτοῦ
781 2577 855 2607 editi
903 2577 1010 2608 Graec.
1041 2577 1140 2616 p.9‹,*'.
1170 2574 1236 2608 Καὶ
1265 2571 1358 2617 ἡμᾶς
1388 2572 1464 2611 τοὺς
1488 2573 1648 2615 Χριστια-

107 2624 186 2654 libri.
233 2625 309 2654 Acla
332 2624 472 2654 Archelai
491 2623 600 2653 habent
624 2621 699 2652 suis.
899 2619 974 2659 νούς
993 2620 1071 2659 τοὺς
1092 2618 1137 2662 μὴ
1153 2618 1439 2663 παραδεχομένους
1458 2617 1518 2657 τὰς
1537 2618 1647 2653 τοιαύ-

151 2666 181 2701 6.
207 2672 282 2700 Acta
305 2669 467 2700 Archelai:
504 2666 545 2699 ad
570 2666 852 2699 confirmationem
898 2677 960 2705 τας
982 2666 1180 2710 pozolo-fla:
1205 2665 1385 2702 καλοῦντας
1406 2661 1614 2706 Ἅπλαρίους.

108 2712 194 2745 fidei.
241 2713 343 2745 Huius
377 2713 460 2757 (cod.
488 2715 590 2746 Casin.
616 2713 758 2755 Horum)
787 2724 851 2745 no·
943 2714 974 2744 9.
1002 2710 1104 2746 &dext
1119 2715 1266 2743 librorum
1279 2715 1318 2743 est
1331 2713 1486 2751 scriptura
1499 2714 1644 2744 omnium.

107 2758 194 2791 mina
218 2764 283 2792 cett.
900 2760 961 2790 Vel.
982 2761 1133 2803 Intespres
1156 2756 1243 2800 quod
1270 2762 1326 2787 est.

153 2803 183 2837 7.
207 2808 283 2837 Acta
306 2806 466 2837 Archelai:
503 2801 589 2847 ὑμῖν.
639 2806 741 2844 Quare
764 2806 852 2845 apud
947 2804 995 2836 10.
1020 2804 1114 2841 οὗτος
1146 2806 1254 2835 vitium
1279 2806 1321 2834 es!
1341 2803 1387 2834 ed.
1413 2804 1517 2835 Pelav.
1543 2805 1645 2837 Coton.

108 2851 317 2890 Epiphaniam
341 2860 459 2891 quoque
480 2847 557 2893 παρ’
579 2848 655 2892 ὑμῖν
680 2851 736 2893 (cs.
757 2861 854 2891 supra
896 2853 988 2890 repet.
1029 2851 1248 2888 Vel.1nlerpres
1270 2850 1340 2889 legit
1361 2847 1418 2881 καὶ
1440 2845 1547 2883 οὕτως
1561 2849 1645 2883 ἔκτι-

109 2899 211 2927 annot.
231 2896 274 2938 Ι.)
297 2898 518 2928 restituendum
539 2899 854 2936 censuiczacaynius.
903 2907 971 2928 σαν.
1019 2897 1115 2927 Habet
1138 2897 1217 2926 enim
1240 2901 1272 2925 et
1293 2894 1339 2925 ita
1362 2894 1528 2927 hominem
1551 2908 1645 2928 crea-

154 2944 185 2971 δ.
219 2937 373 2983 antipam.
404 2943 470 2974 cod.
499 2944 627 2983 Rhediy.
683 2938 855 2983 Ἃπλάριοι
901 2947 1029 2973 verunt.

109 2988 237 3026 quinam
260 2991 356 3018 essent
378 2997 408 3019 se
427 2991 542 3020 nescire
564 2990 653 3019 libere
681 2989 784 3028 fassus
814 2991 857 3020 est
949 2987 999 3020 11.
1024 2997 1083 3030 per
1104 2985 1186 3018 haec
1206 2987 1315 3018 habent
1338 2989 1413 3019 Acta
1434 2988 1584 3020 Archelai.

109 3033 266 3063 Petavius.
290 3036 366 3065 Acta
377 3034 518 3065 Archelai
531 3036 769 3074 interpretantur
779 3032 855 3065 sim-

1698 2342 1774 2384 Cap.

1671 2389 1808 2422 XXXI.
