2066 3319
385 212 436 253 80
947 220 1107 253 SANCTI
1133 222 1361 254 EPIPHANII

216 314 281 343 pag,
300 307 357 335 ⁴⁴1.
386 296 497 345 δενὸς
519 294 728 337 άντιθέτου
752 294 1015 350 ὑπάρχοντος,
1046 296 1138 339 ἄλλά
1166 298 1294 352 πάσης
1314 302 1382 351 τῆς
1404 297 1587 352 άληθείας
1609 301 1914 355 τηλαυγεστάτης

200 702 287 745 Κεφ.
302 700 356 745 ιη’.

193 2344 281 2388 Κεφ.
297 2342 349 2378 2:5'.

207 2634 274 2661 pag-
294 2627 326 2654 ⁴4

327 2626 343 2645 ¹)

328 2643 351 2653 ...

385 363 524 416 οὔσης,
555 365 622 405 καὶ
647 365 688 405 ἐν
713 362 878 422 άληθεία
900 368 1198 421 κεκηρυγμένης.
1247 369 1351 408 Φασὶ
1375 366 1447 422 γάρ
1472 366 1597 416 οὕτως
1617 370 1656 409 οἶ
1674 367 1778 411 ἄλλοι
1800 368 1911 425 εῦαγ-

382 433 564 487 γελισταὶ,
597 430 657 473 ὅτι
680 430 809 487 φυγάς
835 432 949 489 ᾤχετο
974 432 1050 476 άπὸ
1074 434 1288 487 προςώπου
1309 433 1506 490 Ἡρώδου,
1536 437 1603 477 καὶ
1626 435 1720 489 μετά
1742 436 1813 490 τήν
1835 455 1911 490 φυ-

381 498 454 555 γήν
483 499 612 541 ἐλθών
641 502 845 553 κατέμενεν
873 503 926 550 εἰς
953 503 1148 558 Ναζαρὲτ,
1191 504 1257 544 καὶ
1288 501 1381 556 μετά
1411 501 1481 557 τήν
1508 505 1684 559 Ναζαρὲτ
1708 504 1838 558 λαβών
1866 503 1909 546 τὸ

382 566 583 621 βάπτισμα
613 566 790 622 άπῆλθεν
822 571 876 618 εἰς
907 568 976 623 τήν
1006 572 1170 625 ἔρημον,
1210 572 1276 613 καὶ
1304 570 1398 625 μετά
1430 577 1550 613 ταῦτα
1583 571 1805 627 άνέκαμψε,
1843 574 1911 615 καὶ

381 635 473 690 μετά
502 635 545 678 τὸ
577 633 811 691 άνακάμψαι
839 637 981 693 ἤρξατο
1012 637 1224 692 κηρύττειν.

501 704 552 747 Τὸ
573 705 614 746 δὲ
635 703 854 761 εὐαγγέλιον
878 705 919 748 τό
943 708 996 755 εἰς
1019 706 1144 760 ὄνομα
1162 706 1366 758 Ἰωάννου,
1397 708 1508 760 φασὶ,
1538 707 1733 760 ψεύδεται.
1793 707 1910 750 Mero}

381 772 453 829 γάρ
480 773 521 815 τό
548 775 670 815 εἰπεῖν
695 773 774 825 ὅτι,
804 772 847 815 Ὁ
873 773 987 830 λόγος
1011 774 1105 830 σάρξ
1128 777 1288 831 ἐγένετο,
1318 777 1384 818 καὶ
1407 775 1624 829 ἐσκήνωσεν
1647 778 1687 818 ἐν
1707 775 1813 830 ἡμῖν,
1843 778 1910 818 καὶ

380 840 487 897 ὀλίγα
518 840 630 891 ἄλλα,
663 840 786 890 εὕθῦς
814 844 911 898 λέγει
939 842 1018 894 ὅτι,
1051 848 1089 884 Γ
1085 843 1182 897 άμος
1213 844 1360 899 ἐγένετο
1392 845 1432 885 ἐν
1457 848 1570 901 Κανᾷ
1599 849 1669 898 τῆς
1695 847 1908 894 Γαλιλαίας.

382 912 462 951 Καὶ
497 908 544 951 οὗ
571 912 782 964 μέμνηνται
816 913 855 953 οἱ
884 909 1114 966 άφροσύνην
1143 913 1295 960 ἑαυτοῖς
1322 911 1604 965 ἐπισπώμενοι,
1646 910 1699 961 οἷς
1722 911 1910 966 Ἰωάννης

380 977 472 1032 μετά
493 977 534 1020 τὸ
560 980 702 1029 εἰπεῖν,
732 977 775 1020 Ὁ
796 978 909 1034 λόγος
931 979 1025 1034 σάρξ
1048 981 1214 1035 ἐγένετο,
1247 981 1364 1035 λέγει,
1397 981 1478 1021 Καὶ
1501 979 1718 1034 ἐσκήνωσεν
1739 982 1780 1022 ἐν
1800 978 1908 1034 ἡμῖν,

379 1048 572 1088 τουτέστιν
597 1046 815 1102 ἄνθρωπον
842 1049 1062 1102 γεγονέναι,
1094 1050 1160 1090 καὶ
1185 1047 1245 1090 ὅτι
1271 1044 1370 1101 ἦλθε
1399 1047 1498 1102 πρός
1530 1047 1597 1090 τὸν
1620 1047 1811 1102 Ἰωάννην
1840 1048 1908 1091 τόν

378 1114 593 1169 βαπτιστήν
618 1117 658 1157 ἐν
685 1120 737 1172 τῷ
760 1113 966 1174 Ἰορδάνῃ,
1006 1116 1073 1157 καὶ
1099 1118 1319 1170 ἐβαπτίσθη
1349 1115 1416 1158 ὑπ’
1445 1115 1588 1169 αὐτοῦ,
1618 1115 1808 1159 Ἰωάννου
1837 1122 1907 1159 τοῦ

379 1182 645 1239 εὐαγγελιστοῦ
674 1188 984 1238 μαρτυροῦντος,
1024 1183 1117 1237 μετά
1148 1183 1218 1238 τήν
1248 1184 1363 1227 πάλιν
1395 1184 1588 1227 ἐπάνοδον
1619 1183 1696 1226 άπὸ
1726 1190 1798 1227 τοῦ
1827 1202 1908 1227 πει-

379 1256 554 1307 ρασμοῦ,
596 1250 648 1301 ὥς
679 1257 748 1294 τοῦ
775 1255 990 1305 βαπτιστοῦ
1012 1250 1201 1295 Ἰωάννου
1229 1254 1406 1308 λέγοντος
1440 1252 1518 1304 ὅτι,
1554 1247 1680 1302 Οῦτός
1710 1255 1789 1296 ἐστι
1817 1254 1904 1309 περὶ

378 1315 425 1361 οῦ
453 1318 563 1362 εἷπον
594 1318 704 1374 ἡμῖν·
737 1322 802 1362 καὶ
834 1320 970 1372 πάλιν,
1002 1320 1082 1372 ὅτι,
1120 1323 1315 1374 Τεθέαμαι
1339 1319 1381 1363 τό
1405 1326 1558 1375 πνεῦμα
1581 1320 1623 1362 τὸ
1649 1321 1760 1376 ἅγιον
1788 1339 1905 1363 κατα-

376 1391 518 1442 βαῖνον
550 1390 590 1430 ἐν
621 1391 714 1430 εἴδει
741 1393 984 1442 περιστερᾶς,
1015 1390 1082 1430 καὶ
1109 1390 1226 1442 μένον
1255 1387 1312 1431 ἐπ’
1344 1387 1482 1431 αὐτόν·
1524 1390 1612 1441 καὶ,
1649 1385 1775 1439 Οῦτός
1805 1391 1906 1432 ἐστιν

1443 1475 1477 1499 τι
1508 1456 1622 1499 οὐδὲν
1645 1457 1744 1500 κατά
1763 1464 1902 1512 λησμο-

1254 1458 1262 1472 x
1306 1455 1317 1469 t·
1350 1462 1366 1470 ω
1421 1457 1441 1471 ΓΙ

377 1455 399 1498 ὁ
421 1459 541 1512 αἴρων
567 1455 636 1510 τήν
664 1454 854 1512 ἁμαρτίαν
875 1462 945 1498 τοῦ
965 1456 1126 1510 κόσμου.
1187 1462 1267 1497 Και
1295 1475 1389 1514 ορας
1418 1476 1438 1499 ο

375 1523 448 1577 νήν
473 1523 698 1580 ὑφηγεῖται·
731 1526 941 1580 παρέλειψε
973 1526 1014 1566 δὲ
1045 1524 1090 1566 τά
1116 1530 1169 1582 τῷ
1193 1528 1396 1582 Ματθαίφ
1423 1527 1781 1581 πραγματευθέντα.
1844 1524 1904 1568 Οὕ

378 1592 450 1648 γάρ
474 1588 522 1646 ἧν
543 1596 648 1647 χρεία
671 1595 827 1635 ἐκείνων
849 1591 991 1645 οὐκέτι,
1023 1591 1115 1635 ἄλλα
1136 1599 1205 1647 τῆς
1229 1596 1338 1643 θείας
1360 1594 1541 1650 φράσεως
1559 1593 1659 1650 πρὸς
1682 1593 1904 1650 ἀντίρρησιν

373 1665 450 1702 τῶν
471 1660 704 1714 νομιζόντων
728 1660 804 1703 άπό
829 1665 995 1717 Μαρίας
1016 1663 1083 1703 καὶ
1105 1665 1220 1717 δεῦρο
1249 1662 1418 1718 Χριστόν
1444 1661 1564 1705 αὐτὸν
1587 1667 1805 1714 καλεῖσθαι,
1834 1663 1901 1704 καὶ

374 1728 462 1770 υἷὸν
495 1734 595 1771 θεοῦ
621 1728 741 1782 ’ψιλόν
768 1729 1006 1784 ἄνθρωπον,
1045 1729 1143 1772 κατά
1176 1729 1382 1787 προκοπήν
1411 1731 1452 1773 δὲ
1477 1729 1616 1784 ήκέναι
1636 1733 1689 1780 εἰς
1711 1729 1754 1772 τὸ
1780 1735 1900 1772 καλεῖ-

374 1804 469 1838 σθαι
499 1796 587 1839 υἵόν
617 1803 729 1839 θεοῦ.
789 1797 863 1839 Διὸ
894 1802 973 1839 τῶν
1005 1796 1225 1854 άναγκαίων
1253 1801 1504 1853 ἐπιμελεῖται,
1546 1798 1706 1841 πάντων
1734 1799 1802 1853 μὲν
1832 1793 1903 1841 οῦν

374 1865 546 1920 μεγάλων
567 1864 694 1908 ὄντων
714 1867 781 1908 καὶ
808 1865 1042 1921 άναγκαίων,
1074 1866 1342 1923 περιττότερον
1363 1867 1404 1908 δὲ
1426 1866 1662 1920 ποιούμενος
1684 1872 1763 1909 τῶν
1783 1868 1900 1909 ἐπου-

373 1938 518 1989 ρανίων
547 1933 618 1987 τήν
651 1933 808 1976 ἄνωθεν
837 1936 1075 1988 οἰκονομίαν.
1133 1937 1306 1990 Λέγουσι
1330 1936 1371 1977 δὲ
1395 1934 1437 1977 τὸ
1460 1934 1559 1977 κατά
1577 1933 1768 1988 Ἰωάννην
1790 1933 1900 1992 εὐαγ-

372 2003 515 2057 γέλιον,
555 2000 689 2055 ἐπειδὴ
717 2001 769 2056 μή
799 2002 846 2043 τά
872 2001 970 2044 αὐτοὶ
1002 2005 1100 2057 ἔφη,
1139 2002 1351 2046 άδιάθετον
1384 2001 1501 2055 εἶναι,
1539 2005 1605 2046 καὶ
1637 2002 1689 2058 μή
1720 2004 1900 2058 δέχεσθαι
1944 2031 1947 2035 -

373 2068 517 2118 αὐτούς
557 2069 676 2121 αὐτὸ,
728 2069 825 2112 κατά
867 2070 996 2113 πάντα
1036 2074 1344 2126 πεπλανημένοι,
1396 2073 1464 2114 καὶ
1503 2071 1790 2125 τυφλώττοντες
1828 2070 1900 2126 τήν

372 2136 558 2180 διάνοιαν.

495 2343 682 2398 Τέταρτος
703 2342 776 2398 γάρ
796 2341 894 2384 κατά
919 2343 1104 2397 διαδοχήν
1127 2344 1252 2386 ἐλθών
1276 2342 1299 2386 ὁ
1321 2343 1528 2400 μακάριος,
1559 2349 1713 2400 πρῶτος
1733 2345 1804 2398 μὲν
1828 2343 1895 2396 ὢν,

368 2409 528 2465 ὕστερος
549 2412 589 2453 δὲ
610 2417 693 2460 τοῖς
712 2413 832 2453 ἔτεσιν
854 2409 1206 2467 εῦαγγελισάμενος,
1238 2413 1284 2454 τά
1306 2411 1382 2468 πρό
1403 2411 1523 2454 αὐτοῦ
1544 2417 1669 2462 καλῶς
1688 2414 1896 2469 τεταγμένα

371 2477 442 2519 οὐκ
474 2480 721 2533 ἐμερίμνησεν
753 2481 968 2531 ἐκθέσθαι,
1011 2479 1103 2521 άλλά
1136 2480 1402 2537 προλαμβάνει
1427 2485 1504 2522 τῶν
1533 2482 1737 2536 ῥηθέντων
1763 2480 1811 2522 τά
1842 2479 1894 2535 μή

369 2547 552 2600 ρηθέντα.
611 2546 653 2588 Ὁ
676 2553 893 2597 Ματθαῖος
923 2546 995 2604 γάρ
1024 2547 1175 2604 ὄίρχεται
1206 2548 1283 2591 άπὸ
1312 2547 1509 2604 Ἀβραάμ,
1547 2547 1639 2602 μετά
1665 2548 1799 2602 δὲτὴν
1827 2547 1893 2604 ἄρ’

371 2613 441 2667 χήν
473 2618 539 2656 καὶ
572 2614 663 2668 μετά
696 2615 767 2658 δύο
803 2618 867 2670 ἐτη
901 2621 969 2670 τῆς
1000 2616 1210 2672 γεννήσεως
1244 2616 1359 2659 πάλιν
1390 2623 1556 2659 ποιεῖται
1585 2615 1655 2670 τὴν
1683 2614 1893 2672 ὑφήγησιν.

371 2681 541 2738 Μάρκος
565 2685 605 2725 δὲ
638 2683 789 2740 ἄρχεται
821 2683 899 2726 άπὸ
930 2684 1275 2727 πεντεκαιδεκάτου
1309 2687 1420 2735 ἔτους
1448 2687 1648 2740 Τιβερίου,
1687 2683 1894 2738 1μεσότητι

369 2755 448 2792 τῶν
472 2750 563 2804 μετά
590 2750 659 2805 τήν
682 2751 812 2808 άρχήν.
872 2757 1034 2801 Λουκᾶς
1056 2753 1098 2794 δὲ
1123 2751 1243 2808 άρχὴν
1271 2753 1347 2810 πρὸ
1375 2759 1443 2808 τῆς
1472 2751 1589 2808 άρχῆς
1600 2751 1795 2808 -ἐπήνεγκε
1822 2751 1893 2806 τήν

369 2816 444 2873 πρὸ
468 2823 536 2872 τῆς
561 2819 772 2874 γεννήσεως
797 2822 837 2863 ἐν
862 2826 909 2879 τῇ
933 2819 1120 2874 συλλήψει
1144 2826 1213 2874 τῆς
1235 2820 1400 2877 γαστρός
1420 2823 1582 2877 Μαρίας
1610 2822 1677 2862 καὶ
1705 2825 1774 2874 τῆς
1797 2818 1891 2862 Ἐλι-

369 2886 484 2940 σάβετ
519 2892 764 2943 2γεγονυῖαν.
821 2887 1012 2943 Ἰωάννης
1043 2889 1085 2930 δὲ
1111 2890 1164 2930 ἔτι
1199 2889 1407 2946 πρότερον,
1437 2889 1594 2945 ὕστερος
1619 2887 1767 2940 ἐλθών,
1798 2890 1888 2931 ἐπα-

415 2979 493 3010 CAP.
507 2980 604 3011 XIX.
629 2999 672 3004 -
698 2981 726 3013 1.
752 2981 914 3024 μεσότητι
935 2984 998 3023 (vel
1017 2984 1108 3014 etiam
1154 2979 1336 3024 μεσότητα.
1385 2984 1531 3015 Petam'us
1550 2984 1648 3014 locum
1666 2984 1808 3015 mutilum
1828 2991 1891 3016 esse

370 3024 570 3067 μεσαίτατα)
593 3029 802 3066 reponendum
821 3031 886 3060 erat
904 3037 961 3068 pro
979 3029 1107 3068 vulgata
1151 3028 1313 3059 iudicavit.

1197 3072 1229 3104 2.
1254 3076 1422 3116 γεγονυῖαν
1445 3083 1506 3106 non
1528 3073 1615 3104 habet
1638 3073 1705 3105 cod.
1729 3073 1858 3114 Rhediy.
