2066 3319
213 497 299 540 Κεφ.
326 491 367 533 ς’.

222 1728 289 1755 pag.
308 1720 367 1748 ¹115.

384 206 464 244 564
948 205 1111 238 SANCTI
1135 206 1364 237 EPIPHANH

383 288 471 336 καὶ,
511 283 578 325 Ἐκ
611 282 802 337 στόματος
838 284 990 334 νηπίων
1027 283 1092 323 καὶ
1131 281 1378 335 θηλαζόντων
1415 283 1632 337 κατηρτίσω
1663 278 1785 322 αἶνον.
1848 282 1927 321 Καὶ

385 354 489 394 πόσα
520 352 599 394 ἐστὶ
632 349 712 392 2τά
742 354 923 400 τοιαῦτα,-

506 487 606 540 Περὶ
636 486 678 527 δὲ
702 484 847 540 σαρκὸς
876 482 1145 534 άναστάσεως,
1177 488 1263 531 πῶς
1290 481 1376 536 οὐχὶ
1399 483 1545 539 σαρκός
1575 485 1679 525 ἔσται
1705 482 1929 534 ἀνάστασις,

386 549 417 596 ὦ
444 553 658 606 ἐθελόσοφε
691 551 852 608 Ἱέρακα.
914 550 1028 604 Αὐτὴ
1056 549 1129 606 γάρ
1166 549 1192 603 ή
1225 548 1416 603 ὀνομασία
1441 556 1511 605 τῆς
1545 550 1727 606 φράσεως
1758 553 1928 592 δείκνυσι

385 621 458 674 τήν
483 620 663 674 δύναμιν.
720 619 947 669 Ἀνάστασις
970 618 1042 674 γάρ
1064 618 1111 660 οὔ
1135 623 1305 659 καλεῖται
1325 622 1396 659 τοῦ
1417 617 1470 671 μὴ
1495 617 1757 667 πεπτωκότος.
1804 622 1932 659 Ποῖον

386 690 428 730 δέ
451 690 530 730 ἐστι
549 687 592 729 τὸ
617 688 759 738 πεσόν,·
801 694 918 730 ποῖον
939 686 981 728 τὸ
1010 686 1154 738 ταφέν,
1197 691 1313 727 ποῖον
1336 684 1378 727 τό
1403 686 1544 737 λυθὲν,
1575 684 1652 727 ἄλλ’
1680 685 1707 740 ἢ
1729 684 1771 727 τὸ
1799 690 1930 738 σῶμα,-

384 758 451 798 καὶ
475 754 544 809 οὐχ
566 754 591 809 ή
614 755 736 809 ψυχή.
806 754 918 808 Ψυχή
941 757 1073 796 τοίνυν
1096 752 1143 795 οὐ
1165 756 1317 803 πίπτει,
1350 751 1438 794 οὔτε
1463 751 1667 794 θάπτεται.
1728 754 1807 794 Καὶ
1827 751 1932 794 πόσα

386 826 465 866 ἐστὶ
488 825 579 878 περὶ
598 823 742 866 τούτου
764 824 904 879 λέγειν,·
936 827 1068 876 ψυχῆς
1090 819 1163 876 γάρ
1182 819 1229 862 οὕ
1248 825 1418 862 καλεῖται
1439 819 1664 871 ἀνάστασις,
1697 819 1791 862 ἄλλα
1818 818 1932 873 σῶμά

385 894 465 934 ἐστι
488 890 531 933 τὸ
556 890 809 946 ἐγειρόμενον.
873 891 976 945 Περὶ
999 890 1039 931 δὲ
1062 894 1132 942 τῆς
1156 887 1348 943 ἅναλογῆς
1380 893 1392 916 ¹
1409 882 1457 941 ἧς
1487 883 1609 941 ἦλθεν
1637 885 1660 929 ὁ
1684 885 1811 943 σωτὴρ
1841 885 1931 928 ἄνα-

384 962 572 1010 λέξασθαι
595 961 817 1014 παρθενίαν
845 959 912 999 καὶ
935 955 1163 1013 ἐγκράτειαν
1193 957 1259 998 καὶ
1290 954 1468 1011 ἁγνείαν,
1506 957 1579 996 τίνι
1609 952 1683 996 οῦκ
1708 955 1787 997 ἔστι
1814 957 1933 1008 δῆλον

387 1028 448 1070 ’ὅτι
472 1030 574 1069 ἔστιν
608 1025 746 1081 ἐκλογή
777 1027 843 1068 καὶ
877 1032 946 1080 τῆς
971 1024 1083 1080 ἆγίας
1109 1029 1326 1077 καθολικῆς
1354 1024 1420 1065 καὶ
1448 1021 1710 1076 άποστολικῆς
1731 1024 1935 1075 ἐκκλησίας

386 1094 569 1149 καύχημα
605 1095 704 1136 2καὶ
734 1092 834 1135 κατα
856 1093 948 1142 τοῦς
973 1095 1014 1135 ἒν
1036 1097 1163 1149 σεμνῷ
1185 1090 1319 1149 γάμῳ,·
1364 1092 1525 1133 ἕκαστον
1547 1090 1620 1147 γάρ
1644 1089 1742 1132 κατά
1763 1088 1807 1131 τό
1831 1092 1932 1131 ἰ’διον

386 1161 515 1218 τάγμα
540 1161 673 1212 σώζειν
697 1164 826 1203 εἴωθε.
891 1165 988 1210 Πῶς
1011 1159 1083 1216 γάρ
1106 1158 1179 1201 οὐκ
1201 1161 1306 1200 ἔσται
1328 1161 1454 1212 τίμιος
1476 1157 1497 1200 ὁ
1519 1157 1664 1214 γάμος,
1695 1159 1763 1200 καὶ
1785 1159 1825 1199 ἒν
1847 1160 1931 1214 θεῷ

385 1233 485 1285 ἔχων
504 1229 576 1284 τὴν
599 1235 676 1271 τῶν
697 1228 877 1284 οὐρανῶν
901 1230 1112 1281 βασιλείαν,
1145 1225 1263 1268 οπότε
1282 1227 1462 1278 κέκληται
1488 1224 1510 1267 ὁ
1533 1224 1661 1280 σωτὴρ
1685 1227 1739 1273 εἷς
1762 1223 1929 1280 γάμους,

385 1301 451 1340 ι’να
479 1296 670 1354 εὖλογήση
699 1296 845 1351 γάμονς
888 1297 923 1336 εἰ
954 1296 1022 1348 μὲν
1051 1312 1123 1350 γαρ
1146 1293 1400 1351 παρῃτήσατο
1427 1295 1480 1342 εἷς
1503 1292 1629 1348 γάμον
1651 1293 1826 1344 εἰςιέναι,
1856 1290 1933 1347 άρα

386 1365 515 1422 γάμου
537 1368 587 1419 ἠν
613 1362 849 1416 καταλύτης,
880 1365 947 1404 καὶ
972 1362 1047 1404 οὐκ
1074 1360 1362 1415 ἀποδεχόμενος
1386 1362 1549 1402 ἕκαστον
1571 1378 1671 1402 κατα
1695 1358 1932 1442 συγγνώμην

385 1439 454 1487 τῆς
476 1432 599 1474 αυτοῦ
622 1432 841 1480 ασθενείας.
910 1433 1046 1484 Τίμιος
1066 1432 1201 1471 τοίνυν
1224 1447 1243 1470 ο
1266 1427 1405 1484 γάμος,
1438 1428 1498 1470 ότι
1519 1427 1637 1477 αυτὸς
1660 1445 1780 1470 αυτον
1805 1427 1930 1483 ω’ρισε.

386 1499 461 1543 Διὸ
482 1502 733 1555 παραγίνεται
756 1500 811 1547 εἰς
835 1498 979 1554 γάμον,
1017 1500 1083 1540 ἵνα
1106 1495 1236 1555 φράζῃ
1261 1495 1307 1537 τοὶ
1329 1495 1501 1550 στόματα
1523 1501 1601 1538 τῶν
1623 1495 1813 1552 λεγόντων
1833 1495 1933 1537 κατὰ

386 1573 455 1622 τῆς
483 1566 680 1621 ἀληθείας.
733 1565 840 1608 Ἐκεῖ
861 1565 933 1622 γάρ
957 1570 1115 1622 πρῶτον
1140 1570 1300 1618 σημεῖον
1325 1566 1506 1617 ε’ποίησεν
1530 1562 1552 1606 ὁ
1576 1562 1728 1618 Ἰησοῦς
1755 1565 1797 1606 ἐν
1818 1567 1931 1620 Κανᾷ

384 1640 452 1689 τῆς
478 1638 685 1684 Γαλιλαίας
714 1633 756 1677 τὸ
783 1633 892 1690 ὕδωρ
930 1632 1039 1676 οἶνον
1073 1631 1251 1686 ποιήσας.
1309 1631 1378 1681 Ὡς
1400 1630 1475 1687 γάρ
1503 1630 1689 1674 ἀνέτειλεν
1722 1629 1800 1673 οἷπό
1832 1649 1930 1687 παρ-

387 1705 531 1755 θένου,
573 1705 639 1745 ἵνα
674 1705 779 1760 δείξῃ
812 1701 854 1744 τὸ
890 1706 977 1754 φῶς
1007 1699 1086 1743 άπὸ
1128 1702 1336 1755 παρθένου
1371 1697 1577 1742 οἷνατεῖλαν
1613 1705 1661 1758 τῇ
1701 1699 1929 1756 οἰκουμένῃ,

385 1772 488 1814 οὕτω
510 1772 578 1813 καὶ
600 1770 643 1812 τὸ
664 1775 820 1825 πρῶτον
844 1776 1007 1823 σημεῖον
1031 1771 1084 1818 εἰς
1108 1767 1260 1824 γάμους
1281 1771 1496 1821 πεποίηκεν
1530 1769 1569 1810 ἕν
1589 1771 1706 1825 Κανᾷ
1729 1772 1798 1820 τῆς
1820 1771 1933 1808 Γαλι-

384 1842 515 1890 λαίας,
546 1841 613 1880 ’ἵνα
634 1837 706 1892 τὴν
731 1838 799 1891 μὲν
825 1840 1049 1893 παρθενίαν
1072 1838 1216 1894 τιμήσῃ
1240 1835 1306 1878 διά
1333 1841 1432 1889 3τῆς
1455 1834 1728 1889 ἀποκυήσεως,
1758 1835 1826 1876 καὶ
1851 1851 1932 1887 φω-

384 1905 452 1955 τὸς
477 1909 597 1959 βολῆς
619 1911 689 1959 τῆς
718 1903 767 1946 δι’
789 1903 910 1959 αὐτῆς
934 1903 1204 1958 άνατειλάσης,
1236 1904 1304 1946 τὸν
1326 1904 1366 1945 δὲ
1388 1902 1527 1957 σεμνόν
1551 1902 1679 1958 γάμον
1698 1901 1842 1960 τιμήσῃ
1867 1900 1931 1943 διοὶ

385 1979 463 2015 τῶν
485 1976 744 2026 θεοσημείων,
776 1974 816 2014 ἐν
839 1979 921 2021 τοῖς
944 1972 1085 2027 γάμοις
1106 1977 1262 2027 πρῶτον
1282 1972 1515 2022 ἐπιτελέσας,
1545 1969 1588 2012 τὸ
1611 1970 1720 2026 ὕδωρ
1743 1971 1797 2019 εἰς
1815 1968 1931 2026 ἄκρα-

385 2059 454 2083 τον
487 2039 725 2095 μεταβαλών.
783 2038 985 2089 Ὡσαύτως
1017 2041 1058 2082 δὲ
1094 2042 1127 2082 εἰ
1158 2038 1360 2095 ἀλλότριος
1381 2034 1431 2092 ἦν
1457 2037 1480 2081 ὁ
1500 2037 1645 2094 γάμος,
1677 2042 1763 2086 πῶς
1785 2055 1931 2093 παραγ-

387 2110 505 2163 γέλλει
527 2107 549 2150 ὁ
573 2112 648 2149 τῶν
670 2109 801 2149 ἐθνῶν
825 2106 1080 2158 διδάσκαλος,
1113 2106 1166 2156 οἷς
1187 2108 1304 2162 λέγει,
1339 2107 1544 2162 Νεωτέρας
1570 2105 1692 2160 χήρας
1716 2109 1928 2159 παραιτοῦ·

386 2175 481 2229 μετά
513 2175 585 2231 γάρ
614 2175 655 2217 τὸ
686 2174 1015 2230 καταστρηνιάσαι
1038 2180 1108 2218 τοῦ
1136 2179 1309 2231 Χριστοῦ
1340 2180 1478 2229 γαμεῖν
1507 2174 1732 2224 ἐθέλουσιν,
1775 2174 1932 2227 ἔχουσαι

385 2246 527 2297 κρίμα,
560 2243 623 2285 ὅτι
645 2242 714 2296 τήν
737 2242 898 2297 πρώτην
921 2246 1051 2285 πίστιν
1073 2242 1294 2297 ήθέτησαν;
1344 2245 1389 2283 Τί
1411 2236 1482 2284 οῦν
1502 2255 1619 2297 φησις
1658 2239 1767 2282 Ἀλλοὶ
1800 2242 1930 2296 γαμεί-

385 2325 531 2364 τωσαν,
562 2313 933 2366 τεκνογονείτωσαν,
966 2313 1373 2353 οἶκοδεσποτείτωσαν.
1435 2310 1492 2350 Εἰ
1511 2312 1642 2351 τοίνυν
1665 2313 1786 2350 ταῦτα
1805 2325 1929 2364 παρα-

385 2379 555 2432 δέχεται,
594 2383 680 2427 πῶς
712 2375 819 2434 παρά
848 2379 932 2429 σοὶ,
974 2376 1152 2434 Ἵέρακα,
1194 2377 1216 2421 ό
1238 2377 1363 2433 γάμος
1397 2378 1500 2419 ἐστὶν
1527 2375 1805 2431 ἐκβαλλόμενος
1835 2374 1929 2429 μετα

385 2444 454 2499 τήν
483 2448 672 2503 ἕνσαρκον
703 2450 878 2502 Χριστοῦ
906 2449 1144 2501 παρουσίαν,-

383 2957 464 3039 κρέξ
485 2953 525 2987 τὰ
550 2965 610 2986 non
631 2958 715 2987 extat
732 2958 763 2988 in
786 2957 858 2988 edit.
878 2959 999 2990 Petavii
1024 2958 1127 2989 Colon.
1178 3002 1199 3032 d
1223 2955 1369 3008 CAQVI.
1395 2973 1438 2978 —
1489 2954 1514 2987 1.
1543 2954 1616 2985 Vide
1640 2962 1675 2985 ne
1697 2955 1735 2985 sie
1757 2955 1923 2987 rescriben-

467 3025 473 3031 .
1201 3010 1254 3032 um
1278 3011 1314 3044 ’ῃ
