2030 3324
508 184 687 216 PANAau
716 184 799 216 Lm.
822 185 862 216 u.
887 185 995 217 Toxi.
1018 186 1054 217 u.
1082 184 1212 216 HAEu.
1237 184 1364 216 inx.
1630 176 1710 214 605

162 264 278 306 nandi
304 271 342 304 et
370 263 549 303 hortandi
584 263 695 303 linem
729 263 871 303 nullum
905 263 1093 314 faciebat,
1137 264 1381 303 auscultante
1414 261 1583 302 nemine.
1647 260 1710 301 Ex

163 347 237 387 quo
265 345 402 371 omnes
428 331 516 370 illae
541 338 676 370 contra
708 331 828 385 ipsum
866 331 1000 371 turbae
1036 332 1224 371 conflatae
1256 346 1300 371 ac
1327 338 1574 384 comparatae
1605 337 1710 378 sunt,

164 400 212 440 ob
237 399 422 439 eximium
450 398 552 438 illius
575 400 753 438 ardorem
785 414 829 439 ac
851 401 1016 439 studium
1045 399 1228 439 divinitus
1257 400 1291 438 in
1320 412 1405 439 eum
1445 413 1463 436 a
1491 399 1562 438 deo
1596 398 1713 437 colla-

164 475 258 508 tum.
324 464 439 519 Quae
461 480 524 506 res
551 480 598 506 eo
626 481 746 520 usque
772 469 961 520 processit
997 475 1037 507 ut
1062 469 1288 520 frequenter
1320 466 1438 506 exilia
1463 466 1711 514 sustinuerit,

163 543 201 576 et
223 535 269 575 ab
298 534 481 584 Arianis,
526 535 588 588 qui
618 542 694 574 tum
727 535 874 574 viribus
900 549 943 574 ac,
972 535 1142 589 potentia
1172 534 1388 588 pollebant,
1425 548 1493 587 pei·
1523 547 1711 573 suminam

163 603 433 657 indignitatem
458 603 822 642 excommunicatus
847 602 975 642 fuerit.
1023 601 1167 642 Verum
1199 603 1244 641 de
1278 602 1314 641 b.
1342 602 1559 642 Athanasio
1585 602 1713 641 hacte-

163 686 251 712 nus.
316 668 427 723 Quae
455 670 555 709 enim
590 671 635 710 ad
670 685 756 710 cum
790 669 1029 720 attinebant,
1064 683 1178 724 supra
1205 672 1240 709 in
1268 668 1481 710 Melctiano
1505 670 1712 710 schismate

163 740 357 780 declarata
391 746 495 778 suut.

276 807 414 848 Redeo
435 807 506 846 iam
531 807 576 846 ad
604 807 766 856 Arium,
801 805 863 859 qui
890 805 1045 859 pessimi
1071 805 1272 846 daemonis
1298 807 1422 846 alllatu
1446 806 1526 860 pari
1554 806 1709 860 liuguae
1738 810 1817 854 Cap.
1839 812 1918 844 xit.

163 875 486 916 immoderatione
525 882 563 914 et
604 874 839 928 impudentia
876 887 918 913 os
955 887 1065 913 suum
1103 875 1292 914 adversus
1333 875 1527 914 dominum
1572 874 1712 913 efferre

165 958 242 984 non
269 943 472 983 dubitavit.
537 941 636 983 Cum
665 942 841 996 inprimis
879 941 1060 981 videlicet
1089 940 1312 982 Salomonis
1348 943 1450 982 illam
1485 942 1521 981 in
1553 955 1713 996 prover-

164 1012 238 1053 biis
270 1011 502 1053 sententiam
541 1009 789 1064 interpretari
829 1009 968 1049 vellet:
1016 1013 1196 1049 Dominus
1227 1014 1368 1049 creari!
1403 1026 1458 1049 me
1483 1014 1900 1062 principiumPrimam.

165 1085 308 1120 viarum
335 1093 512 1126 suarum,
559 1086 646 1117 (mle
675 1080 803 1116 secula
815 1079 1000 1130 filmlave't
1030 1093 1108 1126 me,
1157 1082 1194 1117 in
1217 1082 1324 1118 z'm'lz'o
1346 1087 1543 1131 antequam
1575 1086 1713 1117 terram

153 1151 319 1202 sac-eret,
355 1156 391 1186 el
411 1155 608 1199 antequam
634 1154 782 1185 crearet
805 1147 973 1197 abyssso&
1009 1155 1206 1199 autequam
1226 1150 1429 1199 prodirent
1442 1149 1575 1200 sontes
1598 1161 1714 1199 aqua-

164 1233 262 1265 rum,
288 1224 484 1268 ‹mleqzmm
505 1217 924 1267 montesfirmarentur,
953 1223 1040 1254 ante
1061 1231 1184 1255 omnes
1206 1218 1320 1255 colles
1339 1219 1475 1268 gennit
1496 1231 1564 1255 me.
1614 1214 1716 1255 Hinc

167 1285 314 1326 erroris
349 1283 407 1324 sui
444 1283 713 1324 introducendi
739 1283 986 1323 occasionem
1022 1291 1158 1324 nactus
1193 1291 1265 1325 est.
1329 1283 1417 1324 Nec
1441 1284 1546 1324 illum
1580 1284 1715 1324 eiusve

165 1353 376 1408 discipulos
400 1352 534 1407 puduit
555 1351 716 1391 verbum
742 1351 831 1391 illud
855 1352 954 1405 quod
982 1352 1110 1392 onmia
1133 1352 1296 1404 creavit,
1332 1353 1431 1407 quod
1459 1367 1478 1392 a
1501 1360 1609 1407 patre
1631 1353 1716 1392 sine

167 1429 342 1476 tempore
368 1421 556 1474 initioque
579 1419 751 1475 genitum
775 1427 857 1469 est,
893 1427 1111 1460 creaturam
1137 1420 1282 1461 dicere.
1333 1420 1420 1475 Qua
1443 1435 1494 1461 ex
1519 1435 1594 1461 una
1619 1434 1716 1461 voce

168 1490 352 1544 deinceps
376 1489 413 1529 in
444 1489 560 1529 multa
590 1503 634 1529 ae
662 1503 780 1542 prava
808 1502 985 1528 errorum
1013 1488 1240 1529 diverticula
1268 1490 1576 1530 consceleratam
1609 1502 1717 1529 meu—

166 1565 242 1599 tem
280 1558 515 1607 immittens,
560 1571 632 1597 nec
661 1559 743 1611 ipse
775 1557 912 1607 modo,
959 1557 1025 1596 sed
1068 1557 1152 1597 eius
1186 1565 1225 1597 et
1259 1558 1461 1598 doctrinae
1495 1565 1716 1598 sectatores

167 1626 337 1667 infinitas
362 1626 399 1666 in
425 1625 485 1665 dei
514 1625 631 1665 lilium
659 1639 704 1665 ac
731 1625 906 1679 spiritum
932 1632 1107 1665 sanetum
1137 1626 1394 1667 contumelias
1416 1627 1613 1667 coniicere
1640 1640 1716 1666 non

167 1694 406 1736 dubitarunt.
464 1692 590 1733 Porro
615 1693 728 1732 iidem
752 1693 803 1732 illi
829 1700 989 1733 sanctae
1016 1702 1053 1734 et
1075 1695 1318 1734 orthodoxae
1344 1694 1429 1735 {idei
1455 1702 1569 1749 atque
1595 1694 1719 1735 eccle-

167 1763 250 1804 siae
285 1763 503 1802 consertum
539 1762 658 1802 veluti
698 1761 853 1815 globum
895 1763 1221 1816 concordiamque
1257 1763 1487 1814 solverunt,
1535 1777 1610 1803 non
1644 1763 1719 1802 ulla

168 1831 322 1886 quidem
349 1831 520 1886 ipsorum
548 1830 583 1870 vi
612 1837 677 1869 aut
703 1830 918 1885 sapientia;
963 1830 1073 1885 pauci
1103 1831 1204 1871 enim
1239 1831 1285 1871 ab
1318 1831 1365 1871 iis
1403 1831 1549 1871 inducti
1573 1845 1618 1871 ac
1645 1830 1719 1870 cii·-

167 1899 363 1940 cumventi
387 1906 493 1939 sunt.
558 1896 636 1939 Sed
666 1898 839 1953 plerique
863 1906 927 1939 aut
952 1912 1021 1953 per
1045 1899 1332 1940 simulationem
1359 1899 1618 1954 obrepentes,
1653 1906 1718 1939 aut

167 1967 206 2008 vi
230 1968 380 2018 coacti,
416 1982 500 2008 eum
529 1967 643 2021 longe
669 1967 770 2007 aliud
795 1967 831 2006 iu
858 1967 986 2007 animo
1014 1969 1216 2019 soverent,
1250 1968 1381 2008 socios
1409 1982 1451 2009 se
1483 1968 1558 2008 illis
1583 1967 1719 2008 adiun—

167 2043 328 2077 xerunt.
391 2034 533 2090 Neque
558 2049 653 2075 vero
679 2035 713 2075 id
745 2035 900 2076 aliunde
926 2036 1172 2077 conciliatum
1200 2043 1284 2088 est,
1320 2037 1393 2077 nisi
1416 2037 1515 2091 quod
1552 2037 1596 2077 ad
1628 2036 1719 2076 lide-

170 2105 261 2146 lium
284 2104 555 2160 probationem
580 2104 615 2143 id
642 2118 662 2144 a
690 2103 762 2144 deo
789 2104 1019 2159 permissum
1043 2112 1118 2146 est.
1174 2105 1358 2145 Accessit
1383 2112 1421 2146 et
1443 2106 1720 2161 imperatorum

171 2174 307 2224 favor,
343 2172 452 2214 cuius
486 2173 634 2212 initium
669 2186 688 2211 a
713 2169 948 2213 Constantio
982 2174 1218 2228 imperatore
1254 2174 1469 2229 profectum
1503 2181 1576 2214 est.
1642 2170 1721 2226 Qui

170 2256 255 2283 eum
281 2242 423 2282 ceteris
450 2241 486 2281 in
510 2241 626 2281 rebus
649 2240 910 2295 perhumanus
935 2256 980 2282 ac
1002 2242 1128 2283 bouus
1154 2250 1274 2292 esset,
1310 2249 1442 2297 utpote
1465 2242 1594 2296 magni
1618 2241 1720 2281 illius

172 2317 211 2350 et
244 2311 282 2350 in
317 2311 420 2350 omni
450 2309 606 2349 virtutis
640 2323 786 2363 genere
817 2311 1001 2364 perfecti,
1037 2310 1290 2365 religiosique
1319 2309 1567 2352 Constantini
1602 2310 1718 2360 lilius,

172 2378 234 2433 qui
261 2378 453 2419 sinceram
482 2392 531 2417 ex
571 2377 699 2417 auimo
733 2378 843 2418 [idem
879 2386 1107 2419 constanter
1134 2379 1318 2419 retinuit:
1363 2379 1429 2420 sed
1459 2386 1497 2419 et
1524 2377 1721 2419 Constan-

172 2447 248 2487 tius
272 2447 354 2501 ipse
376 2447 461 2501 pins
485 2445 654 2500 alioquin
680 2460 725 2486 ac.
747 2446 874 2486 multis
904 2447 1108 2501 probitatis
1133 2448 1374 2487 ornamentis
1402 2447 1615 2502 praeditus,
1651 2448 1721 2488 hae

172 2529 249 2556 una
278 2529 320 2556 re
348 2514 545 2555 aberravit
570 2515 670 2568 quod
696 2528 772 2554 nou
794 2514 986 2569 impressa
1009 2530 1028 2555 a
1052 2523 1213 2571 parente
1246 2516 1331 2555 lidei
1368 2515 1532 2569 vestigia
1563 2523 1722 2556 secutus

174 2591 248 2624 est.
314 2582 428 2637 Quod
464 2583 587 2637 ipsum
616 2589 743 2622 tamen
772 2597 847 2622 nou
873 2583 975 2623 illius
998 2584 1106 2638 culpa
1137 2585 1300 2634 factum,
1346 2584 1412 2623 sed
1450 2584 1722 2624 nonnullorum

176 2651 334 2702 frande,
370 2651 432 2705 qui
459 2651 494 2690 in
522 2651 581 2690 die
607 2650 735 2690 iudicii
759 2651 950 2691 rationem
973 2652 1159 2692 reddituri
1187 2659 1300 2702 sunt3
1336 2653 1396 2706 qui
1422 2653 1553 2706 speeie
1577 2667 1622 2693 ac
1655 2667 1723 2693 uo·

174 2720 278 2760 mine
302 2727 413 2759 tenus
440 2719 610 2774 episcopi
636 2719 827 2759 sinceram
852 2720 910 2759 dei
939 2721 1049 2759 tidem
1076 2720 1375 2760 labefactarunt.
1417 2721 1453 2760 A
1476 2721 1615 2775 quibus
1636 2736 1724 2776 pro-

176 2788 236 2829 cul
261 2787 375 2828 dubio
402 2802 477 2827 nou
505 2787 624 2841 ipsius
656 2788 768 2826 modo
806 2788 891 2827 lidei
926 2788 1122 2828 reddenda
1157 2788 1257 2828 ratio
1289 2795 1371 2839 est,
1405 2789 1472 2829 sed
1498 2789 1725 2831 insectatio-

178 2871 266 2896 num
294 2857 484 2896 ecclesiae
508 2855 679 2895 omnium
706 2870 750 2895 ac
772 2862 964 2896 tantarum
990 2857 1249 2897 calamitatum
1274 2863 1311 2897 et
1335 2857 1524 2908 caedium,
1560 2872 1658 2912 quae
1686 2859 1723 2898 iu

221 2955 253 2990 4.
276 2957 528 3000 προςιλιὲέντες
539 2960 658 2990 volebat
673 2960 828 2991 Petet-ius.
853 2961 926 2991 Cor·
974 2966 1059 2991 sunt.

177 3006 287 3036 narius
308 3006 407 3043 vertit,
433 3003 527 3047 pauci
547 3003 633 3036 enim
649 3004 779 3036 invitati
796 3004 926 3048 decepti
1020 3006 1050 3037 ὑ.
1077 3006 1133 3038 τοῦ
1161 3015 1219 3038 om.
1243 3008 1273 3038 in
1292 3007 1339 3038 ed.
1364 3007 1472 3039 Petav.
1501 3007 1606 3039 Coton.
1632 3010 1725 3047 repet.
