2066 3319
503 185 684 218 PANARH
707 185 791 216 Lm.
810 185 851 216 n.
875 186 982 218 TOM.
1004 187 1028 217 1.
1053 186 1183 218 HAER.
1204 187 1324 218 wa.
1603 176 1684 216 239

149 266 215 306 illo
239 264 475 321 praedicari,
510 272 549 304 et
571 278 622 305 ex
648 265 709 305 illa
735 265 772 304 in
799 264 913 305 filium
944 267 1160 306 temeritate
1187 280 1403 320 cognoscas
1433 266 1548 306 etiam
1572 265 1684 320 spiri-

151 341 226 374 tum
259 340 432 373 sanctum
461 340 633 373 creatum
661 332 707 373 ab
736 333 871 373 eodem
902 334 1071 375 censeri.
1135 333 1330 388 Quocirca
1364 336 1546 389 psalmum
1579 333 1683 373 illum

150 402 196 442 ab
226 400 336 441 initio
367 408 611 456 repetemus,
647 402 882 456 totidemque
913 403 1044 444 verbis
1075 403 1213 457 quibus
1245 400 1440 456 Origenes
1472 401 1643 457 scripsit.

317 595 380 627 EX
406 595 614 627 ORIGENIS
642 596 978 629 COMMENTARHS
1005 597 1064 628 AD
1089 596 1304 628 PSALMUM
1330 596 1517 628 PRIMUM.

219 668 224 675 ¹
260 672 427 716 Clausas
462 675 761 730 obsignatasque
796 676 1008 730 scripturas
1042 689 1130 716 esse
1160 689 1294 715 sacras
1333 675 1461 715 divina
1495 682 1685 716 testantur
1711 674 1789 717 (3η)-
1812 676 1866 706 Vt.

149 743 326 793 oracula,
360 744 474 797 idque
503 742 664 783 Davidis
699 744 829 793 clave,
870 758 913 783 ac
946 744 1106 783 forsitan
1141 750 1179 783 et
1212 743 1363 797 sigillo,
1407 744 1452 783 de
1486 758 1559 797 quo
1591 745 1686 784 scri-

149 819 250 868 ptum
277 819 358 864 est,
391 815 537 864 Figura
558 815 684 864 seg-illi
700 815 881 851 sanctitas
905 815 1064 851 domina.
1131 810 1244 865 Quod
1271 812 1316 851 de
1339 811 1482 852 virtute
1506 812 1588 862 dei,
1624 813 1683 866 qui
1701 820 1887 855 Exod-28‚3fi.

149 894 193 921 ea
213 881 374 936 largitus
403 887 484 930 est,
519 881 681 935 intelligi
712 881 840 932 debet,
875 895 970 935 quae
994 880 1176 921 videlicet
1199 894 1266 934 per
1290 880 1456 933 sigillum
1482 880 1686 920 adumbra-

149 956 224 990 tur.
287 948 443 989 Etenim
479 949 630 989 clausas
668 955 782 1003 atque
821 948 1044 1003 obsignatas
1079 962 1166 988 esse
1205 948 1416 1003 scripturas
1450 946 1615 989 loannes
1648 949 1684 989 in

146 1017 386 1072 Apocalypsi
411 1016 581 1058 declarat
613 1017 670 1057 liis
696 1017 851 1058 verbis:
896 1020 947 1056 Et
976 1019 1111 1069 angelo
1144 1019 1341 1064 ecclesiae,
1376 1032 1470 1069 qaae
1498 1020 1686 1056 Pln'ladel-
1704 1027 1870 1062 Apoc.3‚·1.

142 1088 254 1137 pbiae
278 1094 356 1133 est,
390 1087 532 1133 scribe,
567 1089 668 1125 Haec
693 1089 786 1125 dicit
805 1094 958 1125 sanctas
984 1101 1112 1134 veras,
1148 1089 1216 1138 qm·
1244 1088 1354 1125 liabet
1386 1089 1524 1125 clavem
1548 1090 1681 1134 Dauid,

146 1157 213 1207 qai
229 1157 371 1207 aperit,
407 1161 443 1193 et
471 1169 574 1193 nemo
599 1157 771 1202 claudet,
807 1163 843 1193 et
867 1157 1031 1202 claudit,
1066 1162 1104 1193 ct
1126 1169 1229 1194 nemo
1262 1158 1426 1207 aperiet:
1459 1159 1549 1194 nori
1575 1170 1686 1208 opera

147 1231 225 1262 tua.-
254 1224 483 1276 potuisores
504 1238 628 1262 coram
653 1231 688 1262 te
710 1231 874 1275 apertas,
910 1238 1002 1275 qaas
1025 1238 1129 1262 nemo
1153 1225 1327 1262 claudere
1346 1231 1481 1275 potest.
1533 1223 1684 1264 Deinde

146 1291 259 1346 paulo
292 1298 399 1346 post:
443 1295 497 1330 Et
527 1295 606 1331 vidi
634 1295 685 1331 ad
714 1294 905 1331 dez-teram
932 1295 1094 1331 sedentis
1117 1295 1154 1331 in
1180 1295 1312 1331 throno
1341 1294 1475 1331 librum
1505 1296 1685 1345 scriptum
1706 1301 1796 1337 Apoc.
1816 1302 1841 1330 5
1866 1302 1891 1328 l.

145 1363 246 1399 z'litas
268 1368 305 1399 et
325 1375 348 1399 a
371 1368 498 1411 tergo,
534 1362 769 1412 obsegnatam
788 1363 997 1412 ‚signaculis
1020 1368 1170 1412 septem.
1235 1363 1288 1400 Et
1308 1364 1387 1400 vidi
1403 1364 1576 1413 angelum
1595 1377 1686 1414 pro-

145 1430 363 1468 clamantem
383 1443 469 1468 voce
487 1443 638 1480 magna,
676 1432 765 1479 (lais
784 1437 841 1467 est
859 1431 996 1479 dignas
1016 1432 1164 1480 aperire
1183 1430 1317 1468 libram
1338 1437 1374 1468 et
1395 1432 1538 1469 soluere
1556 1434 1685 1482 signa—

146 1500 231 1536 cula
255 1501 364 1536 eius?
421 1500 473 1536 Et
496 1512 599 1537 nemo
619 1505 774 1549 poterat
795 1500 831 1536 in
859 1499 959 1535 coelo
984 1512 1100 1549 neque
1125 1501 1162 1536 in
1187 1506 1290 1537 terra
1314 1513 1430 1550 neque
1457 1500 1585 1538 subter
1612 1507 1685 1538 ter-

146 1580 226 1605 ram
253 1569 401 1617 aperire
427 1567 583 1613 libram,
618 1580 685 1605 nec
716 1569 883 1617 aspicere
916 1568 1034 1604 illam.
1100 1569 1153 1604 Et
1172 1568 1339 1619 flebam,
1382 1570 1552 1619 qnoniam
1583 1582 1686 1606 neme

146 1637 283 1686 dignas
305 1637 474 1673 inventas
496 1642 553 1673 est
573 1637 720 1686 aperire
744 1635 877 1672 libram
890 1665 899 1681 ,
935 1649 1051 1686 neqae
1073 1638 1240 1686 aspicere
1265 1638 1383 1674 illam.
1448 1638 1482 1674 E
1485 1644 1498 1674 t
1526 1650 1620 1674 lmus
1643 1639 1687 1675 de

145 1703 355 1742 senioribus
381 1705 481 1742 deicit
505 1705 613 1750 milei,
648 1704 742 1741 Noli
758 1706 883 1756 flere:
928 1717 1011 1741 ecce
1036 1706 1127 1742 vicit
1150 1706 1204 1742 leo
1230 1706 1274 1742 de
1298 1705 1398 1742 triba
1422 1706 1538 1751 Iuda,
1573 1707 1687 1743 radelz·

144 1773 285 1819 David,
320 1774 467 1823 aperire
495 1772 651 1819 libram,
686 1780 722 1810 et
745 1779 880 1823 septem
910 1774 1109 1822 Signacala
1133 1775 1225 1811 eins.
1290 1770 1350 1812 De
1379 1772 1462 1811 sola
1493 1786 1587 1812 vera
1620 1772 1684 1811 ob·

147 1838 367 1893 signatione
392 1839 443 1879 ita
468 1839 637 1894 loquitur
661 1838 805 1880 lsaias:
839 1842 892 1879 Et
914 1848 1025 1879 ermzt
1047 1841 1148 1879 vobis
1172 1841 1283 1879 verba
1306 1843 1395 1880 lzaec
1419 1843 1554 1887 omnia,
1587 1844 1689 1879 sicat
1704 1849 1774 1878 lsai.
1785 1851 1829 1885 29,
1848 1852 1888 1879 11.

144 1923 331 1948 sermones
355 1909 448 1948 libri
465 1911 576 1948 lucius
599 1910 806 1961 obsignati,
842 1923 946 1960 quem
969 1911 1006 1948 si
1027 1911 1197 1948 dederint
1219 1911 1362 1948 bomini
1381 1913 1519 1949 scienti
1536 1912 1680 1958 literas,

145 1979 327 2025 dicentes,
362 1980 464 2029 Lege
483 1980 578 2025 ista,
613 1985 651 2017 et
669 1978 924 2030 respondebit,
958 1979 1043 2016 Non
1062 1992 1213 2030 possam
1242 1980 1384 2030 legere,
1419 1986 1477 2019 est
1502 1982 1597 2018 enim
1622 1980 1685 2018 ob-

144 2048 333 2098 signatas,
395 2049 447 2085 Et
475 2047 627 2085 dabitur
652 2048 746 2085 liber
769 2049 829 2085 liic
851 2050 889 2085 in
911 2061 1041 2085 manus
1064 2049 1222 2086 hominis
1247 2050 1445 2086 nescientes
1466 2049 1617 2096 literas‚·
1651 2055 1689 2086 et

144 2117 255 2162 dicet,
289 2116 425 2154 Nescio
449 2117 593 2154 literas.
658 2114 768 2155 Haec
790 2115 891 2155 enim
917 2129 993 2155 uon
1020 2115 1066 2155 ad
1090 2115 1356 2170 Apocalypsin
1381 2115 1506 2156 solum
1528 2114 1684 2156 loannis

145 2189 210 2222 aut
241 2180 366 2223 Isaiae
393 2182 577 2224 vaticinia
610 2184 806 2239 pertinere
838 2183 1047 2238 putandum
1075 2190 1159 2234 est,
1193 2184 1261 2224 sed
1294 2185 1340 2224 de
1373 2184 1556 2224 universa
1589 2184 1686 2225 scri-

145 2257 258 2305 ptura
285 2265 397 2292 sacra
419 2252 571 2307 penitus
595 2252 817 2307 accipienda
839 2258 943 2291 suut.
1007 2250 1120 2305 Quod
1151 2266 1246 2292 sane
1277 2253 1375 2307 apud
1406 2252 1492 2293 illos
1523 2253 1561 2292 in
1593 2267 1686 2293 con-

146 2319 252 2360 sesso
285 2327 346 2359 est
378 2322 441 2374 qui
466 2320 685 2361 divinarum
716 2320 911 2360 literarum
947 2320 1120 2361 notitiam
1148 2321 1210 2362 vel
1238 2321 1487 2361 mediocriter
1517 2321 1687 2360 assecuti

145 2394 250 2428 sunt.
313 2387 424 2442 Quae
447 2390 598 2443 quidem
620 2389 878 2443 aenigmatum
900 2389 1114 2430 involucris
1139 2403 1183 2429 ac
1205 2388 1413 2444 parabolis,
1450 2389 1687 2429 tenebrosis-

146 2469 220 2510 que
247 2457 493 2497 sermonibus
518 2471 562 2498 ac
587 2458 754 2498 diversis
783 2456 869 2497 aliis
901 2457 1150 2498 obscuritatis
1176 2457 1408 2512 generibus,
1443 2471 1540 2511 quae
1567 2456 1687 2497 homi-

146 2524 207 2565 nis
233 2524 391 2580 ingenio
416 2525 566 2566 difficile
595 2525 995 2581 comprehenduntur,
1028 2528 1199 2567 refertae
1229 2532 1334 2566 sunt.
1399 2524 1511 2578 Quod
1543 2532 1581 2565 et
1610 2525 1687 2566 sal-

146 2600 260 2634 vator
280 2596 488 2635 ostendere
514 2594 650 2635 volens
675 2594 822 2635 clavem
845 2595 943 2649 apud
967 2595 1116 2635 scribas
1140 2603 1179 2635 et
1196 2593 1435 2634 Pharisaeos
1460 2607 1546 2633 esse
1569 2594 1682 2645 dixit,

148 2661 209 2715 qni
238 2668 279 2702 ut
303 2662 403 2702 viam
429 2663 475 2703 ad
505 2663 755 2718 aperiendum
787 2663 1032 2715 invenirent,
1073 2663 1228 2703 minime
1256 2662 1553 2702 contenderent.
1614 2661 1682 2713 Et,

149 2732 222 2769 Vae
260 2732 382 2779 vobis,
427 2731 574 2785 inquit,
617 2735 884 2784 Legelsperitzs,
933 2735 1104 2784 qnoniam
1138 2733 1277 2770 tulistis
1315 2732 1452 2768 clavem
1486 2734 1676 2779 scientiae,
1699 2740 1827 2777 Luc.11‚
1844 2742 1888 2770 52.

146 2811 263 2851 neque
293 2802 369 2851 ipsi
395 2801 588 2848 intrastis,
624 2808 660 2839 et
689 2804 873 2840 intrantes
903 2815 975 2840 non
1002 2802 1220 2853 permittitis
1251 2801 1425 2850 ingredi!
1783 2803 1787 2807 '

191 2933 222 2966 2.
247 2935 333 2966 Libri
355 2936 466 2969 habent
488 2936 768 2980 πεπληρωμένοις.
