2066 3319
215 1479 301 1522 Κεφ.
327 1479 364 1513 ν’.

218 2031 284 2060 pag.
300 2022 358 2051 663.

392 228 473 269 482
955 234 1115 267 SANCTI
1140 236 1368 268 EPJPHANII

393 312 507 369 φόρῳ
536 312 681 362 ἔκτισε,
724 313 841 364 φησὶ,
873 312 991 368 ἑαυτῇ
1018 312 1083 352 καὶ
1110 310 1257 366 ἡ”’Υλη
1281 313 1408 354 πάντα
1429 312 1476 354 τοὶ
1499 312 1625 365 φυτά,
1664 314 1730 354 καὶ
1752 314 1921 366 συλωμέ-·

392 397 472 421 νων
491 384 571 420 τῶν
594 379 724 420 αὐτῶν
746 377 824 420 ὑπὸ
845 383 921 420 τῶν
945 377 1179 433 Ἀρχόντων,
1211 380 1385 422 ἐκάλεσεν
1409 378 1431 422 ὅ
1460 381 1578 436 μέγας
1592 379 1745 435 ’Ἄρχων
1773 379 1921 428 πάντας

390 446 483 496 τούς
504 445 718 501 ’Ἀρχοντας
756 447 823 488 καὶ
856 449 1115 501 πρωτίστους,
1155 449 1220 489 καὶ
1247 449 1380 501 ἔλαβεν
1411 446 1477 489 ἄπ’
1513 447 1642 490 αὐτῶν
1685 446 1791 489 3ἀνά
1829 450 1920 500 μίαν

390 514 580 568 δύναμιν,
609 516 675 556 καὶ
700 513 979 556 κατεσκεύασεν
999 513 1215 570 ἄνθρωπον
1231 514 1330 557 κατὰ
1349 514 1419 569 τήν
1441 517 1548 557 ἰδέαν
1576 521 1648 558 τοῦ
1672 515 1830 570 πρώτου
1853 512 1918 558 άν-

387 581 558 637 θρώπου
583 584 754 634 ἐκείνου,
795 583 862 624 καὶ
893 583 1094 635 έδέσμευσε
1124 582 1195 637 τὴν
1223 582 1356 637 ψυχὴν
1387 584 1428 625 έν
1452 581 1569 640 αὐτῷ.
1627 582 1740 637 Αὕτη
1764 584 1867 625 ἐστὶν
1894 579 1920 636 ἦ

388 655 457 704 τῆς
482 649 731 706 συγκράσεως
752 648 954 699 ὑπόθεσις.
1000 648 1091 692 ”Ὀτι
1110 652 1150 692 δὲ
1173 649 1268 704 εἶδε,
1301 652 1421 705 φησὶ,
1453 648 1475 692 ὁ
1499 650 1626 706 πατὴρ
1649 649 1671 693 ὁ
1689 656 1766 702 ζῶν
1783 653 1918 704 θλιβο·

391 720 491 772 μένη
505 717 577 771 τήν
602 717 735 772 ψυχήν
758 720 799 760 έν
820 722 874 776 τῷ
894 717 1052 772 σώματι.
1085 717 1365 774 Εὕσπλαγχνος
1386 718 1441 760 ‹Bv
1471 721 1538 761 καὶ
1561 718 1744 772 ἐλεήμων,
1766 721 1921 772 ἔπεμψε

388 786 456 829 τόν
488 785 576 828 υἷὸν
606 785 728 828 αὐτοῦ
766 785 835 828 τόν
870 785 1121 842 ’ἠγαπημένον
1158 789 1212 836 εἷς
1246 790 1435 843 σωτηρίαν
1464 791 1533 840 τῆς
1562 791 1708 840 ψυχῆς·
1746 786 1812 828 διὰ
1847 785 1918 842 γάρ

387 854 533 908 ταύτην
556 853 627 908 τὴν
653 853 856 910 πρόφασιν
885 856 952 896 καὶ
977 853 1048 908 τὴν
1069 859 1138 896 τοῦ
1162 854 1397 909 Ὡμοφόρου
1428 853 1669 896 ἀπεστάλθαι
1697 853 1817 896 αὐτὸν
1841 852 1918 906 φά-

387 939 480 966 σκει.
541 924 620 964 Καὶ
643 921 770 965 ἐλθών
797 921 821 964 ὁ
840 921 934 971 Υἱός
957 921 1268 976 μετεσχημάτισεν
1305 921 1442 964 ἑαυτὸν
1476 924 1531 971 εἰς
1555 921 1774 978 ἀνθρώπου
1803 920 1917 974 εἶδος,

386 994 455 1035 καὶ
477 993 656 1045 ε’φαίνετο
680 998 762 1040 τοῖς
787 989 1019 1046 ἀνθρώποις
1050 989 1102 1040 ώς
1124 990 1360 1047 ἅνθρωπος,
1390 991 1456 1032 καὶ
1483 992 1525 1032 οἱ
1546 989 1755 1045 ἅνθρωποι
1779 988 1919 1032 ὑπέλα-

385 1064 457 1115 βον
490 1058 610 1102 αὐτόν
641 1064 918 1116 γεγεννῆσθαι·
960 1058 1088 1100 ἐλθών
1119 1054 1212 1109 οὖν,
1252 1061 1318 1100 καὶ
1352 1058 1520 1112 ποιήσας
1561 1057 1630 1112 τήν
1664 1061 1919 1114 δημιουργίαν

385 1127 486 1184 πρὸς
509 1131 703 1184 σωτηρίαν
728 1132 806 1170 τῶν
830 1125 1077 1182 ἀνθρώπων,
1108 1126 1281 1180 μηχανὴν
1301 1125 1560 1179 συνεστήσατο
1582 1128 1747 1179 ἔχουσαν
1765 1127 1918 1169 δώδεκα

382 1196 550 1249 κάδους,
581 1195 666 1250 ἥτις
688 1194 766 1237 ὗπὸ
790 1199 859 1248 τῆς
879 1197 1047 1249 σφαίρας
1076 1196 1316 1250 στρεφομένη
1347 1193 1527 1247 άνιμᾶται
1559 1199 1638 1236 τῶν
1664 1193 1918 1248 θνησκόντων

382 1264 454 1314 τάς
482 1264 623 1318 ψυχάς.
685 1264 762 1304 Καὶ
794 1260 938 1310 ταύτας
967 1260 990 1303 ὁ
1019 1262 1137 1317 μέγας
1166 1260 1327 1317 φωστὴρ
1362 1268 1446 1310 ταῖς
1476 1260 1604 1304 άκτῖσι
1631 1261 1763 1315 λαβών
1791 1268 1918 1304 καθα-

388 1336 501 1387 ρίζει,
546 1332 612 1373 καὶ
644 1332 874 1384 μεταδίδωσι
903 1334 949 1387 τῇ
982 1328 1140 1387 σελήνη·
1182 1331 1250 1371 καὶ
1279 1329 1382 1371 οὕτω
1413 1334 1627 1384 πληροῦται
1657 1334 1727 1384 τῆς
1755 1329 1918 1385 σελήνης

387 1398 409 1442 ὁ
437 1403 573 1448 δίσκος
602 1396 626 1440 ὅ
655 1396 745 1455 παρ’
777 1396 871 1452 ἡμῖν
900 1396 1294 1453 προςαγορευόμενος.

502 1469 582 1509 Καὶ
612 1465 709 1523 ὁρᾷς
738 1466 842 1519 πόση
873 1464 1012 1507 τούτου
1041 1471 1112 1508 τοῦ
1141 1465 1284 1521 γόητος
1313 1475 1338 1520 η
1365 1466 1544 1520 ληρώδης
1573 1469 1742 1522 φλυαρία
1765 1468 1832 1509 καὶ
1852 1468 1916 1521 μέ-

381 1543 461 1591 θης
488 1535 617 1590 λήθη,
666 1534 721 1576 To}
754 1534 828 1591 γαρ
863 1532 927 1575 ὑπ’
956 1531 1077 1575 αὐτοῦ
1107 1533 1293 1590 λεγόμενα
1322 1536 1377 1583 εἰς
1405 1533 1536 1588 λήθην
1566 1537 1819 1588 μεταδίδωσι,
1847 1536 1915 1577 καὶ

382 1605 455 1648 ὅσα
485 1607 595 1647 δοκεῖ
619 1605 758 1659 λέγειν,
803 1601 1070 1656 μετασκευάζει
1107 1603 1174 1644 καὶ
1213 1601 1483 1654 α’νασκευάζει,
1527 1601 1573 1644 τά
1603 1605 1684 1645 ἴδια
1712 1602 1915 1645 καταλύων

381 1673 575 1730 δόγματα,
607 1671 736 1714 ἄλλοτε
760 1671 829 1725 μὲν
854 1669 976 1720 άλλως
1009 1671 1074 1712 καὶ
1098 1669 1219 1720 άλλως
1241 1670 1516 1726 διηγούμενος,
1548 1672 1614 1712 καὶ
1634 1669 1681 1713 τά
1705 1669 1844 1727 ὕστερα
1866 1669 1914 1713 τά

381 1748 518 1798 πρῶτα
547 1739 746 1791 καταλύει,
784 1741 850 1781 καὶ
881 1738 905 1780 ἃ
936 1740 976 1780 έν
1007 1737 1177 1794 πρώτοις
1205 1740 1427 1791 κατέλυσεν,
1465 1734 1586 1788 αὖθις
1614 1738 1730 1781 πάλιν
1759 1742 1910 1782 οἰκοδο.

381 1816 463 1864 μεῖ,
498 1815 512 1838 ¹
529 1808 582 1859 ὥς
609 1811 675 1850 ἵνα
706 1811 810 1865 δείξῃ
842 1807 902 1849 ὅτι
935 1805 1197 1859 20290'501121013
1223 1806 1271 1849 οὗ
1291 1809 1552 1862 καθέστηκεν,
1583 1806 1675 1850 ἄλλα
1697 1807 1775 1850 ὑπὸ
1797 1807 1913 1850 πνεύ-

381 1895 502 1932 ματος
533 1875 764 1932 ἀκαθάρτου
796 1874 1050 1929 ἐλαυνόμενος
1073 1874 1166 1917 ἄλλα
1186 1874 1261 1918 ἄντ’
1287 1875 1410 1918 ἄλλων
1434 1879 1641 1931 διηγεῖται,
1671 1875 1854 1932 καθάπερ
1876 1879 1917 1918 οἷ

381 1950 673 2002 φρενητιῶντες.
744 1946 835 1986 3Εἴ
865 1962 927 1986 τοι
958 1943 1029 1999 γαρ
1063 1943 1132 1998 τήν
1162 1948 1381 2000 παρουσίαν
1410 1946 1506 2000 λέγει
1536 1949 1605 1987 τοῦ
1634 1947 1774 2000 κυρίου
1802 1943 1913 1998 ἡμῶν

376 2012 504 2068 Ἰησοῦ
531 2018 724 2069 Χριστοῦ,
756 2012 848 2066 μετά
878 2011 998 2054 πολλοὶ
1029 2014 1093 2065 ἔτη
1124 2017 1193 2054 τοῦ
1223 2014 1404 2068 γενέσθαι
1432 2011 1525 2062 τούς
1555 2017 1764 2068 φωστῆρας
1790 2007 1912 2067 ἦλθεν

381 2080 408 2136 ἦ
431 2085 647 2138 παρουσία,
685 2083 749 2122 καὶ
783 2080 876 2134 μετα
899 2080 970 2135 τήν
999 2079 1090 2136 παρ’
1115 2079 1220 2138 αὐτῷ
1253 2080 1428 2135 μηχανὴν
1459 2082 1701 2134 καλουμένην
1729 2084 1807 2123 τῶν
1836 2079 1910 2122 δώ-

380 2153 473 2193 δεκα
494 2149 638 2192 κάδων.
698 2148 773 2191 Ἀεὶ
798 2149 870 2205 γάρ
900 2152 941 2192 ἐν
967 2149 1125 2207 οὐρανῷ
1159 2148 1325 2199 4ἒξότου
1356 2150 1486 2204 γέγονε
1508 2150 1683 2204 τυγχάνει
1706 2147 1752 2190 τοὶ
1775 2147 1909 2204 ἄστρα,

379 2219 469 2274 ἤτοι
502 2224 669 2272 στοιχεῖα
701 2215 798 2259 αὐτοὶ
830 2223 958 2260 καλεῖν
986 2217 1213 2271 βούλονται,
1253 2216 1340 2270 ’ἤτοι
1363 2216 1604 2271 διαστήματα
1633 2221 1704 2259 τοῦ
1734 2216 1909 2273 οὐρανοῦ

378 2289 445 2330 καὶ
475 2287 602 2342 μέτρα.
664 2286 831 2339 5”Ὀμως
852 2284 929 2327 άπὸ
959 2285 1140 2341 τετάρτης
1160 2284 1305 2341 ἡμέρας
1329 2291 1397 2338 τῆς
1423 2288 1682 2338 κοσμοποϊίας
1705 2284 1751 2327 τοὶ
1781 2284 1908 2328 πάντα

379 2360 505 2405 καλῶς
527 2356 722 2405 τέτακται,
754 2353 826 2396 οὐκ
852 2356 904 2403 εἷς
927 2353 1075 2408 βλάβην
1103 2359 1179 2396 τῶν
1207 2351 1286 2396 ’ὑπὸ
1316 2359 1415 2396 θεοῦ
1436 2355 1734 2409 κυριευομένων.
1793 2351 1842 2394 Ἡ
1865 2353 1908 2396 δὲ

380 2429 451 2466 τοῦ
475 2428 648 2480 Χριστοῦ
671 2425 863 2477 παρουσία
893 2423 934 2463 έν
963 2427 1017 2479 τῷ
1045 2421 1373 2480 πεντεκαιδεκάτῳ
1404 2424 1477 2464 ἔτει
1505 2425 1684 2477 Τιβερίου
1710 2424 1908 2477 Καίσαρος

379 2492 522 2548 ἤρξατο
553 2496 623 2535 τοῦ
652 2490 918 2546 κηρύγματος,
950 2489 1043 2543 μετά
1073 2490 1302 2546 τριακοστόν
1332 2492 1417 2540 ἔτος
1446 2495 1515 2544 τῆς
1536 2489 1656 2533 αὐτοῦ
1680 2489 1905 2546 γεννήσεως,

380 2560 476 2616 ὅπερ
507 2559 677 2614 κατήντα
715 2561 769 2608 εἰς
798 2558 1170 2612 πεντακισχιλιοστόν
1205 2557 1527 2601 πεντακοσιοστόν
1559 2559 1694 2600 ἔνατον
1723 2559 1808 2606 ἔτος
1837 2562 1907 2611 τῆς

378 2632 658 2682 κοσμοποϊίας,
688 2630 755 2670 καὶ
784 2625 1014 2683 τριακοστόν
1041 2631 1110 2680 τῆς
1141 2627 1263 2669 αὐτοῦ
1292 2626 1463 2681 ἡλικίας,
1505 2624 1732 2682 τριακοστόν
1760 2625 1802 2667 δὲ
1827 2628 1905 2681 τρί-

378 2714 444 2739 τον
482 2698 554 2746 ἕως
590 2701 660 2739 τοῦ
698 2701 877 2752 σταυροῦ.
949 2699 1045 2743 Πῶς
1081 2689 1153 2737 οὖν
1199 2694 1277 2738 άπὸ
1318 2694 1476 2750 πρώτης
1512 2699 1632 2736 ταῦτα
1669 2695 1711 2736 έν
1751 2691 1906 2750 οὐρανῷ

378 2763 543 2819 ὑπῆρχε,
588 2766 791 2820 φωστῆρές
819 2781 858 2805 τε
887 2765 951 2806 καὶ
983 2762 1120 2817 ἄστρα,-
1175 2765 1224 2804 Εἰ
1252 2764 1293 2805 δὲ
1321 2765 1438 2818 λέγει,
1483 2761 1569 2817 Πρὸ
1600 2760 1744 2803 τούτου
1774 2760 1904 2804 ἐλθών

378 2834 533 2887 ἐποίησε
562 2838 701 2884 ταῦτα,
731 2831 944 2882 οἷσύστατος
973 2830 1094 2874 αὐτοῦ
1126 2829 1149 2884 ἡ
1179 2835 1365 2886 φλυαρία·
1395 2832 1489 2886 πρὶν
1516 2829 1590 2886 γαρ
1618 2835 1688 2872 τοῦ
1717 2827 1815 2872 εἶναι
1837 2828 1902 2872 ἅν-

422 2959 453 2991 3.
478 2955 616 3002 ἀναμίαν
639 2962 706 2992 cod.
730 2962 858 3001 Rhediy.
1205 2957 1234 2990 2.
1261 2955 1314 2999 ἐφ’
1338 2956 1456 2991 ἑαυτοῦ
1478 2958 1620 2996 placebat
1643 2958 1781 2988 Pelavio.

424 3003 500 3037 CAp.
525 3005 560 3035 L.
586 3024 628 3029 —-
678 3007 704 3039 1.
733 3002 780 3044 ὠς
803 3007 966 3038 delendum
995 3005 1113 3037 iudica·
1203 3002 1235 3035 3.
1260 3002 1309 3037 Εἴ
1322 3015 1371 3037 τοι
1394 3004 1504 3043 scripsi
1523 3012 1581 3042 pro
1596 2997 1682 3044 ἤτοι,
1708 3003 1790 3042 quod
1810 3003 1901 3042 vulgo

376 3051 419 3081 vil
442 3051 595 3082 Pelavius.
1161 3051 1254 3081 extat.
