2066 3319
531 200 711 233 PANAan
735 201 818 233 Lm.
839 201 880 233 n.
905 202 1012 233 ToM.
1032 203 1056 233 1.
1080 202 1212 234 HAER.
1238 201 1327 233 Lux.
1628 191 1704 232 173

166 281 392 335 implerent,
426 282 537 319 Sicut
558 282 649 331 ego,
686 279 820 320 fierine
847 281 969 335 potuit
994 289 1034 321 ut
1059 290 1243 322 exsectus
1269 280 1478 335 quispiam,
1514 280 1588 320 nisi
1615 295 1706 320 con-

166 348 366 388 tinentiam
391 361 553 388 servare
574 355 729 402 posset,
766 362 929 388 uxorem
952 349 1138 390 duceret?
1200 347 1294 389 lllud
1319 363 1436 400 vero,
1475 351 1617 388 [sa-ores
1639 351 1706 387 dn-

164 424 264 464 cant,
296 424 334 455 et
351 431 424 455 non
448 424 623 463 urantur,
657 430 785 456 nonne
807 417 852 456 ad
877 417 1155 457 continentiam
1183 418 1394 472 pertinere,
1425 431 1499 457 non
1521 418 1565 457 ad
1588 432 1707 457 mem-

163 483 320 524 brorum
347 484 625 524 mutilationem
650 484 957 526 animadvertis?
1018 484 1167 538 Quodsi
1202 494 1359 540 propter
1384 500 1543 539 regnum
1578 487 1708 526 coelo-

164 567 248 593 rum
276 553 508 607 semetipsos
537 559 732 593 castrasse
764 567 807 593 se
839 554 1034 604 dixerint,
1069 554 1129 608 qui
1157 554 1310 593 tandem
1343 554 1388 592 ab
1419 555 1481 594 illa
1514 554 1707 594 sententia

163 634 374 661 secernere
399 635 488 661 sese
516 628 701 676 possunt,
737 635 833 675 quae
858 622 1064 662 nonnullos
1088 635 1175 661 csse
1200 621 1313 671 (licit,
1347 623 1476 673 qm‘ab
1501 624 1708 661 homiuibus

163 692 329 729 eunuc-Izi
351 692 460 743 sacti
485 698 586 729 suut.
653 687 752 730 Cum
789 689 890 729 enim
925 703 1013 729 sese
1046 688 1183 743 aliquis
1213 690 1292 729 suis
1319 689 1495 729 manibus
1528 698 1706 740 exsecat,

165 758 279 798 homo
306 757 436 812 ntique
460 766 540 807 est,
575 757 735 811 eiusque
767 757 943 797 manibus
969 758 1177 797 scelestum
1202 757 1292 797 illud
1319 758 1467 798 facinus
1499 759 1707 799 admissum

162 833 237 867 est.
301 824 372 868 Sin
402 826 466 866 ille
500 826 646 866 cladem
677 826 788 866 istam
816 841 884 866 sua
917 826 988 866 sibi
1021 840 1137 865 manu
1173 826 1420 866 consciscere
1454 841 1528 866 non
1562 834 1704 881 potest,

163 895 230 935 sed
252 895 298 935 ab
321 894 404 935 aliis
427 901 621 934 castratus
646 894 760 934 suerit
776 925 785 943 ,
820 908 896 934 non
920 894 994 934 iam
1018 894 1109 934 illud
1133 894 1316 934 coelestis
1341 895 1449 948 regni
1477 909 1614 935 caussa
1645 911 1709 950 pa-

163 962 301 1014 tietur,
336 977 383 1003 eo
413 963 512 1016 quod
542 963 624 1002 sive
652 976 720 1017 per
741 976 808 1012 se,
842 963 926 1003 sive
954 962 1116 1003 aliorum
1151 976 1267 1017 opera
1294 963 1367 1002 sibi
1392 964 1493 1003 istud
1520 963 1707 1014 intulerit,

162 1031 209 1072 ab
248 1031 465 1072 hominibus
504 1031 703 1071 eunuchus
746 1037 805 1070 est
845 1032 981 1072 factus.
1047 1028 1313 1084 Quamobrem
1348 1046 1519 1071 coronae
1559 1046 1627 1086 spe
1666 1047 1709 1071 ac

163 1100 323 1155 praemii
351 1103 424 1140 iste
448 1114 607 1154 prorsus
630 1099 800 1150 excidet,
835 1114 920 1140 cum
947 1099 1089 1139 nnllam
1117 1100 1279 1154 amplius
1304 1100 1469 1153 gratiam
1498 1108 1707 1149 mereatur,

163 1169 262 1223 quod
290 1168 336 1209 ab
360 1167 550 1208 eiusmodi
576 1168 784 1222 voluptatis
810 1182 880 1208 usu
904 1175 1109 1223 temperet,
1145 1169 1211 1208 sed
1239 1168 1325 1208 ideo
1352 1169 1442 1209 illud
1471 1183 1546 1209 non
1571 1170 1708 1224 possit,

164 1237 264 1291 quod
299 1237 534 1278 necessariis
562 1237 608 1277 ad
643 1251 727 1276 eam
759 1236 994 1277 functionem
1022 1236 1206 1277 membris
1237 1237 1287 1276 sit
1318 1237 1539 1278 destitutus.
1604 1237 1711 1292 Qum

164 1304 268 1345 circa
296 1320 364 1360 par
385 1306 563 1360 idemque
594 1306 640 1345 ‹le
671 1319 718 1345 eo
743 1305 923 1345 iudicium
949 1313 1008 1345 est
1031 1320 1076 1346 ac
1101 1307 1146 1346 de
1173 1305 1237 1345 illo
1262 1305 1324 1359 qui
1352 1306 1504 1360 aliquod
1534 1307 1709 1361 corporis

163 1373 377 1414 membrum
409 1374 587 1425 violarit,
623 1381 689 1414 aut
716 1373 880 1414 alienam
910 1375 1026 1415 vitem
1058 1373 1284 1415 succiderit.
1347 1373 1488 1429 Neque
1521 1376 1621 1415 enim
1657 1375 1712 1416 di—

164 1441 292 1483 vinam
319 1444 364 1483 ad
392 1443 630 1483 voluntatem
659 1443 815 1482 vivendi
848 1443 1036 1483 rationem
1070 1442 1260 1493 instituit,
1296 1443 1362 1483 sed
1390 1443 1515 1498 opifici
1541 1458 1611 1484 suo
1645 1445 1711 1484 do-

165 1511 347 1565 minoque
383 1511 454 1551 deo
488 1511 655 1565 maligne
684 1510 929 1566 repugnavit.
994 1508 1217 1564 Quinetiam
1249 1511 1533 1552 vehementiori
1567 1513 1711 1568 cupidi-

165 1586 244 1620 tate
279 1579 469 1633 flagrabit.
534 1578 690 1619 Etenim
728 1580 846 1634 spado
881 1594 957 1619 non
992 1593 1012 1618 a
1047 1593 1118 1619 sua
1152 1579 1360 1634 cupiditate
1388 1579 1608 1632 abstinere,
1643 1583 1710 1622 sed

165 1660 249 1687 eam
272 1647 460 1702 perficere
489 1662 564 1688 non
592 1661 732 1703 posse,
767 1663 788 1687 a
816 1646 1003 1702 Sapiente
1038 1648 1199 1688 dicitur:
1243 1652 1549 1700 Concupekeentia
1576 1653 1709 1702 spado-

163 1719 242 1763 nis,
277 1716 424 1770 inquit,
458 1717 710 1768 dem'rge‘tmbc‘t
730 1719 975 1756 iuvenculam.
1038 1714 1287 1771 Proindeqne
1310 1731 1332 1756 o
1357 1717 1556 1758 stultitiam
1582 1720 1711 1760 incre-

165 1784 344 1834 dibilem,
379 1785 486 1825 varie
519 1785 556 1824 in
590 1785 661 1824 lioc
694 1785 786 1825 orbe
820 1792 1010 1825 terrarum
1044 1786 1331 1840 excogitatam!

278 1853 410 1907 Atque
447 1853 541 1894 llaec
576 1861 665 1893 sunt
697 1867 792 1907 quae
827 1854 872 1894 de
900 1853 970 1894 hoc
1005 1854 1291 1894 haereticorum
1324 1868 1470 1909 genere
1503 1855 1710 1910 explorare

166 1921 373 1976 potuimus.
445 1920 506 1962 De
543 1922 681 1976 quibus
724 1936 809 1962 cum
851 1921 1026 1962 breviter
1064 1923 1303 1974 dixerimus,
1351 1924 1586 1977 eosdemque
1625 1939 1712 1965 esse

165 1989 409 2045 suspicemur
443 2004 540 2045 quos
568 1998 681 2031 antea
714 1990 1128 2043 commemoravimus,
1170 1992 1315 2032 relictis
1349 2006 1393 2032 ac
1429 2007 1515 2033 cum
1548 1993 1711 2034 ludibrio

165 2058 323 2099 reiectis
345 2058 419 2099 illis
442 2059 504 2113 qui
528 2058 746 2114 scorpionis
770 2059 895 2100 instar
917 2059 1030 2100 bifido
1054 2060 1189 2101 aculeo
1211 2062 1348 2101 armati
1371 2061 1604 2116 prodigiosis
1624 2063 1711 2102 bra-

166 2127 339 2168 chiorum
369 2127 579 2182 forcipibus
605 2128 680 2167 iam
706 2134 784 2168 tum
808 2127 994 2169 institutis
1021 2143 1042 2169 a
1063 2129 1236 2184 patribus
1263 2129 1364 2169 vitae
1397 2130 1613 2171 rationibus
1645 2131 1710 2171 ad-

165 2196 312 2237 versati
337 2204 452 2247 sunt,
486 2203 525 2236 et
548 2197 738 2236 adversus
766 2204 924 2238 sanctae
951 2198 1011 2237 dei
1038 2198 1228 2238 ecclesiae
1255 2199 1416 2239 formam
1444 2213 1489 2240 ac
1518 2199 1711 2253 praescri-

165 2272 271 2320 ptum
301 2264 467 2305 infestos
501 2265 659 2305 aculeos
695 2264 872 2319 erigunt,
906 2266 977 2317 iis,
1012 2267 1191 2322 inquam,
1226 2267 1388 2307 firmiter
1411 2268 1601 2321 impresso
1634 2267 1711 2307 cal-

165 2340 390 2384 ceamento,
424 2333 496 2373 lioc
524 2340 584 2373 est
610 2333 849 2374 sacrosancti
875 2335 1092 2389 evangelii,
1128 2342 1168 2375 ut
1189 2335 1376 2386 solemus,
1412 2349 1508 2376 voce
1536 2336 1708 2391 protritis

166 2409 205 2442 et
226 2403 332 2443 elisis
359 2402 403 2442 ad
429 2403 597 2456 reliquas
623 2402 807 2442 haereses
834 2403 1020 2444 translata
1052 2404 1229 2445 oratione
1257 2404 1316 2444 liic
1349 2404 1394 2444 de
1420 2404 1572 2445 illorum
1600 2404 1709 2445 stoli-

166 2471 285 2512 ditate
317 2470 536 2526 disputaudi
569 2471 682 2511 finem
715 2471 916 2512 faciamus.

560 2631 860 2682 CONTRA
898 2633 1321 2692 CATHAROS,

535 2713 732 2761 haeresis
780 2714 1025 2775 ΧΧΧΙΧ.,
1081 2715 1174 2763 sive
1223 2713 1348 2760 LIX.

279 2812 456 2856 Proximi
493 2815 538 2855 ab
571 2814 645 2855 illis
678 2812 840 2856 Catliari
879 2816 1032 2870 quidam
1068 2815 1197 2855 exorti
1231 2822 1343 2866 sunt,
1387 2828 1410 2855 a
1439 2813 1624 2867 Novato,
1667 2824 1707 2857 ut

169 2884 267 2923 fama
293 2882 529 2939 percrebuit.
576 2882 760 2925 Novatus
786 2898 902 2940 porro
924 2883 1075 2924 Romae
1102 2883 1385 2937 persecutionis
1408 2883 1511 2925 illius
1535 2892 1709 2940 tempore

213 2989 244 3017 δ.
273 2985 393 3027 πέρασι
416 2988 619 3018 emendarunt
645 2989 836 3026 Cornarius,
867 2989 920 3027 qui
966 2988 1000 3017 Β.
1018 2986 1181 3017 (eleterius
1195 2987 1276 3017 Eccl.
1290 2988 1344 3018 Gr.
1359 2988 1496 3020 Menum.
1514 2989 1569 3028 111,
1589 2999 1622 3028 p.
1635 2988 1709 3021 551.

171 3031 453 3070 „extremitatibus
478 3044 515 3064 ac
546 3031 670 3064 chelis⁴‘
704 3036 811 3072 vertit,
846 3036 871 3064 et
894 3034 918 3063 1.
966 3033 1050 3062 Libri
1073 3032 1182 3063 habent
1206 3031 1321 3074 τέρασι
1344 3034 1444 3073 vulyo.

1729 1661 1787 1689 Sir.
1809 1664 1850 1689 2‘1.
1873 1666 1896 1692 ⁴.

1733 2827 1799 2870 Cap
1837 2829 1859 2859 Ι.
