<?xml version="1.0" encoding="UTF-8"?>
<!DOCTYPE html PUBLIC "-//W3C//DTD XHTML 1.0 Transitional//EN"
    "http://www.w3.org/TR/xhtml1/DTD/xhtml1-transitional.dtd">
<html xmlns="http://www.w3.org/1999/xhtml" xml:lang="en" lang="en">
 <head>
  <title>
</title>
<meta http-equiv="Content-Type" content="text/html;charset=utf-8" />
  <meta name='ocr-system' content='tesseract 3.04.00' />
  <meta name='ocr-capabilities' content='ocr_page ocr_carea ocr_par ocr_line ocrx_word'/>
</head>
<body>
  <div class='ocr_page' id='page_1' title='image "./p2corporishaereseo02epipuoft/p2corporishaereseo02epipuoft_0325.png"; bbox 0 0 2066 3319; ppageno 0'>
   <div class='ocr_carea' id='block_1_1' title="bbox 471 193 1654 235">
    <p class='ocr_par' dir='ltr' id='par_1_1' title="bbox 471 193 1654 235">
     <span class='ocr_line' id='line_1_1' title="bbox 471 193 1654 235; baseline -0.003 0"><span class='ocrx_word' id='word_1_1' title='bbox 471 203 650 235; x_wconf 76' lang='lat' dir='ltr'>PANARH</span> <span class='ocrx_word' id='word_1_2' title='bbox 676 204 757 234; x_wconf 74' lang='lat' dir='ltr'>Lm.</span> <span class='ocrx_word' id='word_1_3' title='bbox 779 204 818 234; x_wconf 80' lang='lat' dir='ltr'>tt.</span> <span class='ocrx_word' id='word_1_4' title='bbox 846 204 951 235; x_wconf 79' lang='lat' dir='ltr'>ToM.</span> <span class='ocrx_word' id='word_1_5' title='bbox 975 205 994 235; x_wconf 81' lang='lat'>1.</span> <span class='ocrx_word' id='word_1_6' title='bbox 1021 204 1153 235; x_wconf 74' lang='lat' dir='ltr'><strong>HAEP..</strong></span> <span class='ocrx_word' id='word_1_7' title='bbox 1172 204 1289 235; x_wconf 78' lang='lat' dir='ltr'>LXIV.</span> <span class='ocrx_word' id='word_1_8' title='bbox 1575 193 1654 233; x_wconf 76' lang='lat'>303</span> 
     </span>
    </p>
   </div>
   <div class='ocr_carea' id='block_1_2' title="bbox 121 279 1659 473">
    <p class='ocr_par' dir='ltr' id='par_1_2' title="bbox 121 279 1659 473">
     <span class='ocr_line' id='line_1_2' title="bbox 121 279 1655 338; baseline -0.002 -15"><span class='ocrx_word' id='word_1_9' title='bbox 121 284 269 338; x_wconf 87' lang='lat' dir='ltr'>giorem</span> <span class='ocrx_word' id='word_1_10' title='bbox 305 296 415 336; x_wconf 91' lang='lat' dir='ltr'>quam</span> <span class='ocrx_word' id='word_1_11' title='bbox 449 282 634 322; x_wconf 85' lang='lat' dir='ltr'>hactenus</span> <span class='ocrx_word' id='word_1_12' title='bbox 671 296 890 322; x_wconf 87' lang='lat' dir='ltr'>sermonem</span> <span class='ocrx_word' id='word_1_13' title='bbox 929 284 973 322; x_wconf 87' lang='lat' dir='ltr'>ad</span> <span class='ocrx_word' id='word_1_14' title='bbox 1011 284 1281 337; x_wconf 77' lang='lat' dir='ltr'>expticandum</span> <span class='ocrx_word' id='word_1_15' title='bbox 1316 282 1491 335; x_wconf 80' lang='lat' dir='ltr'>requirit.</span> <span class='ocrx_word' id='word_1_16' title='bbox 1563 279 1655 320; x_wconf 90' lang='lat' dir='ltr'>Non</span> 
     </span>
     <span class='ocr_line' id='line_1_3' title="bbox 122 349 1659 404; baseline -0.002 -13"><span class='ocrx_word' id='word_1_17' title='bbox 122 351 222 391; x_wconf 88' lang='lat' dir='ltr'>enim</span> <span class='ocrx_word' id='word_1_18' title='bbox 245 351 283 390; x_wconf 86' lang='lat' dir='ltr'>in</span> <span class='ocrx_word' id='word_1_19' title='bbox 311 351 474 391; x_wconf 84' lang='lat' dir='ltr'>otiosam</span> <span class='ocrx_word' id='word_1_20' title='bbox 500 350 717 398; x_wconf 83' lang='lat' dir='ltr'>materiem,</span> <span class='ocrx_word' id='word_1_21' title='bbox 753 364 912 404; x_wconf 72' lang='lat' dir='ltr'>euinque</span> <span class='ocrx_word' id='word_1_22' title='bbox 935 366 1046 404; x_wconf 83' lang='lat' dir='ltr'>quam</span> <span class='ocrx_word' id='word_1_23' title='bbox 1072 359 1163 391; x_wconf 87' lang='lat' dir='ltr'>ante</span> <span class='ocrx_word' id='word_1_24' title='bbox 1188 351 1501 389; x_wconf 80' lang='lat' dir='ltr'>constitutionem</span> <span class='ocrx_word' id='word_1_25' title='bbox 1530 349 1659 388; x_wconf 86' lang='lat' dir='ltr'>habuit</span> 
     </span>
     <span class='ocr_line' id='line_1_4' title="bbox 121 418 1659 473; baseline -0.001 -14"><span class='ocrx_word' id='word_1_26' title='bbox 121 426 160 459; x_wconf 86' lang='lat' dir='ltr'>et</span> <span class='ocrx_word' id='word_1_27' title='bbox 186 420 222 459; x_wconf 91' lang='lat' dir='ltr'>in</span> <span class='ocrx_word' id='word_1_28' title='bbox 248 433 359 473; x_wconf 91' lang='lat' dir='ltr'>quam</span> <span class='ocrx_word' id='word_1_29' title='bbox 389 418 574 458; x_wconf 86' lang='lat' dir='ltr'>dissoluta</span> <span class='ocrx_word' id='word_1_30' title='bbox 600 419 738 467; x_wconf 81' lang='lat' dir='ltr'>suerit,</span> <span class='ocrx_word' id='word_1_31' title='bbox 775 432 899 471; x_wconf 88' lang='lat' dir='ltr'>neque</span> <span class='ocrx_word' id='word_1_32' title='bbox 929 419 963 458; x_wconf 88' lang='lat' dir='ltr'>in</span> <span class='ocrx_word' id='word_1_33' title='bbox 990 420 1205 459; x_wconf 84' lang='lat' dir='ltr'>absolutum</span> <span class='ocrx_word' id='word_1_34' title='bbox 1230 419 1424 457; x_wconf 89' lang='lat' dir='ltr'>interitum</span> <span class='ocrx_word' id='word_1_35' title='bbox 1453 433 1496 457; x_wconf 87' lang='lat' dir='ltr'>ac</span> <span class='ocrx_word' id='word_1_36' title='bbox 1525 431 1659 457; x_wconf 80' lang='lat' dir='ltr'>corru-</span> 
     </span>
    </p>
   </div>
   <div class='ocr_carea' id='block_1_3' title="bbox 122 487 1863 747">
    <p class='ocr_par' dir='ltr' id='par_1_3' title="bbox 122 487 1853 614">
     <span class='ocr_line' id='line_1_5' title="bbox 122 487 1799 554; baseline -0.002 -27"><span class='ocrx_word' id='word_1_37' title='bbox 122 487 318 541; x_wconf 87' lang='lat' dir='ltr'>ptionem,</span> <span class='ocrx_word' id='word_1_38' title='bbox 354 487 506 527; x_wconf 85' lang='lat' dir='ltr'>redacta</span> <span class='ocrx_word' id='word_1_39' title='bbox 541 487 777 526; x_wconf 72' lang='lat' dir='ltr'>universitas</span> <span class='ocrx_word' id='word_1_40' title='bbox 812 487 882 525; x_wconf 85' lang='lat' dir='ltr'>ista</span> <span class='ocrx_word' id='word_1_41' title='bbox 915 487 1201 526; x_wconf 72' lang='lat' dir='ltr'>rcl&#39;ornmbitur.</span> <span class='ocrx_word' id='word_1_42' title='bbox 1721 512 1799 554; x_wconf 74' lang='lat' dir='ltr'>Cap.</span> 
     </span>
     <span class='ocr_line' id='line_1_6' title="bbox 233 554 1853 614; baseline -0.002 -19"><span class='ocrx_word' id='word_1_43' title='bbox 233 556 289 595; x_wconf 78' lang='lat' dir='ltr'>At</span> <span class='ocrx_word' id='word_1_44' title='bbox 311 555 438 605; x_wconf 88' lang='lat' dir='ltr'>enim,</span> <span class='ocrx_word' id='word_1_45' title='bbox 472 554 655 593; x_wconf 90' lang='lat' dir='ltr'>obiicient</span> <span class='ocrx_word' id='word_1_46' title='bbox 681 555 918 603; x_wconf 79' lang='lat' dir='ltr'>adversarii,</span> <span class='ocrx_word' id='word_1_47' title='bbox 953 556 983 595; x_wconf 85' lang='lat' dir='ltr'>si</span> <span class='ocrx_word' id='word_1_48' title='bbox 1009 562 1128 594; x_wconf 88' lang='lat' dir='ltr'>totum</span> <span class='ocrx_word' id='word_1_49' title='bbox 1161 555 1231 592; x_wconf 87' lang='lat' dir='ltr'>hoc</span> <span class='ocrx_word' id='word_1_50' title='bbox 1267 554 1488 594; x_wconf 78' lang='lat' dir='ltr'>universnm</span> <span class='ocrx_word' id='word_1_51' title='bbox 1517 568 1659 608; x_wconf 84' lang='lat' dir='ltr'>nequa·</span> <span class='ocrx_word' id='word_1_52' title='bbox 1684 558 1853 614; x_wconf 80' lang='grc' dir='ltr'>ΧΧΧΙΧ.</span> 
     </span>
    </p>

    <p class='ocr_par' dir='ltr' id='par_1_4' title="bbox 122 604 1863 677">
     <span class='ocr_line' id='line_1_7' title="bbox 122 604 1863 677; baseline -0.001 -14"><span class='ocrx_word' id='word_1_53' title='bbox 122 637 232 677; x_wconf 87' lang='lat' dir='ltr'>quam</span> <span class='ocrx_word' id='word_1_54' title='bbox 257 630 413 677; x_wconf 83' lang='lat' dir='ltr'>pereat,</span> <span class='ocrx_word' id='word_1_55' title='bbox 446 623 637 676; x_wconf 89' lang='lat' dir='ltr'>quomodo</span> <span class='ocrx_word' id='word_1_56' title='bbox 665 626 804 661; x_wconf 73' lang='lat' dir='ltr'>eoelum</span> <span class='ocrx_word' id='word_1_57' title='bbox 833 638 877 661; x_wconf 80' lang='lat' dir='ltr'>ae</span> <span class='ocrx_word' id='word_1_58' title='bbox 902 631 1039 661; x_wconf 77' lang='lat' dir='ltr'>lem-am</span> <span class='ocrx_word' id='word_1_59' title='bbox 1065 625 1274 660; x_wconf 70' lang='lat' dir='ltr'>transitura</span> <span class='ocrx_word' id='word_1_60' title='bbox 1301 637 1378 659; x_wconf 69' lang='lat' dir='ltr'>esse</span> <span class='ocrx_word' id='word_1_61' title='bbox 1405 623 1581 662; x_wconf 86' lang='lat' dir='ltr'>dominus</span> <span class='ocrx_word' id='word_1_62' title='bbox 1603 623 1656 662; x_wconf 84' lang='lat' dir='ltr'>di-</span> <span class='ocrx_word' id='word_1_63' title='bbox 1679 604 1800 672; x_wconf 40' lang='lat' dir='ltr'>{ffiffi}</span> <span class='ocrx_word' id='word_1_64' title='bbox 1811 605 1863 644; x_wconf 61' lang='grc' dir='ltr'>Μ’)</span> 
     </span>
    </p>

    <p class='ocr_par' dir='ltr' id='par_1_5' title="bbox 122 682 1861 747">
     <span class='ocr_line' id='line_1_8' title="bbox 122 682 1861 747; baseline -0.002 -15"><span class='ocrx_word' id='word_1_65' title='bbox 122 692 198 732; x_wconf 79' lang='lat' dir='ltr'>cit?</span> <span class='ocrx_word' id='word_1_66' title='bbox 229 691 417 746; x_wconf 77' lang='lat' dir='ltr'>propheta</span> <span class='ocrx_word' id='word_1_67' title='bbox 442 704 536 731; x_wconf 79' lang='lat' dir='ltr'>vero</span> <span class='ocrx_word' id='word_1_68' title='bbox 559 693 698 729; x_wconf 78' lang='lat' dir='ltr'>coelum</span> <span class='ocrx_word' id='word_1_69' title='bbox 729 692 829 739; x_wconf 76' lang='lat' dir='ltr'>fami</span> <span class='ocrx_word' id='word_1_70' title='bbox 847 695 968 729; x_wconf 73' lang='lat' dir='ltr'>insan-</span> <span class='ocrx_word' id='word_1_71' title='bbox 998 705 1076 729; x_wconf 72' lang='lat' dir='ltr'>esse</span> <span class='ocrx_word' id='word_1_72' title='bbox 1103 693 1335 740; x_wconf 62' lang='lat' dir='ltr'>perflarunt,</span> <span class='ocrx_word' id='word_1_73' title='bbox 1372 698 1509 728; x_wconf 70' lang='lat' dir='ltr'>lez-ram</span> <span class='ocrx_word' id='word_1_74' title='bbox 1539 699 1658 729; x_wconf 71' lang='lat' dir='ltr'>(talem</span> <span class='ocrx_word' id='word_1_75' title='bbox 1679 682 1800 747; x_wconf 47' lang='grc' dir='ltr'><strong>ξιξῖῧ]</strong></span> <span class='ocrx_word' id='word_1_76' title='bbox 1821 716 1861 742; x_wconf 68' lang='lat'>27.</span> 
     </span>
    </p>
   </div>
   <div class='ocr_carea' id='block_1_4' title="bbox 121 750 1846 813">
    <p class='ocr_par' dir='ltr' id='par_1_6' title="bbox 121 750 1846 813">
     <span class='ocr_line' id='line_1_9' title="bbox 121 750 1846 813; baseline -0.001 -14"><span class='ocrx_word' id='word_1_77' title='bbox 121 763 232 813; x_wconf 59' lang='lat' dir='ltr'>qullSl&#39;</span> <span class='ocrx_word' id='word_1_78' title='bbox 257 763 508 799; x_wconf 69' lang='lat' dir='ltr'>vestimentum</span> <span class='ocrx_word' id='word_1_79' title='bbox 538 762 859 798; x_wconf 50' lang='grc' dir='ltr'>[ΙὶϋθΙέἾῪΙΙΙίΙΎΙΙΙῙΣ)</span> <span class='ocrx_word' id='word_1_80' title='bbox 920 757 997 798; x_wconf 68' lang='lat' dir='ltr'>sed</span> <span class='ocrx_word' id='word_1_81' title='bbox 1034 772 1104 798; x_wconf 82' lang='lat' dir='ltr'>nos</span> <span class='ocrx_word' id='word_1_82' title='bbox 1139 758 1237 797; x_wconf 77' lang='lat' dir='ltr'>illlth</span> <span class='ocrx_word' id='word_1_83' title='bbox 1269 757 1483 810; x_wconf 77' lang='lat' dir='ltr'>scripturae</span> <span class='ocrx_word' id='word_1_84' title='bbox 1517 773 1660 798; x_wconf 83' lang='lat' dir='ltr'>morem</span> <span class='ocrx_word' id='word_1_85' title='bbox 1682 750 1846 811; x_wconf 21' lang='lat' dir='ltr'>haiti-:31³5</span> 
     </span>
    </p>
   </div>
   <div class='ocr_carea' id='block_1_5' title="bbox 112 826 1869 2587">
    <p class='ocr_par' dir='ltr' id='par_1_7' title="bbox 112 826 1869 2521">
     <span class='ocr_line' id='line_1_10' title="bbox 122 826 1661 883; baseline -0.002 -15"><span class='ocrx_word' id='word_1_86' title='bbox 122 841 211 868; x_wconf 87' lang='lat' dir='ltr'>esse</span> <span class='ocrx_word' id='word_1_87' title='bbox 235 827 578 883; x_wconf 74' lang='lat' dir='ltr'><strong>respondebimus,</strong></span> <span class='ocrx_word' id='word_1_88' title='bbox 616 834 655 866; x_wconf 90' lang='lat' dir='ltr'>ut</span> <span class='ocrx_word' id='word_1_89' title='bbox 680 827 806 866; x_wconf 90' lang='lat' dir='ltr'>mundi</span> <span class='ocrx_word' id='word_1_90' title='bbox 836 826 1157 865; x_wconf 74' lang='lat' dir='ltr'>instaurationem</span> <span class='ocrx_word' id='word_1_91' title='bbox 1185 834 1297 878; x_wconf 75' lang='lat' dir='ltr'>atque</span> <span class='ocrx_word' id='word_1_92' title='bbox 1322 826 1358 864; x_wconf 91' lang='lat' dir='ltr'>in</span> <span class='ocrx_word' id='word_1_93' title='bbox 1389 826 1524 865; x_wconf 82' lang='lat' dir='ltr'>melius</span> <span class='ocrx_word' id='word_1_94' title='bbox 1553 840 1661 880; x_wconf 84' lang='lat' dir='ltr'>prae-</span> 
     </span>
     <span class='ocr_line' id='line_1_11' title="bbox 121 894 1661 950; baseline -0.003 -13"><span class='ocrx_word' id='word_1_95' title='bbox 121 896 363 950; x_wconf 79' lang='lat' dir='ltr'>stantiusque</span> <span class='ocrx_word' id='word_1_96' title='bbox 390 895 640 935; x_wconf 83' lang='lat' dir='ltr'>mutationem</span> <span class='ocrx_word' id='word_1_97' title='bbox 669 895 865 935; x_wconf 85' lang='lat' dir='ltr'>interitum</span> <span class='ocrx_word' id='word_1_98' title='bbox 898 895 1088 949; x_wconf 85' lang='lat' dir='ltr'>appellet,</span> <span class='ocrx_word' id='word_1_99' title='bbox 1125 901 1255 948; x_wconf 79' lang='lat' dir='ltr'>utpote</span> <span class='ocrx_word' id='word_1_100' title='bbox 1288 908 1371 932; x_wconf 90' lang='lat' dir='ltr'>sum</span> <span class='ocrx_word' id='word_1_101' title='bbox 1404 894 1508 947; x_wconf 89' lang='lat' dir='ltr'>prior</span> <span class='ocrx_word' id='word_1_102' title='bbox 1542 896 1661 934; x_wconf 73' lang='lat' dir='ltr'>forma</span> 
     </span>
     <span class='ocr_line' id='line_1_12' title="bbox 122 960 1664 1016; baseline -0.001 -12"><span class='ocrx_word' id='word_1_103' title='bbox 122 965 159 1004; x_wconf 85' lang='lat' dir='ltr'>in</span> <span class='ocrx_word' id='word_1_104' title='bbox 185 965 248 1004; x_wconf 82' lang='lat' dir='ltr'>itta</span> <span class='ocrx_word' id='word_1_105' title='bbox 273 964 538 1004; x_wconf 87' lang='lat' dir='ltr'>iucundiorem</span> <span class='ocrx_word' id='word_1_106' title='bbox 567 964 603 1002; x_wconf 90' lang='lat' dir='ltr'>in</span> <span class='ocrx_word' id='word_1_107' title='bbox 628 970 768 1003; x_wconf 87' lang='lat' dir='ltr'>statum</span> <span class='ocrx_word' id='word_1_108' title='bbox 795 963 1055 1002; x_wconf 69' lang='lat' dir='ltr'>comet-sione</span> <span class='ocrx_word' id='word_1_109' title='bbox 1077 970 1225 1016; x_wconf 83' lang='lat' dir='ltr'>pereat.</span> <span class='ocrx_word' id='word_1_110' title='bbox 1286 960 1394 1001; x_wconf 66' lang='lat' dir='ltr'>Nihil</span> <span class='ocrx_word' id='word_1_111' title='bbox 1417 962 1516 1002; x_wconf 86' lang='lat' dir='ltr'>enim</span> <span class='ocrx_word' id='word_1_112' title='bbox 1543 963 1578 1002; x_wconf 87' lang='lat' dir='ltr'>in</span> <span class='ocrx_word' id='word_1_113' title='bbox 1603 977 1664 1002; x_wconf 90' lang='lat' dir='ltr'>sa-</span> 
     </span>
     <span class='ocr_line' id='line_1_13' title="bbox 121 1032 1864 1081; baseline -0.003 -8"><span class='ocrx_word' id='word_1_114' title='bbox 121 1032 197 1073; x_wconf 89' lang='lat' dir='ltr'>cris</span> <span class='ocrx_word' id='word_1_115' title='bbox 224 1032 346 1072; x_wconf 83' lang='lat' dir='ltr'>literis</span> <span class='ocrx_word' id='word_1_116' title='bbox 370 1032 607 1071; x_wconf 84' lang='lat' dir='ltr'>contrarium</span> <span class='ocrx_word' id='word_1_117' title='bbox 634 1038 693 1070; x_wconf 85' lang='lat' dir='ltr'>est</span> <span class='ocrx_word' id='word_1_118' title='bbox 722 1039 759 1070; x_wconf 86' lang='lat' dir='ltr'>et</span> <span class='ocrx_word' id='word_1_119' title='bbox 782 1032 1007 1071; x_wconf 81' lang='lat' dir='ltr'>absurdum.</span> <span class='ocrx_word' id='word_1_120' title='bbox 1069 1034 1256 1069; x_wconf 70' lang='lat' dir='ltr'>Praeterit</span> <span class='ocrx_word' id='word_1_121' title='bbox 1278 1033 1371 1069; x_wconf 81' lang='lat' dir='ltr'>em&#39;m</span> <span class='ocrx_word' id='word_1_122' title='bbox 1387 1033 1525 1081; x_wconf 50' lang='lat' dir='ltr'>sigan-a</span> <span class='ocrx_word' id='word_1_123' title='bbox 1550 1033 1660 1069; x_wconf 73' lang='lat' dir='ltr'>lmz&#39;as</span> <span class='ocrx_word' id='word_1_124' title='bbox 1681 1038 1864 1066; x_wconf 66' lang='lat' dir='ltr'>1.C‹›r.7.:t‘..</span> 
     </span>
     <span class='ocr_line' id='line_1_14' title="bbox 121 1097 1663 1153; baseline -0.001 -13"><span class='ocrx_word' id='word_1_125' title='bbox 121 1104 260 1140; x_wconf 74' lang='lat' dir='ltr'><em>mundi.</em></span> <span class='ocrx_word' id='word_1_126' title='bbox 324 1098 415 1140; x_wconf 82' lang='lat' dir='ltr'>Non</span> <span class='ocrx_word' id='word_1_127' title='bbox 446 1101 626 1139; x_wconf 91' lang='lat' dir='ltr'>mundum</span> <span class='ocrx_word' id='word_1_128' title='bbox 655 1098 780 1153; x_wconf 86' lang='lat' dir='ltr'>ipsum</span> <span class='ocrx_word' id='word_1_129' title='bbox 813 1100 925 1139; x_wconf 81' lang='lat' dir='ltr'>dixit.</span> <span class='ocrx_word' id='word_1_130' title='bbox 988 1097 1055 1139; x_wconf 73' lang='lat' dir='ltr'>Sic</span> <span class='ocrx_word' id='word_1_131' title='bbox 1079 1098 1199 1152; x_wconf 81' lang='lat' dir='ltr'>igitur</span> <span class='ocrx_word' id='word_1_132' title='bbox 1225 1098 1427 1153; x_wconf 87' lang='lat' dir='ltr'>scripturis</span> <span class='ocrx_word' id='word_1_133' title='bbox 1455 1099 1663 1139; x_wconf 82' lang='lat' dir='ltr'>usitatissi-</span> 
     </span>
     <span class='ocr_line' id='line_1_15' title="bbox 121 1166 1665 1220; baseline -0.002 -11"><span class='ocrx_word' id='word_1_134' title='bbox 121 1184 222 1210; x_wconf 90' lang='lat' dir='ltr'>mum</span> <span class='ocrx_word' id='word_1_135' title='bbox 248 1176 331 1218; x_wconf 85' lang='lat' dir='ltr'>est,</span> <span class='ocrx_word' id='word_1_136' title='bbox 366 1168 633 1209; x_wconf 83' lang='lat' dir='ltr'>antecedentis</span> <span class='ocrx_word' id='word_1_137' title='bbox 670 1168 706 1206; x_wconf 90' lang='lat' dir='ltr'>in</span> <span class='ocrx_word' id='word_1_138' title='bbox 743 1168 779 1207; x_wconf 91' lang='lat' dir='ltr'>id</span> <span class='ocrx_word' id='word_1_139' title='bbox 812 1168 910 1220; x_wconf 80' lang='lat' dir='ltr'>quod</span> <span class='ocrx_word' id='word_1_140' title='bbox 942 1167 1078 1206; x_wconf 89' lang='lat' dir='ltr'>melius</span> <span class='ocrx_word' id='word_1_141' title='bbox 1108 1181 1151 1206; x_wconf 83' lang='lat' dir='ltr'>ac-</span> <span class='ocrx_word' id='word_1_142' title='bbox 1189 1166 1396 1206; x_wconf 82' lang='lat' dir='ltr'>t&#39;ormosius</span> <span class='ocrx_word' id='word_1_143' title='bbox 1429 1175 1488 1207; x_wconf 88' lang='lat' dir='ltr'>est</span> <span class='ocrx_word' id='word_1_144' title='bbox 1519 1168 1665 1220; x_wconf 77' lang='lat' dir='ltr'>figurae</span> 
     </span>
     <span class='ocr_line' id='line_1_16' title="bbox 122 1234 1666 1289; baseline -0.001 -11"><span class='ocrx_word' id='word_1_145' title='bbox 122 1237 462 1278; x_wconf 85' lang='lat' dir='ltr'>commutationem</span> <span class='ocrx_word' id='word_1_146' title='bbox 485 1235 683 1276; x_wconf 88' lang='lat' dir='ltr'>interitum</span> <span class='ocrx_word' id='word_1_147' title='bbox 710 1236 855 1275; x_wconf 87' lang='lat' dir='ltr'>dicere.</span> <span class='ocrx_word' id='word_1_148' title='bbox 919 1234 1087 1275; x_wconf 73' lang='lat' dir='ltr'>Perinde</span> <span class='ocrx_word' id='word_1_149' title='bbox 1118 1250 1162 1275; x_wconf 89' lang='lat' dir='ltr'>ac</span> <span class='ocrx_word' id='word_1_150' title='bbox 1187 1235 1219 1276; x_wconf 86' lang='lat' dir='ltr'>si</span> <span class='ocrx_word' id='word_1_151' title='bbox 1247 1235 1330 1289; x_wconf 89' lang='lat' dir='ltr'>quis</span> <span class='ocrx_word' id='word_1_152' title='bbox 1354 1235 1542 1276; x_wconf 68' lang='lat' dir='ltr'>infantilis</span> <span class='ocrx_word' id='word_1_153' title='bbox 1571 1237 1666 1289; x_wconf 79' lang='lat' dir='ltr'>{igu-</span> 
     </span>
     <span class='ocr_line' id='line_1_17' title="bbox 123 1304 1662 1360; baseline -0.001 -14"><span class='ocrx_word' id='word_1_154' title='bbox 123 1320 190 1346; x_wconf 86' lang='lat' dir='ltr'>rae</span> <span class='ocrx_word' id='word_1_155' title='bbox 214 1306 427 1360; x_wconf 75' lang='lat' dir='ltr'>perlectum</span> <span class='ocrx_word' id='word_1_156' title='bbox 453 1305 490 1344; x_wconf 91' lang='lat' dir='ltr'>in</span> <span class='ocrx_word' id='word_1_157' title='bbox 517 1304 642 1343; x_wconf 81' lang='lat' dir='ltr'>virum</span> <span class='ocrx_word' id='word_1_158' title='bbox 671 1304 873 1343; x_wconf 82' lang='lat' dir='ltr'>transitum</span> <span class='ocrx_word' id='word_1_159' title='bbox 904 1317 948 1343; x_wconf 82' lang='lat' dir='ltr'>ae</span> <span class='ocrx_word' id='word_1_160' title='bbox 972 1304 1221 1343; x_wconf 81' lang='lat' dir='ltr'>mutationem</span> <span class='ocrx_word' id='word_1_161' title='bbox 1252 1305 1449 1345; x_wconf 87' lang='lat' dir='ltr'>interitum</span> <span class='ocrx_word' id='word_1_162' title='bbox 1475 1304 1662 1354; x_wconf 88' lang='lat' dir='ltr'>nominet,</span> 
     </span>
     <span class='ocr_line' id='line_1_18' title="bbox 123 1372 1869 1426; baseline -0.002 -12"><span class='ocrx_word' id='word_1_163' title='bbox 123 1388 210 1414; x_wconf 90' lang='lat' dir='ltr'>cum</span> <span class='ocrx_word' id='word_1_164' title='bbox 234 1374 336 1414; x_wconf 88' lang='lat' dir='ltr'>illius</span> <span class='ocrx_word' id='word_1_165' title='bbox 356 1380 464 1414; x_wconf 86' lang='lat' dir='ltr'>aetas</span> <span class='ocrx_word' id='word_1_166' title='bbox 485 1374 530 1413; x_wconf 90' lang='lat' dir='ltr'>ad</span> <span class='ocrx_word' id='word_1_167' title='bbox 557 1372 860 1426; x_wconf 81' lang='lat' dir='ltr'>magnitudinem</span> <span class='ocrx_word' id='word_1_168' title='bbox 884 1372 1280 1426; x_wconf 79' lang='lat' dir='ltr'>pulchritudinemque</span> <span class='ocrx_word' id='word_1_169' title='bbox 1304 1373 1532 1413; x_wconf 87' lang='lat' dir='ltr'>traducitur.</span> <span class='ocrx_word' id='word_1_170' title='bbox 1576 1376 1869 1418; x_wconf 65' lang='lat' dir='ltr'>Cnm1.00r.13‚11.</span> 
     </span>
     <span class='ocr_line' id='line_1_19' title="bbox 123 1441 1664 1493; baseline -0.001 -12"><span class='ocrx_word' id='word_1_171' title='bbox 123 1445 219 1482; x_wconf 83' lang='lat' dir='ltr'>em&#39;m</span> <span class='ocrx_word' id='word_1_172' title='bbox 239 1456 351 1481; x_wconf 79' lang='lat' dir='ltr'>essem</span> <span class='ocrx_word' id='word_1_173' title='bbox 371 1443 577 1493; x_wconf 74' lang='lat' dir='ltr'>parvulus,</span> <span class='ocrx_word' id='word_1_174' title='bbox 614 1441 792 1492; x_wconf 73' lang='lat' dir='ltr'>loquebar</span> <span class='ocrx_word' id='word_1_175' title='bbox 816 1448 858 1478; x_wconf 76' lang='lat' dir='ltr'>ut</span> <span class='ocrx_word' id='word_1_176' title='bbox 874 1443 1072 1492; x_wconf 72' lang='lat' dir='ltr'>parvulas,</span> <span class='ocrx_word' id='word_1_177' title='bbox 1106 1442 1291 1492; x_wconf 74' lang='lat' dir='ltr'>sapiebam</span> <span class='ocrx_word' id='word_1_178' title='bbox 1316 1450 1356 1480; x_wconf 72' lang='lat' dir='ltr'>ut</span> <span class='ocrx_word' id='word_1_179' title='bbox 1373 1444 1569 1493; x_wconf 75' lang='lat' dir='ltr'>parvulas,</span> <span class='ocrx_word' id='word_1_180' title='bbox 1604 1457 1664 1480; x_wconf 81' lang='lat' dir='ltr'>eo-</span> 
     </span>
     <span class='ocr_line' id='line_1_20' title="bbox 119 1510 1666 1562; baseline -0.002 -12"><span class='ocrx_word' id='word_1_181' title='bbox 119 1512 287 1562; x_wconf 78' lang='lat' dir='ltr'>gitabam</span> <span class='ocrx_word' id='word_1_182' title='bbox 312 1518 354 1549; x_wconf 77' lang='lat' dir='ltr'>ut</span> <span class='ocrx_word' id='word_1_183' title='bbox 382 1511 586 1561; x_wconf 75' lang='lat' dir='ltr'>parvulus,</span> <span class='ocrx_word' id='word_1_184' title='bbox 624 1517 820 1560; x_wconf 74' lang='lat' dir='ltr'>postquam</span> <span class='ocrx_word' id='word_1_185' title='bbox 853 1517 972 1547; x_wconf 73' lang='lat' dir='ltr'>aulem</span> <span class='ocrx_word' id='word_1_186' title='bbox 998 1510 1124 1560; x_wconf 73' lang='lat' dir='ltr'>saclas</span> <span class='ocrx_word' id='word_1_187' title='bbox 1153 1524 1232 1548; x_wconf 78' lang='lat' dir='ltr'>sum</span> <span class='ocrx_word' id='word_1_188' title='bbox 1262 1513 1331 1557; x_wconf 71' lang='lat' dir='ltr'>vir,</span> <span class='ocrx_word' id='word_1_189' title='bbox 1366 1514 1546 1549; x_wconf 72' lang='lat' dir='ltr'>evacuavi</span> <span class='ocrx_word' id='word_1_190' title='bbox 1572 1525 1666 1562; x_wconf 78' lang='lat' dir='ltr'>quae</span> 
     </span>
     <span class='ocr_line' id='line_1_21' title="bbox 122 1576 1665 1631; baseline 0 -13"><span class='ocrx_word' id='word_1_191' title='bbox 122 1587 231 1618; x_wconf 77' lang='lat' dir='ltr'>erant</span> <span class='ocrx_word' id='word_1_192' title='bbox 247 1580 414 1631; x_wconf 73' lang='lat' dir='ltr'>parvuli.</span> <span class='ocrx_word' id='word_1_193' title='bbox 481 1576 530 1617; x_wconf 75' lang='lat' dir='ltr'>Et.</span> <span class='ocrx_word' id='word_1_194' title='bbox 555 1591 649 1616; x_wconf 77' lang='lat' dir='ltr'>vero</span> <span class='ocrx_word' id='word_1_195' title='bbox 678 1577 972 1631; x_wconf 76' lang='lat' dir='ltr'>perturbandam</span> <span class='ocrx_word' id='word_1_196' title='bbox 1007 1591 1094 1616; x_wconf 87' lang='lat' dir='ltr'>esse</span> <span class='ocrx_word' id='word_1_197' title='bbox 1122 1585 1364 1628; x_wconf 84' lang='lat' dir='ltr'>creaturam,</span> <span class='ocrx_word' id='word_1_198' title='bbox 1399 1579 1504 1618; x_wconf 84' lang='lat' dir='ltr'>velut</span> <span class='ocrx_word' id='word_1_199' title='bbox 1533 1579 1569 1617; x_wconf 90' lang='lat' dir='ltr'>in</span> <span class='ocrx_word' id='word_1_200' title='bbox 1602 1579 1665 1618; x_wconf 78' lang='lat' dir='ltr'>itta</span> 
     </span>
     <span class='ocr_line' id='line_1_22' title="bbox 126 1645 1665 1701; baseline 0 -15"><span class='ocrx_word' id='word_1_201' title='bbox 126 1647 430 1701; x_wconf 85' lang='lat' dir='ltr'>conflagratione</span> <span class='ocrx_word' id='word_1_202' title='bbox 455 1645 690 1700; x_wconf 85' lang='lat' dir='ltr'>perituram,</span> <span class='ocrx_word' id='word_1_203' title='bbox 725 1652 765 1684; x_wconf 82' lang='lat' dir='ltr'>ut</span> <span class='ocrx_word' id='word_1_204' title='bbox 790 1645 926 1684; x_wconf 82' lang='lat' dir='ltr'>iterum</span> <span class='ocrx_word' id='word_1_205' title='bbox 961 1652 1138 1695; x_wconf 79' lang='lat' dir='ltr'>creetur,</span> <span class='ocrx_word' id='word_1_206' title='bbox 1174 1660 1248 1686; x_wconf 91' lang='lat' dir='ltr'>non</span> <span class='ocrx_word' id='word_1_207' title='bbox 1274 1654 1402 1686; x_wconf 87' lang='lat' dir='ltr'>tamen</span> <span class='ocrx_word' id='word_1_208' title='bbox 1430 1647 1665 1700; x_wconf 81' lang='lat' dir='ltr'>extinguen-</span> 
     </span>
     <span class='ocr_line' id='line_1_23' title="bbox 127 1713 1666 1769; baseline -0.001 -14"><span class='ocrx_word' id='word_1_209' title='bbox 127 1716 211 1755; x_wconf 83' lang='lat' dir='ltr'>dam</span> <span class='ocrx_word' id='word_1_210' title='bbox 239 1729 352 1763; x_wconf 88' lang='lat' dir='ltr'>esse,</span> <span class='ocrx_word' id='word_1_211' title='bbox 388 1714 592 1769; x_wconf 88' lang='lat' dir='ltr'>putandum</span> <span class='ocrx_word' id='word_1_212' title='bbox 619 1720 701 1762; x_wconf 87' lang='lat' dir='ltr'>est,</span> <span class='ocrx_word' id='word_1_213' title='bbox 735 1719 776 1752; x_wconf 86' lang='lat' dir='ltr'>ut</span> <span class='ocrx_word' id='word_1_214' title='bbox 803 1713 1018 1753; x_wconf 88' lang='lat' dir='ltr'>instaurato</span> <span class='ocrx_word' id='word_1_215' title='bbox 1040 1715 1181 1753; x_wconf 89' lang='lat' dir='ltr'>mundo</span> <span class='ocrx_word' id='word_1_216' title='bbox 1207 1715 1359 1768; x_wconf 84' lang='lat' dir='ltr'>ipsimet</span> <span class='ocrx_word' id='word_1_217' title='bbox 1388 1715 1591 1754; x_wconf 85' lang='lat' dir='ltr'>instaurati</span> <span class='ocrx_word' id='word_1_218' title='bbox 1622 1729 1666 1754; x_wconf 90' lang='lat' dir='ltr'>ac</span> 
     </span>
     <span class='ocr_line' id='line_1_24' title="bbox 127 1780 1666 1837; baseline 0 -15"><span class='ocrx_word' id='word_1_219' title='bbox 127 1782 271 1823; x_wconf 90' lang='lat' dir='ltr'>doloris</span> <span class='ocrx_word' id='word_1_220' title='bbox 297 1790 481 1837; x_wconf 81' lang='lat' dir='ltr'>expertes</span> <span class='ocrx_word' id='word_1_221' title='bbox 506 1782 746 1830; x_wconf 68' lang='lat' dir='ltr'>habitemus,</span> <span class='ocrx_word' id='word_1_222' title='bbox 782 1782 1099 1834; x_wconf 82' lang='lat' dir='ltr'>quemadmodum</span> <span class='ocrx_word' id='word_1_223' title='bbox 1126 1782 1163 1821; x_wconf 91' lang='lat' dir='ltr'>in</span> <span class='ocrx_word' id='word_1_224' title='bbox 1185 1783 1398 1822; x_wconf 80' lang='lat' dir='ltr'>centesimo</span> <span class='ocrx_word' id='word_1_225' title='bbox 1424 1782 1537 1822; x_wconf 89' lang='lat' dir='ltr'>tertio</span> <span class='ocrx_word' id='word_1_226' title='bbox 1559 1780 1666 1822; x_wconf 79' lang='lat' dir='ltr'>Psal-</span> 
     </span>
     <span class='ocr_line' id='line_1_25' title="bbox 127 1851 1868 1906; baseline 0.001 -15"><span class='ocrx_word' id='word_1_227' title='bbox 127 1866 188 1892; x_wconf 90' lang='lat' dir='ltr'>mo</span> <span class='ocrx_word' id='word_1_228' title='bbox 214 1851 405 1906; x_wconf 81' lang='lat' dir='ltr'>proditum</span> <span class='ocrx_word' id='word_1_229' title='bbox 431 1860 513 1890; x_wconf 85' lang='lat' dir='ltr'>est:</span> <span class='ocrx_word' id='word_1_230' title='bbox 548 1853 706 1888; x_wconf 78' lang='lat' dir='ltr'>Eme&#39;lles</span> <span class='ocrx_word' id='word_1_231' title='bbox 726 1853 898 1901; x_wconf 71' lang='lat' dir='ltr'>spiritum</span> <span class='ocrx_word' id='word_1_232' title='bbox 925 1857 1047 1897; x_wconf 74' lang='lat' dir='ltr'>laum,</span> <span class='ocrx_word' id='word_1_233' title='bbox 1083 1859 1118 1888; x_wconf 75' lang='lat' dir='ltr'>el</span> <span class='ocrx_word' id='word_1_234' title='bbox 1135 1852 1376 1898; x_wconf 71' lang='lat' dir='ltr'>creabuntur,</span> <span class='ocrx_word' id='word_1_235' title='bbox 1412 1859 1449 1890; x_wconf 78' lang='lat' dir='ltr'>et</span> <span class='ocrx_word' id='word_1_236' title='bbox 1469 1852 1663 1889; x_wconf 77' lang='lat' dir='ltr'>renovabis</span> <span class='ocrx_word' id='word_1_237' title='bbox 1678 1863 1725 1892; x_wconf 79' lang='lat' dir='ltr'>Ps.</span> <span class='ocrx_word' id='word_1_238' title='bbox 1748 1865 1806 1899; x_wconf 84' lang='lat'>103,</span> <span class='ocrx_word' id='word_1_239' title='bbox 1826 1868 1868 1894; x_wconf 85' lang='lat'>30.</span> 
     </span>
     <span class='ocr_line' id='line_1_26' title="bbox 112 1917 1664 1974; baseline -0.001 -15"><span class='ocrx_word' id='word_1_240' title='bbox 112 1922 258 1973; x_wconf 85' lang='lat' dir='ltr'>faciem</span> <span class='ocrx_word' id='word_1_241' title='bbox 292 1927 427 1959; x_wconf 74' lang='lat' dir='ltr'>terrae.</span> <span class='ocrx_word' id='word_1_242' title='bbox 494 1917 606 1971; x_wconf 82' lang='lat' dir='ltr'>Quod</span> <span class='ocrx_word' id='word_1_243' title='bbox 647 1917 823 1957; x_wconf 88' lang='lat' dir='ltr'>nimirum</span> <span class='ocrx_word' id='word_1_244' title='bbox 865 1919 1097 1958; x_wconf 83' lang='lat' dir='ltr'>ambientem</span> <span class='ocrx_word' id='word_1_245' title='bbox 1134 1924 1264 1959; x_wconf 75' lang='lat' dir='ltr'>ae&#39;rem</span> <span class='ocrx_word' id='word_1_246' title='bbox 1303 1919 1664 1974; x_wconf 75' lang='lat' dir='ltr'>temperatissimum</span> 
     </span>
     <span class='ocr_line' id='line_1_27' title="bbox 126 1984 1666 2043; baseline -0.001 -14"><span class='ocrx_word' id='word_1_247' title='bbox 126 1989 307 2043; x_wconf 86' lang='lat' dir='ltr'>deinceps</span> <span class='ocrx_word' id='word_1_248' title='bbox 339 1989 509 2027; x_wconf 79' lang='lat' dir='ltr'>facturus</span> <span class='ocrx_word' id='word_1_249' title='bbox 535 1987 585 2025; x_wconf 82' lang='lat' dir='ltr'>sit</span> <span class='ocrx_word' id='word_1_250' title='bbox 614 1986 722 2026; x_wconf 84' lang='lat' dir='ltr'>deus.</span> <span class='ocrx_word' id='word_1_251' title='bbox 786 1984 884 2027; x_wconf 87' lang='lat' dir='ltr'>Cum</span> <span class='ocrx_word' id='word_1_252' title='bbox 910 1987 1010 2026; x_wconf 86' lang='lat' dir='ltr'>enim</span> <span class='ocrx_word' id='word_1_253' title='bbox 1040 1995 1125 2041; x_wconf 90' lang='lat' dir='ltr'>post</span> <span class='ocrx_word' id='word_1_254' title='bbox 1155 1988 1301 2028; x_wconf 85' lang='lat' dir='ltr'>saeculi</span> <span class='ocrx_word' id='word_1_255' title='bbox 1333 1988 1548 2043; x_wconf 85' lang='lat' dir='ltr'>praesentis</span> <span class='ocrx_word' id='word_1_256' title='bbox 1581 1988 1666 2027; x_wconf 79' lang='lat' dir='ltr'>exi-</span> 
     </span>
     <span class='ocr_line' id='line_1_28' title="bbox 126 2055 1665 2111; baseline -0.001 -15"><span class='ocrx_word' id='word_1_257' title='bbox 126 2064 205 2096; x_wconf 90' lang='lat' dir='ltr'>tum</span> <span class='ocrx_word' id='word_1_258' title='bbox 227 2056 349 2096; x_wconf 82' lang='lat' dir='ltr'>adhuc</span> <span class='ocrx_word' id='word_1_259' title='bbox 373 2063 477 2095; x_wconf 84' lang='lat' dir='ltr'>terra</span> <span class='ocrx_word' id='word_1_260' title='bbox 501 2062 795 2108; x_wconf 82' lang='lat' dir='ltr'>perseveratura</span> <span class='ocrx_word' id='word_1_261' title='bbox 821 2055 894 2104; x_wconf 89' lang='lat' dir='ltr'>sit,</span> <span class='ocrx_word' id='word_1_262' title='bbox 931 2055 1167 2096; x_wconf 86' lang='lat' dir='ltr'>habitatores</span> <span class='ocrx_word' id='word_1_263' title='bbox 1192 2056 1228 2096; x_wconf 87' lang='lat' dir='ltr'>in</span> <span class='ocrx_word' id='word_1_264' title='bbox 1252 2071 1297 2096; x_wconf 88' lang='lat' dir='ltr'>ea</span> <span class='ocrx_word' id='word_1_265' title='bbox 1325 2057 1507 2111; x_wconf 84' lang='lat' dir='ltr'>quosdam</span> <span class='ocrx_word' id='word_1_266' title='bbox 1533 2057 1665 2096; x_wconf 87' lang='lat' dir='ltr'>inesse</span> 
     </span>
     <span class='ocr_line' id='line_1_29' title="bbox 125 2123 1665 2180; baseline -0.001 -15"><span class='ocrx_word' id='word_1_267' title='bbox 125 2138 290 2165; x_wconf 82' lang='lat' dir='ltr'>necesse</span> <span class='ocrx_word' id='word_1_268' title='bbox 314 2131 395 2174; x_wconf 87' lang='lat' dir='ltr'>est,</span> <span class='ocrx_word' id='word_1_269' title='bbox 431 2123 492 2177; x_wconf 87' lang='lat' dir='ltr'>qui</span> <span class='ocrx_word' id='word_1_270' title='bbox 517 2137 587 2162; x_wconf 88' lang='lat' dir='ltr'>nec</span> <span class='ocrx_word' id='word_1_271' title='bbox 614 2123 789 2163; x_wconf 88' lang='lat' dir='ltr'>morituri</span> <span class='ocrx_word' id='word_1_272' title='bbox 813 2130 903 2163; x_wconf 88' lang='lat' dir='ltr'>sunt</span> <span class='ocrx_word' id='word_1_273' title='bbox 928 2124 1114 2178; x_wconf 76' lang='lat' dir='ltr'>ampliuS,</span> <span class='ocrx_word' id='word_1_274' title='bbox 1151 2138 1274 2178; x_wconf 85' lang='lat' dir='ltr'>neque</span> <span class='ocrx_word' id='word_1_275' title='bbox 1299 2125 1500 2180; x_wconf 84' lang='lat' dir='ltr'>copulandi</span> <span class='ocrx_word' id='word_1_276' title='bbox 1525 2124 1665 2178; x_wconf 87' lang='lat' dir='ltr'>nuptiis</span> 
     </span>
     <span class='ocr_line' id='line_1_30' title="bbox 126 2191 1664 2248; baseline -0.002 -15"><span class='ocrx_word' id='word_1_277' title='bbox 126 2199 192 2233; x_wconf 88' lang='lat' dir='ltr'>aut</span> <span class='ocrx_word' id='word_1_278' title='bbox 216 2193 479 2248; x_wconf 84' lang='lat' dir='ltr'>procreandae</span> <span class='ocrx_word' id='word_1_279' title='bbox 504 2191 627 2231; x_wconf 89' lang='lat' dir='ltr'>soboli</span> <span class='ocrx_word' id='word_1_280' title='bbox 653 2205 808 2245; x_wconf 85' lang='lat' dir='ltr'>operam</span> <span class='ocrx_word' id='word_1_281' title='bbox 833 2192 975 2241; x_wconf 85' lang='lat' dir='ltr'>daturi,</span> <span class='ocrx_word' id='word_1_282' title='bbox 1009 2193 1075 2232; x_wconf 87' lang='lat' dir='ltr'>sed</span> <span class='ocrx_word' id='word_1_283' title='bbox 1101 2194 1324 2247; x_wconf 79' lang='lat' dir='ltr'>angelorum</span> <span class='ocrx_word' id='word_1_284' title='bbox 1351 2206 1457 2232; x_wconf 86' lang='lat' dir='ltr'>more</span> <span class='ocrx_word' id='word_1_285' title='bbox 1481 2193 1565 2232; x_wconf 85' lang='lat' dir='ltr'>siue</span> <span class='ocrx_word' id='word_1_286' title='bbox 1592 2193 1664 2232; x_wconf 86' lang='lat' dir='ltr'>ulla</span> 
     </span>
     <span class='ocr_line' id='line_1_31' title="bbox 126 2258 1666 2315; baseline -0.002 -13"><span class='ocrx_word' id='word_1_287' title='bbox 126 2261 341 2302; x_wconf 86' lang='lat' dir='ltr'>mutatione</span> <span class='ocrx_word' id='word_1_288' title='bbox 365 2261 400 2300; x_wconf 88' lang='lat' dir='ltr'>in</span> <span class='ocrx_word' id='word_1_289' title='bbox 426 2259 724 2299; x_wconf 79' lang='lat' dir='ltr'>immortalitatis</span> <span class='ocrx_word' id='word_1_290' title='bbox 749 2267 853 2299; x_wconf 75' lang='lat' dir='ltr'>statu</span> <span class='ocrx_word' id='word_1_291' title='bbox 879 2259 1019 2314; x_wconf 86' lang='lat' dir='ltr'>optima</span> <span class='ocrx_word' id='word_1_292' title='bbox 1044 2261 1121 2301; x_wconf 85' lang='lat' dir='ltr'>sint</span> <span class='ocrx_word' id='word_1_293' title='bbox 1153 2276 1325 2315; x_wconf 83' lang='lat' dir='ltr'>quaeque</span> <span class='ocrx_word' id='word_1_294' title='bbox 1352 2260 1504 2301; x_wconf 74' lang='lat' dir='ltr'>facturi.</span> <span class='ocrx_word' id='word_1_295' title='bbox 1567 2258 1666 2300; x_wconf 87' lang='lat' dir='ltr'>Pro-</span> 
     </span>
     <span class='ocr_line' id='line_1_32' title="bbox 125 2328 1665 2384; baseline 0 -15"><span class='ocrx_word' id='word_1_296' title='bbox 125 2330 290 2384; x_wconf 89' lang='lat' dir='ltr'>indeque</span> <span class='ocrx_word' id='word_1_297' title='bbox 314 2329 469 2369; x_wconf 86' lang='lat' dir='ltr'>stultum</span> <span class='ocrx_word' id='word_1_298' title='bbox 498 2335 557 2368; x_wconf 84' lang='lat' dir='ltr'>est</span> <span class='ocrx_word' id='word_1_299' title='bbox 589 2342 750 2381; x_wconf 89' lang='lat' dir='ltr'>quanam</span> <span class='ocrx_word' id='word_1_300' title='bbox 784 2328 886 2367; x_wconf 77' lang='lat' dir='ltr'>vitae</span> <span class='ocrx_word' id='word_1_301' title='bbox 915 2329 1065 2369; x_wconf 88' lang='lat' dir='ltr'>ratione</span> <span class='ocrx_word' id='word_1_302' title='bbox 1097 2344 1212 2370; x_wconf 92' lang='lat' dir='ltr'>usura</span> <span class='ocrx_word' id='word_1_303' title='bbox 1246 2331 1324 2370; x_wconf 88' lang='lat' dir='ltr'>sint</span> <span class='ocrx_word' id='word_1_304' title='bbox 1355 2343 1515 2383; x_wconf 89' lang='lat' dir='ltr'>corpora</span> <span class='ocrx_word' id='word_1_305' title='bbox 1548 2343 1665 2382; x_wconf 83' lang='lat' dir='ltr'>quae-</span> 
     </span>
     <span class='ocr_line' id='line_1_33' title="bbox 126 2397 1665 2452; baseline -0.001 -14"><span class='ocrx_word' id='word_1_306' title='bbox 126 2411 237 2449; x_wconf 86' lang='lat' dir='ltr'>rere,</span> <span class='ocrx_word' id='word_1_307' title='bbox 272 2398 303 2437; x_wconf 88' lang='lat' dir='ltr'>si</span> <span class='ocrx_word' id='word_1_308' title='bbox 332 2410 402 2437; x_wconf 89' lang='lat' dir='ltr'>nec</span> <span class='ocrx_word' id='word_1_309' title='bbox 433 2401 522 2446; x_wconf 74' lang='lat' dir='ltr'>a&#39;er,</span> <span class='ocrx_word' id='word_1_310' title='bbox 559 2410 682 2450; x_wconf 87' lang='lat' dir='ltr'>neque</span> <span class='ocrx_word' id='word_1_311' title='bbox 715 2404 839 2447; x_wconf 87' lang='lat' dir='ltr'>terra,</span> <span class='ocrx_word' id='word_1_312' title='bbox 876 2411 999 2451; x_wconf 87' lang='lat' dir='ltr'>neque</span> <span class='ocrx_word' id='word_1_313' title='bbox 1025 2398 1225 2452; x_wconf 85' lang='lat' dir='ltr'>quicquam</span> <span class='ocrx_word' id='word_1_314' title='bbox 1254 2406 1471 2438; x_wconf 88' lang='lat' dir='ltr'>ceterorum</span> <span class='ocrx_word' id='word_1_315' title='bbox 1505 2397 1556 2437; x_wconf 84' lang='lat' dir='ltr'>sit</span> <span class='ocrx_word' id='word_1_316' title='bbox 1586 2412 1665 2437; x_wconf 89' lang='lat' dir='ltr'>am-</span> 
     </span>
     <span class='ocr_line' id='line_1_34' title="bbox 126 2466 442 2521; baseline -0.006 -15"><span class='ocrx_word' id='word_1_317' title='bbox 126 2466 225 2521; x_wconf 87' lang='lat' dir='ltr'>plius</span> <span class='ocrx_word' id='word_1_318' title='bbox 258 2467 442 2506; x_wconf 81' lang='lat' dir='ltr'>futurum.</span> 
     </span>
    </p>

    <p class='ocr_par' dir='ltr' id='par_1_8' title="bbox 240 2533 1868 2587">
     <span class='ocr_line' id='line_1_35' title="bbox 240 2533 1868 2587; baseline 0.001 -13"><span class='ocrx_word' id='word_1_319' title='bbox 240 2533 314 2575; x_wconf 89' lang='lat' dir='ltr'>Est</span> <span class='ocrx_word' id='word_1_320' title='bbox 339 2533 429 2574; x_wconf 86' lang='lat' dir='ltr'>illud</span> <span class='ocrx_word' id='word_1_321' title='bbox 455 2533 630 2587; x_wconf 90' lang='lat' dir='ltr'>insuper,</span> <span class='ocrx_word' id='word_1_322' title='bbox 665 2547 687 2573; x_wconf 94' lang='grc' dir='ltr'>ο</span> <span class='ocrx_word' id='word_1_323' title='bbox 709 2533 957 2587; x_wconf 83' lang='lat' dir='ltr'>Aglaophon,</span> <span class='ocrx_word' id='word_1_324' title='bbox 991 2534 1303 2575; x_wconf 88' lang='lat' dir='ltr'>consideratione</span> <span class='ocrx_word' id='word_1_325' title='bbox 1326 2535 1498 2587; x_wconf 84' lang='lat' dir='ltr'>dignum,</span> <span class='ocrx_word' id='word_1_326' title='bbox 1531 2549 1663 2575; x_wconf 87' lang='lat' dir='ltr'>errare</span> <span class='ocrx_word' id='word_1_327' title='bbox 1690 2542 1767 2584; x_wconf 76' lang='lat' dir='ltr'>Cap.</span> <span class='ocrx_word' id='word_1_328' title='bbox 1790 2544 1868 2576; x_wconf 89' lang='lat' dir='ltr'>XL.</span> 
     </span>
    </p>
   </div>
   <div class='ocr_carea' id='block_1_6' title="bbox 127 2588 1868 2976">
    <p class='ocr_par' dir='ltr' id='par_1_9' title="bbox 127 2588 1868 2976">
     <span class='ocr_line' id='line_1_36' title="bbox 127 2588 1868 2658; baseline 0.001 -15"><span class='ocrx_word' id='word_1_329' title='bbox 127 2601 232 2643; x_wconf 84' lang='lat' dir='ltr'>illum</span> <span class='ocrx_word' id='word_1_330' title='bbox 263 2602 516 2643; x_wconf 87' lang='lat' dir='ltr'>vehementer</span> <span class='ocrx_word' id='word_1_331' title='bbox 546 2617 589 2642; x_wconf 86' lang='lat' dir='ltr'>ac</span> <span class='ocrx_word' id='word_1_332' title='bbox 626 2601 726 2651; x_wconf 76' lang='lat' dir='ltr'>fatti,</span> <span class='ocrx_word' id='word_1_333' title='bbox 769 2601 800 2642; x_wconf 85' lang='lat' dir='ltr'>si</span> <span class='ocrx_word' id='word_1_334' title='bbox 827 2604 926 2655; x_wconf 90' lang='lat' dir='ltr'>quod</span> <span class='ocrx_word' id='word_1_335' title='bbox 957 2617 1019 2643; x_wconf 85' lang='lat' dir='ltr'>res</span> <span class='ocrx_word' id='word_1_336' title='bbox 1050 2610 1109 2644; x_wconf 87' lang='lat' dir='ltr'>est</span> <span class='ocrx_word' id='word_1_337' title='bbox 1138 2605 1321 2644; x_wconf 85' lang='lat' dir='ltr'>audacter</span> <span class='ocrx_word' id='word_1_338' title='bbox 1347 2604 1597 2658; x_wconf 86' lang='lat' dir='ltr'>pronuntiare</span> <span class='ocrx_word' id='word_1_339' title='bbox 1619 2588 1868 2644; x_wconf 59' lang='lat' dir='ltr'><strong>li-(XXXHI.)</strong></span> 
     </span>
     <span class='ocr_line' id='line_1_37' title="bbox 775 2695 790 2713; baseline 0 0"><span class='ocrx_word' id='word_1_340' title='bbox 775 2695 790 2713; x_wconf 70' lang='lat'>0</span> 
     </span>
     <span class='ocr_line' id='line_1_38' title="bbox 176 2746 1662 2796; baseline 0.001 -12"><span class='ocrx_word' id='word_1_341' title='bbox 176 2751 226 2784; x_wconf 89' lang='lat'>10.</span> <span class='ocrx_word' id='word_1_342' title='bbox 253 2753 349 2783; x_wconf 82' lang='lat' dir='ltr'>Verba</span> <span class='ocrx_word' id='word_1_343' title='bbox 368 2746 456 2783; x_wconf 72' lang='grc' dir='ltr'>’Ότε</span> <span class='ocrx_word' id='word_1_344' title='bbox 476 2748 539 2793; x_wconf 73' lang='grc' dir='ltr'>γὰρ</span> <span class='ocrx_word' id='word_1_345' title='bbox 567 2769 644 2775; x_wconf 88' lang='grc'>---</span> <span class='ocrx_word' id='word_1_346' title='bbox 669 2747 871 2793; x_wconf 72' lang='grc' dir='ltr'>κατήργησα</span> <span class='ocrx_word' id='word_1_347' title='bbox 966 2750 1015 2783; x_wconf 62' lang='lat'>14.</span> <span class='ocrx_word' id='word_1_348' title='bbox 1045 2753 1139 2783; x_wconf 72' lang='lat' dir='ltr'>Verba</span> <span class='ocrx_word' id='word_1_349' title='bbox 1164 2750 1194 2783; x_wconf 72' lang='grc' dir='ltr'>ἐν</span> <span class='ocrx_word' id='word_1_350' title='bbox 1218 2750 1388 2795; x_wconf 69' lang='grc' dir='ltr'>ἑκατοστῷ</span> <span class='ocrx_word' id='word_1_351' title='bbox 1409 2751 1509 2796; x_wconf 77' lang='grc' dir='ltr'>τρίτῳ</span> <span class='ocrx_word' id='word_1_352' title='bbox 1523 2751 1662 2796; x_wconf 64' lang='grc' dir='ltr'>’(Ιῖαλμῷ</span> 
     </span>
     <span class='ocr_line' id='line_1_39' title="bbox 128 2797 1254 2829; baseline -0.001 -1"><span class='ocrx_word' id='word_1_353' title='bbox 128 2806 189 2828; x_wconf 81' lang='lat' dir='ltr'>non</span> <span class='ocrx_word' id='word_1_354' title='bbox 212 2798 298 2828; x_wconf 81' lang='lat' dir='ltr'>habet</span> <span class='ocrx_word' id='word_1_355' title='bbox 325 2797 470 2828; x_wconf 72' lang='lat' dir='ltr'>Gallaml.</span> <span class='ocrx_word' id='word_1_356' title='bbox 916 2808 974 2829; x_wconf 73' lang='lat' dir='ltr'>non</span> <span class='ocrx_word' id='word_1_357' title='bbox 1000 2799 1086 2829; x_wconf 80' lang='lat' dir='ltr'>habet</span> <span class='ocrx_word' id='word_1_358' title='bbox 1110 2798 1254 2828; x_wconf 60' lang='lat' dir='ltr'>(Mllaml.</span> 
     </span>
     <span class='ocr_line' id='line_1_40' title="bbox 178 2839 1477 2885; baseline 0.002 -12"><span class='ocrx_word' id='word_1_359' title='bbox 178 2842 227 2873; x_wconf 83' lang='lat'>11.</span> <span class='ocrx_word' id='word_1_360' title='bbox 251 2840 546 2885; x_wconf 63' lang='grc' dir='ltr'>Παραχὶῑῆσεσῖαι</span> <span class='ocrx_word' id='word_1_361' title='bbox 559 2844 606 2873; x_wconf 83' lang='lat' dir='ltr'>ed.</span> <span class='ocrx_word' id='word_1_362' title='bbox 624 2843 770 2874; x_wconf 82' lang='lat' dir='ltr'>Galland.</span> <span class='ocrx_word' id='word_1_363' title='bbox 799 2844 870 2873; x_wconf 79' lang='lat' dir='ltr'>Vul-</span> <span class='ocrx_word' id='word_1_364' title='bbox 968 2844 1014 2874; x_wconf 69' lang='lat' dir='ltr'>ts).</span> <span class='ocrx_word' id='word_1_365' title='bbox 1040 2839 1305 2882; x_wconf 68' lang='grc' dir='ltr'>ἐπιτροπεύοντος</span> <span class='ocrx_word' id='word_1_366' title='bbox 1331 2845 1477 2876; x_wconf 80' lang='lat' dir='ltr'>Galland.</span> 
     </span>
     <span class='ocr_line' id='line_1_41' title="bbox 131 2882 1236 2930; baseline 0 -12"><span class='ocrx_word' id='word_1_367' title='bbox 131 2896 168 2926; x_wconf 81' lang='lat'>9⁰</span> <span class='ocrx_word' id='word_1_368' title='bbox 189 2890 271 2919; x_wconf 78' lang='lat' dir='ltr'>extat</span> <span class='ocrx_word' id='word_1_369' title='bbox 292 2884 592 2930; x_wconf 61' lang='grc' dir='ltr'>Ταραχξῆσεσξῒαι.</span> <span class='ocrx_word' id='word_1_370' title='bbox 968 2887 1014 2919; x_wconf 74' lang='grc'>16.</span> <span class='ocrx_word' id='word_1_371' title='bbox 1040 2882 1064 2928; x_wconf 62' lang='grc' dir='ltr'>ἦ</span> <span class='ocrx_word' id='word_1_372' title='bbox 1092 2889 1236 2919; x_wconf 78' lang='lat' dir='ltr'>Galland.</span> 
     </span>
     <span class='ocr_line' id='line_1_42' title="bbox 181 2930 1659 2976; baseline -0.001 -13"><span class='ocrx_word' id='word_1_373' title='bbox 181 2934 227 2963; x_wconf 65' lang='lat'>12.</span> <span class='ocrx_word' id='word_1_374' title='bbox 251 2931 308 2965; x_wconf 72' lang='grc' dir='ltr'>καὶ</span> <span class='ocrx_word' id='word_1_375' title='bbox 328 2930 547 2975; x_wconf 49' lang='lat' dir='ltr'>dunum-12:732&amp;</span> <span class='ocrx_word' id='word_1_376' title='bbox 574 2934 720 2965; x_wconf 73' lang='lat' dir='ltr'>Galland.</span> <span class='ocrx_word' id='word_1_377' title='bbox 963 2933 1039 2963; x_wconf 60' lang='grc' dir='ltr'>(Ἀρ.</span> <span class='ocrx_word' id='word_1_378' title='bbox 1064 2932 1136 2963; x_wconf 88' lang='lat' dir='ltr'>XL.</span> <span class='ocrx_word' id='word_1_379' title='bbox 1175 2951 1212 2956; x_wconf 86' lang='lat'>—</span> <span class='ocrx_word' id='word_1_380' title='bbox 1277 2933 1303 2964; x_wconf 84' lang='lat'>1.</span> <span class='ocrx_word' id='word_1_381' title='bbox 1338 2933 1413 2975; x_wconf 75' lang='grc' dir='ltr'>περὶ</span> <span class='ocrx_word' id='word_1_382' title='bbox 1444 2932 1659 2976; x_wconf 44' lang='grc' dir='ltr'>τηλικούτων,</span> 
     </span>
    </p>
   </div>
   <div class='ocr_carea' id='block_1_7' title="bbox 133 2975 1660 3063">
    <p class='ocr_par' dir='ltr' id='par_1_10' title="bbox 133 2975 1660 3063">
     <span class='ocr_line' id='line_1_43' title="bbox 167 2975 1660 3056; baseline 0.002 -48"><span class='ocrx_word' id='word_1_383' title='bbox 167 2977 228 3053; x_wconf 47' lang='lat' dir='ltr'>do.</span> <span class='ocrx_word' id='word_1_384' title='bbox 252 2979 304 3009; x_wconf 77' lang='lat' dir='ltr'>Sic</span> <span class='ocrx_word' id='word_1_385' title='bbox 328 2980 475 3010; x_wconf 79' lang='lat' dir='ltr'>Galland.</span> <span class='ocrx_word' id='word_1_386' title='bbox 524 2981 619 3019; x_wconf 69' lang='lat' dir='ltr'>Vulgo</span> <span class='ocrx_word' id='word_1_387' title='bbox 653 2975 678 3020; x_wconf 70' lang='grc' dir='ltr'>η’</span> <span class='ocrx_word' id='word_1_388' title='bbox 711 2977 798 3012; x_wconf 67' lang='grc' dir='ltr'>κατὰ</span> <span class='ocrx_word' id='word_1_389' title='bbox 831 2977 867 3011; x_wconf 72' lang='grc' dir='ltr'>τὸ</span> <span class='ocrx_word' id='word_1_390' title='bbox 917 2975 1122 3056; x_wconf 47' lang='grc' dir='ltr'>Ἀῃρ-αὲφών.</span> <span class='ocrx_word' id='word_1_391' title='bbox 1158 2976 1307 3021; x_wconf 73' lang='grc' dir='ltr'>ἔφρασας</span> <span class='ocrx_word' id='word_1_392' title='bbox 1330 2982 1396 3011; x_wconf 70' lang='lat' dir='ltr'>cecc.</span> <span class='ocrx_word' id='word_1_393' title='bbox 1425 2982 1573 3013; x_wconf 80' lang='lat' dir='ltr'>Gallaud.</span> <span class='ocrx_word' id='word_1_394' title='bbox 1597 2983 1617 3012; x_wconf 93' lang='lat' dir='ltr'>l.</span> <span class='ocrx_word' id='word_1_395' title='bbox 1642 2983 1660 3011; x_wconf 85' lang='lat'>1.</span> 
     </span>
     <span class='ocr_line' id='line_1_44' title="bbox 133 3031 1048 3063; baseline 0.002 -10"><span class='ocrx_word' id='word_1_396' title='bbox 133 3031 164 3053; x_wconf 81' lang='lat' dir='ltr'>ce</span> <span class='ocrx_word' id='word_1_397' title='bbox 192 3045 198 3051; x_wconf 91' lang='lat'><em>.</em></span> <span class='ocrx_word' id='word_1_398' title='bbox 916 3034 946 3063; x_wconf 77' lang='lat' dir='ltr'>p.</span> <span class='ocrx_word' id='word_1_399' title='bbox 979 3039 1007 3056; x_wconf 64' lang='lat' dir='ltr'>A.</span> <span class='ocrx_word' id='word_1_400' title='bbox 1042 3048 1048 3055; x_wconf 93' lang='lat'>.</span> 
     </span>
    </p>
   </div>
  </div>
 </body>
</html>
