2066 3319
457 205 635 237 PANARH
661 206 740 237 Lm.
764 207 801 237 u.
826 207 933 238 Tou.
958 208 995 239 u.
1024 207 1153 238 uma.
1172 208 1290 238 [xvi.
1563 197 1644 238 489

105 286 208 339 ipsos
231 298 251 324 a
279 284 416 339 quibus
437 284 593 325 aluntur
616 285 793 326 maleficii
817 287 1088 327 condemnant.
1145 285 1233 327 lure
1255 287 1289 327 id
1319 286 1470 341 quidem
1498 300 1542 326 ac
1565 299 1645 326 me-

103 354 193 393 rito.
256 351 358 393 Nam
383 353 446 407 qui
472 353 607 402 deum,
643 367 660 393 a
685 369 759 408 quo
785 355 912 394 omnia
941 357 1040 395 l'acta
1063 362 1168 405 sunt,
1205 356 1345 406 eiurat,
1381 355 1561 409 indignus
1585 361 1645 395 est
1665 364 1778 391 Gens

103 421 165 476 qui
193 421 253 461 dei
278 421 389 461 bonis
412 421 484 461 boc
516 422 627 462 modo
665 436 732 476 per
763 423 888 463 iocum
915 438 959 463 ac
993 423 1196 464 ludibrium
1230 424 1370 463 alatur.
1433 422 1647 463 Praeterea

103 503 280 530 racemos
312 504 398 530 cum
431 497 631 545 amputare
670 505 746 531 non
783 492 970 542 audeant,
1005 492 1139 532 iisdem
1173 499 1299 532 tamen
1328 499 1563 541 vescuntur,
1607 497 1647 531 ut

103 557 259 598 omnino
295 565 449 598 constet
482 558 670 599 ebrietate
701 574 746 599 ac
780 560 1004 600 temulentia
1044 560 1128 599 illos
1162 560 1288 614 potius
1324 574 1434 613 quam
1467 566 1646 613 suscepta

102 626 270 667 veritate
293 627 338 666 ad
362 627 396 666 id
422 626 590 681 impelli?
641 626 741 682 Quid
767 628 867 668 enim
891 629 1050 682 gravius
1075 629 1160 668 est?
1205 626 1307 668 Nam
1334 628 1394 680 qui
1418 627 1644 677 vindemiat,

102 694 254 735 botrum
278 695 400 735 semel
423 703 607 749 amputat,
643 696 705 750 qui
730 711 824 736 vero
851 697 1031 746 comedit,
1067 697 1153 736 dum
1183 696 1317 736 acinos
1343 695 1517 750 singulos
1542 710 1648 735 man-

103 763 181 813 dit,
215 777 259 804 ac
285 763 464 804 dentibus
490 765 740 815 comminuit,
775 765 892 805 multo
924 765 1088 804 animam
1119 771 1270 818 torquet
1303 764 1572 804 vehementius
1605 778 1648 803 ac

103 832 284 872 concidit.
346 831 434 872 Nec
459 833 592 873 eadem
627 833 710 873 eius
743 834 804 887 qui
839 833 959 873 semel
984 840 1160 883 resecat,
1207 846 1252 872 ac
1284 833 1345 887 qui
1385 832 1580 872 commolit
1612 838 1650 871 et

103 900 318 950 consumit,
354 914 442 941 esse
477 901 576 941 ratio
608 902 775 942 videtur.
836 899 916 942 Sed
949 901 984 941 id
1017 915 1132 941 unum
1168 907 1346 955 spectare
1372 900 1574 949 videntur,
1609 906 1651 940 ut

104 969 202 1024 quod
239 969 414 1010 veritatis
454 969 635 1010 indicium
667 977 871 1024 utcumque
906 983 997 1024 prae
1033 984 1076 1010 se
1111 970 1185 1010 fert
1207 969 1252 1009 ad
1288 968 1510 1024 opinionem
1542 981 1650 1008 suam

104 1038 383 1078 conciliandam
415 1038 452 1078 in
485 1038 650 1078 medium
683 1038 834 1078 afferat.

216 1105 362 1147 Eadem
395 1106 548 1161 linguae
578 1107 735 1147 licentia
761 1107 807 1146 de
831 1104 1020 1147 Paradiso
1043 1106 1188 1160 garrit,
1223 1119 1335 1161 quem
1367 1105 1548 1146 mundum
1582 1119 1650 1160 ap·
1676 1108 1859 1152 Cap-LIV-

105 1175 233 1230 pellat.
296 1172 398 1216 Sunt
420 1182 572 1226 autem,
616 1182 657 1216 ut
690 1175 752 1215 ille
776 1174 889 1226 dicit,
934 1176 1120 1228 quaedam
1153 1175 1190 1215 in
1226 1174 1291 1215 illo
1326 1174 1511 1224 arbores,
1555 1188 1650 1228 quas

105 1257 175 1284 nos
201 1243 351 1298 quidem
376 1243 586 1285 laudandas
609 1243 866 1294 arbitramur,
901 1244 982 1298 ipse
1011 1258 1105 1284 vero
1130 1245 1308 1294 damnat,
1345 1250 1385 1283 ut
1408 1242 1471 1283 vel
1492 1242 1562 1283 bac
1588 1256 1651 1282 ra-

106 1312 210 1352 tione
233 1313 432 1366 deceptum
458 1325 500 1352 se
525 1313 570 1353 ab
594 1320 776 1367 serpente
803 1312 1058 1353 demonstret.
1102 1311 1204 1353 Nam
1236 1311 1555 1366 quemadmodum
1578 1310 1653 1350 iste

105 1380 263 1421 nimium
287 1381 470 1435 simplicis
493 1380 604 1421 Evae
625 1381 782 1421 auribus
806 1380 1017 1435 perniciem
1041 1381 1273 1430 insinuavit,
1309 1380 1365 1421 sic
1390 1387 1428 1420 et
1447 1379 1559 1419 buius
1585 1393 1652 1419 au·-

105 1448 222 1489 ditum
248 1449 347 1489 idem
369 1449 433 1490 ille
457 1463 618 1504 serpens
641 1449 837 1489 horribilis
861 1450 1047 1504 corrupit.
1098 1448 1191 1489 lllae
1218 1449 1350 1503 igitur,
1386 1447 1523 1502 inquit,
1554 1461 1653 1501 quac

104 1518 142 1558 in
167 1516 354 1558 Paradiso
379 1532 467 1559 esse
493 1518 695 1568 dicuntur,
729 1518 914 1568 arbores,
949 1517 1168 1573 cupiditatis
1193 1517 1400 1558 illecebrae
1425 1523 1536 1566 sunt,
1571 1515 1654 1569 qui-

104 1587 175 1628 hus
208 1586 402 1627 bominum
441 1587 555 1627 animi
582 1587 784 1641 depravari
821 1587 962 1627 solent.
1024 1585 1149 1626 Porro
1182 1586 1327 1640 lignum
1359 1585 1449 1625 illud
1477 1598 1551 1638 quo
1585 1584 1653 1624 bo-

105 1671 194 1696 num
231 1655 493 1709 dignoscitur,
539 1655 703 1710 ipsemet
736 1653 848 1696 Iesus
884 1662 966 1705 est,
1015 1655 1097 1696 sive
1135 1654 1325 1705 scientia,
1373 1666 1472 1708 quae
1507 1653 1544 1692 in
1581 1652 1654 1692 hoc

106 1725 249 1765 mundo
271 1725 438 1776 residet,
474 1738 585 1778 quam
610 1723 673 1778 qui
698 1723 837 1779 accipit
859 1723 1001 1764 bonum
1028 1738 1049 1764 a
1074 1723 1173 1764 malo
1198 1722 1399 1763 discernit.
1465 1720 1586 1762 Vides
1614 1728 1654 1761 ut

105 1793 179 1834 iste
212 1793 390 1847 quicquid
421 1800 567 1833 rectum
602 1799 662 1833 est
687 1792 932 1847 distorquere
965 1792 1140 1843 studeat,
1175 1806 1260 1832 cum
1287 1791 1485 1847 apostolus
1511 1790 1656 1830 diserte

106 1862 244 1902 clamet
268 1876 311 1901 ac
335 1862 557 1916 praedicet,
597 1864 718 1901 Timeo
739 1877 785 1900 ne
805 1865 905 1900 secat
924 1876 1077 1913 serpens
1102 1863 1247 1913 decepit
1267 1863 1383 1912 Evam
1409 1862 1549 1898 astutia
1568 1873 1651 1906 saa,
1671 1873 1859 1907 2.Cor.11‚3.

105 1934 158 1970 ita
181 1938 472 1982 corrumpantur
491 1933 738 1981 cogitationes
764 1938 908 1969 restrae
927 1945 949 1968 a
975 1932 1149 1969 castitate
1169 1937 1207 1968 et
1227 1931 1468 1981 simplicitate
1488 1931 1525 1968 in
1545 1930 1656 1967 Chri-

103 2008 213 2038 stam.
279 1997 351 2040 Ubi
375 1999 464 2039 illud
489 1999 767 2039 animadvertis
793 1999 984 2052 quomodo
1008 1998 1259 2053 impostorem
1293 1997 1397 2037 illum
1425 2012 1470 2038 ac
1503 1998 1652 2037 val'rum

104 2081 194 2109 esse
220 2067 343 2117 dicat,
388 2082 408 2107 a
443 2081 517 2121 quo
544 2065 629 2107 Eva
655 2067 815 2122 decepta
839 2067 903 2108 sit.
968 2065 1047 2108 Sed
1081 2067 1156 2107 alio
1183 2067 1268 2107 loco
1303 2066 1405 2106 idem
1438 2065 1653 2120 apostolus,

107 2140 193 2184 Vir,
239 2136 384 2191 inquit,
419 2151 557 2175 comam
591 2138 693 2175 alere
724 2151 796 2175 non
823 2137 950 2184 debet,
995 2151 1077 2175 cam
1109 2139 1160 2175 sit
1187 2137 1315 2187 gloria
1352 2143 1391 2174 et
1418 2137 1541 2186 imago
1574 2136 1646 2172 dei.
1681 2125 1793 2194 Ῑῂξῖῗὲζ

106 2203 258 2258 Quibus
282 2205 413 2245 verbis
439 2205 547 2245 vides
574 2211 614 2244 ut
639 2219 787 2244 comam
808 2205 927 2255 illam,
962 2218 1059 2259 quae
1087 2204 1125 2244 iu
1151 2217 1332 2259 corpore,
1361 2218 1437 2243 non
1461 2203 1498 2243 in
1527 2202 1655 2242 anima

104 2274 277 2328 geritur,
312 2273 371 2313 dei
405 2273 566 2328 gloriam
592 2272 785 2328 appellet?
845 2272 996 2314 Deinde
1028 2273 1206 2323 subiicit,
1249 2275 1373 2312 Adam
1406 2286 1478 2310 non
1510 2278 1567 2309 est
1592 2261 1840 2333 (le-¹·{11f‘5‘3‘11-

104 2351 232 2395 ceptus
245 2373 255 2390 ‚
290 2345 357 2382 sed
387 2345 522 2381 mulier
545 2345 582 2381 in
614 2346 913 2393 transgressione
923 2344 1036 2395 sacta
1059 2345 1252 2394 peccavit.-
1299 2341 1509 2379 salvabitur
1532 2347 1654 2378 antem

100 2427 172 2464 per
209 2412 410 2450 liberorum
440 2414 738 2463 procreationem
753 2442 762 2458 ‚
807 2414 845 2450 si
870 2414 1149 2463 permanserint
1185 2414 1222 2449 in
1243 2412 1341 2461 fide.
1408 2407 1508 2448 Vide
1543 2421 1653 2461 quam

106 2487 193 2535 apte
217 2480 341 2521 sacris
367 2480 403 2520 in
431 2479 554 2520 literis
575 2493 666 2520 vera
687 2493 732 2519 ac
759 2479 913 2520 sincera
936 2493 1112 2534 quaeque
1134 2478 1433 2534 praedicentur,
1467 2476 1532 2516 illc
1563 2490 1656 2515 con—

106 2556 166 2589 tra
191 2550 335 2589 frustra
360 2563 449 2589 sese
478 2548 671 2598 venditet,
718 2548 778 2588 vel
804 2548 930 2603 potius
961 2548 1124 2589 ludibrio
1159 2548 1209 2587 sit
1244 2547 1340 2601 apud
1378 2559 1446 2585 cos
1475 2544 1537 2598 qui
1571 2558 1656 2599 per-

107 2619 206 2658 fecta
241 2617 429 2672 sapientia
476 2616 637 2672 praediti
679 2624 782 2657 sunt.
847 2617 966 2657 Addit
996 2617 1131 2658 eodem
1166 2616 1250 2655 loco
1284 2614 1463 2654 mundum
1501 2612 1657 2653 minime

108 2687 154 2726 ad
181 2687 292 2727 deum
325 2687 546 2741 pertinere,
581 2686 647 2726 sed
677 2699 698 2725 a
719 2683 915 2726 Materiae
950 2685 1121 2740 partibus
1152 2698 1241 2724 esse
1269 2683 1512 2723 fabricatum.
1576 2680 1656 2722 Ve-

107 2768 190 2795 rum
221 2755 292 2795 lioc
316 2754 422 2810 ipso,
458 2754 556 2808 quod
582 2768 713 2794 secum
750 2754 903 2795 minime
929 2754 1172 2803 consentiat,
1206 2752 1273 2792 scd
1299 2765 1343 2791 ea
1371 2751 1451 2806 ipsa
1479 2752 1658 2806 dogmata

153 2856 228 2888 CAp.
252 2858 337 2888 LlV.
363 2876 407 2881 —
459 2858 484 2888 l.
510 2855 597 2900 φησὶ
620 2867 680 2888 om.
697 2858 765 2889 cod.
780 2858 858 2889 Rhe·
954 2856 985 2889 3.
1011 2855 1068 2888 τοῦ
1090 2851 1266 2896 dvi-pedae)
1292 2855 1358 2885 cod.
1383 2855 1511 2895 Rhediy.

107 2902 171 2941 dig.
220 2903 359 2934 Ceterum
384 2904 420 2942 cf.
446 2913 543 2942 supra
569 2912 638 2942 cap.
654 2902 706 2934 29.

150 2948 179 2977 ¹2.
197 2948 268 2979 Sine
279 2949 371 2979 dubio
381 2950 576 2980 scribendum
591 2952 631 2980 est
648 2944 764 2985 αὐτοῦ,
777 2949 860 2989 quod

106 2994 200 3023 etiam
233 2994 416 3025 Coi-narium
451 2997 477 3025 et
513 2996 675 3026 Petaviam
708 2996 858 3026 censuisse

106 3041 237 3077 apparet
256 3048 293 3070 ex
314 3041 617 3079 interpretationibus
639 3049 752 3071 eorum.
954 3038 983 3070 ὃ.
1012 3033 1160 3074 εἰπόντος
1183 3036 1249 3070 cod.
1274 3036 1401 3077 Rhediy.

953 2922 982 2955 4.
1011 2924 1248 2955 Rescribendnm
1278 2926 1343 2953 erat
1368 2916 1405 2955 οὗ
1425 2933 1483 2963 pro
1507 2916 1552 2956 ὦν
1579 2924 1661 2964 quod

907 2972 999 3010 ταὶ-(ιο
1021 2973 1084 3008 es!;
1108 2969 1144 3007 cs.
1163 2977 1261 3007 supra
1284 2977 1353 3008 cap.
1368 2968 1419 3001 29.
