2035 3309
126 516 193 543 pag.
212 508 269 536 425,

152 2907 218 2935 pag.
237 2898 295 2925 427.

285 209 336 246 54
849 210 1011 243 SANCTI
1034 211 1258 244 EPIPHANII

284 293 350 332 καὶ
375 292 574 343 κάθαρσιν
596 290 740 342 λέπρας
768 289 835 331 καὶ
859 288 1032 342 ἰαμάτων
1058 288 1242 341 δυνάμεις
1266 290 1331 330 καὶ
1359 287 1544 332 ἀπέλασιν
1576 288 1822 342 Τδαιμόνων,

285 361 350 399 ἵνα
369 357 422 411 μὴ
442 356 565 410 μόνον
585 355 662 398 ἀπὸ
684 362 754 398 τοῦ
775 356 893 412 λόγου
913 360 1027 415 πείσῃ
1047 355 1140 406 τοῦς
1160 356 1390 408 ἀκούοντας,
1419 356 1512 398 ἀλλά
1531 359 1597 399 καὶ
1618 355 1683 398 ἀπ’
1702 355 1824 398 αὐτοῦ

287 431 355 467 τοῦ
385 427 500 479 ἔργου
536 430 552 453 8
569 424 734 480 κηρύξαι
759 430 775 454 9
791 423 990 480 εὐαγγέλια
1012 432 1094 474 τοῖς
1118 424 1420 478 ἀπολλυμένοις,
1463 425 1522 467 ὅτι
1545 424 1825 480 εὑρεθήσονται

291 492 355 535 διά
376 496 592 545 μετανοίας,
618 494 684 534 καὶ
705 499 786 541 τοῖς
806 493 1062 544 πεπτωκόσιν,
1095 493 1154 535 ὅτι
1173 491 1469 546 ἀναστήσονται,
1499 495 1566 535 καὶ
1585 499 1666 542 τοῖς
1685 499 1825 545 τεθνη-

289 561 411 612 κόσιν,
443 560 502 602 ὅτι
523 560 912 616 ζωογωνηθήσονται.
973 563 1053 603 Καὶ
1075 557 1189 609 οὗτος
1210 561 1278 613 μὲν
1300 556 1373 603 οῦν
1395 560 1418 603 o‘
1439 567 1656 610 Ματθαῖος
1674 559 1828 616 Ἑβραϊ-

291 636 376 678 κοῖς
395 628 592 684 γράμμασι
615 629 756 683 γράφει
777 628 818 671 τὸ
843 628 1064 685 εὐαγγέλιον
1084 631 1147 671 καὶ
1168 628 1368 684 κηρύττει,
1400 631 1467 671 καὶ
1490 628 1644 685 ἄρχεται
1665 627 1739 671 οὐκ
1763 627 1828 670 ἀπ’

291 697 424 752 ἀρχῆς,
450 695 542 738 ἀλλά
563 700 749 752 διηγεῖται
768 698 836 750 μὲν
857 697 926 751 τήν
944 701 1187 753 γενεαλογίαν
1207 696 1284 738 ἀπό
1307 701 1378 739 τοῦ
1397 696 1586 752 Ἁβραάμ.
1638 695 1829 751 Ἁβραάμ,

292 767 434 818 φησὶν,
475 766 650 820 ἐγέννησε
678 764 745 807 τόν
773 764 923 817 Ἰσαάκ,
962 765 1091 807 Ἰσαάκ
1123 767 1163 807 δὲ
1190 767 1366 820 ἐγέννησε
1390 764 1457 807 τόν
1478 764 1641 819 Ἰακώβ,
1686 766 1753 807 καὶ
1783 763 1830 806 vo}

293 836 400 887 ἑξῆς,
447 832 534 886 ἀχρι
571 838 641 874 τοῦ
672 832 823 887 Ἰωσήφ
863 835 928 875 καὶ
965 837 1137 888 Μαρίας.
1207 835 1286 875 Καὶ
1323 832 1389 875 ἀπ’
1428 831 1546 888 ἀρχῆς
1583 835 1730 884 τάττει,
1775 833 1833 874 λέ-

294 919 390 957 γων·
422 904 564 954 Βίβλος
587 902 767 955 γενέσεως
786 900 920 955 Ἰησοῦ
946 906 1131 957 Χριστοῦ,
1161 904 1253 943 υἱοῦ
1275 904 1425 955 Δαβίδ·
1457 899 1540 943 εἶτά
1566 916 1700 954 φησιν,
1734 903 1834 942 Τῖοῦ

293 968 481 1024 Ἁβραάμ.
546 967 644 1009 Εἶτα
673 967 802 1010 ἐλθών
833 968 889 1011 ἐπ’
916 969 1009 1012 αὐτό
1035 970 1077 1012 τό
1103 970 1338 1024 ζητούμενόν
1364 984 1481 1023 φησι·
1528 974 1608 1011 Τοῦ
1634 970 1674 1010 δὲ
1699 967 1834 1023 Ἰησοῦ

301 1042 475 1093 Χριστοῦ
499 1035 524 1091 ἡ
545 1038 720 1091 γέννησις
744 1036 870 1085 οὕτως
892 1033 957 1091 ἦν·
990 1042 1318 1092 Μνηστευθείσης
1339 1044 1408 1092 τῆς
1432 1037 1578 1093 μητρὸς
1599 1036 1721 1079 αὐτοῦ
1744 1042 1836 1078 Μα-

299 1111 385 1161 ρίας
410 1111 462 1163 τῷ
488 1104 653 1157 Ἰωσὴφ,
685 1104 804 1159 πρινὴ
828 1111 1031 1147 συνελθεῖν
1056 1106 1211 1159 αὐτούς,
1238 1106 1385 1163 εὑρέθη
1411 1109 1451 1149 ἐν
1472 1108 1607 1162 γαστρὶ
1629 1107 1770 1160 ἔχουσα
1794 1107 1836 1147 ἐκ

299 1174 521 1227 πνεύματος
550 1171 674 1227 άγίου.
737 1174 816 1214 Καὶ
848 1171 999 1226 Ἰωσὴφ
1034 1177 1183 1225 δίκαιος
1218 1175 1292 1227 ὢν,
1337 1175 1457 1228 ἐζήτει
1488 1173 1682 1217 ἀπολῦσαι
1716 1172 1838 1228 αὐτὴν

299 1244 430 1297 λάθρα
444 1260 451 1267 ·
475 1242 541 1282 καὶ
563 1241 651 1282 ι’δοὺ
671 1239 829 1296 ἅγγελος
847 1245 987 1295 κυρίου
1010 1242 1135 1295 ἐφάνη
1156 1243 1257 1301 αὐτῷ
1278 1243 1359 1285 κατ’
1377 1243 1473 1298 ὅναρ
1494 1245 1621 1298 λέγον·
1645 1241 1719 1296 Μή
1741 1240 1839 1284 ἀπο-

300 1311 419 1369 λύσῃς
449 1310 519 1362 τὴν
551 1308 716 1365 γυναῖκά
748 1324 837 1351 σου·
880 1309 922 1351 vd
953 1309 1026 1364 γάρ
1061 1312 1100 1351 ἐν
1131 1309 1227 1368 αὐτῇ
1260 1315 1300 1354 ἐκ
1326 1311 1548 1365 πνεύματός
1579 1313 1679 1353 ἐστιν
1711 1309 1837 1366 ἆγίου.

299 1378 409 1421 Ἰδού
435 1377 507 1433 γάρ
534 1376 708 1432 γεννήσει
733 1377 841 1428 υἱὸν,
873 1379 939 1419 καὶ
965 1379 1135 1427 καλέσεις
1158 1377 1200 1419 τὸ
1225 1378 1347 1432 ὄνομα
1371 1379 1493 1421 αὐτοῦ
1514 1378 1691 1433 Ἰησοῦν·
1724 1374 1841 1428 οὗτος

302 1447 415 1490 σώσει
437 1445 504 1487 τόν
525 1445 618 1486 λαὸν
640 1444 761 1486 αὐτοῦ
784 1444 861 1486 ἀπὸ
887 1444 1098 1500 ἁμαρτιῶν.
1160 1448 1237 1488 Καὶ
1260 1453 1395 1498 τοῦτο,
1427 1450 1544 1502 φησὶ,
1575 1449 1746 1503 γέγονεν,
1775 1450 1841 1490 ’ἵνα

304 1520 496 1572 πληρωθῇ
518 1513 559 1555 τὸ
582 1513 707 1567 ῥηθὲν
726 1511 805 1554 ὑπὸ
827 1518 896 1554 τοῦ
916 1517 1057 1568 κυρίου
1078 1513 1142 1555 διὰ
1162 1519 1231 1556 τοῦ
1253 1515 1474 1568 προφήτου,
1505 1517 1701 1571 λέγοντος·
1731 1514 1841 1557 Ἰδοῦ

303 1583 329 1638 ἡ
353 1585 557 1637 παρθένος
580 1583 621 1623 ἐν
642 1583 779 1636 γαστρὶ
802 1583 896 1632 ἕξει,
936 1583 1003 1623 καὶ
1028 1580 1074 1623 τά
1100 1583 1198 1635 ἑξῆς.
1260 1583 1340 1623 Καὶ
1364 1585 1558 1638 ἐγερθεὶς,
1590 1586 1732 1638 φησὶν,
1764 1582 1842 1626 ἀπὸ

305 1658 374 1695 τοῦ
395 1652 535 1703 ὕπνου,
562 1653 742 1703 ἐποίησεν
763 1649 889 1698 οὕτως
909 1648 932 1691 ὁ
950 1648 1115 1703 Ἰωσὴφ,
1137 1652 1204 1692 καὶ
1223 1652 1415 1705 παρέλαβε
1431 1652 1500 1705 τὴν
1519 1659 1685 1708 γυναῖκα
1706 1651 1844 1704 αὐτοῦ,

305 1722 372 1763 καὶ
394 1719 467 1762 οὐκ
490 1722 694 1774 ἐγίνωσκεν
714 1717 849 1771 αὐτὴν,
875 1719 947 1766 ἕως
969 1713 1016 1760 οῦ
1038 1720 1139 1760 ἔτεκε
1159 1718 1225 1760 τὸν
1244 1718 1333 1760 υῖὸν
1354 1718 1475 1773 αὐτῆς
1491 1720 1558 1763 τόν
1575 1720 1842 1775 πρωτότοκον,

306 1791 373 1832 καὶ
396 1788 547 1831 ἐκάλεσε
569 1786 611 1828 τό
635 1786 759 1840 ὄνομα
779 1785 900 1828 αὐτοῦ
917 1785 1088 1840 Ἰησοῦν.
1157 1791 1236 1829 Τοῦ
1257 1788 1298 1829 δὲ
1316 1785 1451 1841 Ἰησοῦ
1471 1791 1737 1843 γεννηθέντος,
1769 1807 1843 1843 φη-

309 1860 359 1905 σὶ,
392 1859 432 1899 ἐν
455 1856 631 1909 Βηθλεὲμ
655 1860 723 1908 τῆς
740 1853 945 1905 Ἰουδαίας,
977 1857 1018 1896 ἐν
1039 1853 1202 1909 ἡμέραις
1218 1854 1396 1911 Ἡρώδου
1415 1861 1486 1898 τοῦ
1509 1859 1707 1910 βασιλέως,
1741 1856 1844 1909 ι’δοῦ,

312 1925 450 1981 Μάγοι
468 1922 546 1965 ἀπὸ
569 1922 769 1964 ἀνατολῶν
787 1924 1044 1978 παρεγένοντο
1069 1926 1123 1973 εἰς
1142 1921 1410 1979 Ἰερουσαλὴμ,
1431 1926 1614 1980 λέγοντες,
1637 1930 1727 1968 Ποῦ
1747 1927 1848 1968 ἐστιν

310 1993 332 2036 ὁ
363 1994 515 2046 τεχθεὶς
547 1990 726 2045 βασιλεῦς
754 1996 831 2032 τῶν
857 1990 1083 2042 Ἰουδαίων,
1126 1994 1280 2045 εἴδομεν
1304 1991 1377 2048 γᾶρ
1402 1991 1471 2034 τόν
1496 1991 1637 2047 ἀστέρα
1661 1992 1780 2036 αὐτοῦ
1805 1996 1846 2036 ἐν

308 2067 354 2120 τῇ
380 2060 560 2118 ἀνατολῇ,
591 2061 660 2101 καὶ
683 2058 858 2112 ἤλθομεν
878 2065 1145 2114 προςκυνῆσαι
1170 2058 1287 2117 αὐτῷ.
1349 2064 1440 2102 Ποῦ
1463 2055 1537 2102 οῦν
1558 2059 1585 2114 ἦ
1607 2064 1846 2116 πραγματεία

310 2135 380 2172 τοῦ
408 2131 625 2183 Ζαχαρίου,·
665 2133 745 2169 ποῦ
774 2127 821 2169 τά
850 2133 904 2185 τῷ
928 2133 1071 2185 Λουκᾷ
1096 2129 1491 2184 πεπραγματευμένα,
1531 2133 1610 2170 ποῦ
1634 2126 1661 2182 ἦ
1683 2127 1847 2172 ὄπτασία

311 2203 379 2240 τοῦ
404 2196 585 2253 ἀγγέλους
617 2201 696 2238 ποῦ
718 2194 744 2249 ἦ
766 2199 986 2251 προφητεία
1003 2194 1192 2238 Ἰωάννου
1212 2201 1282 2238 τοῦ
1307 2202 1550 2247 Βαπτιστοῦ,·
1581 2201 1659 2239 ποῦ
1680 2201 1749 2239 τοῦ
1771 2202 1846 2238 Ζα-

312 2269 449 2321 χαρίου
472 2264 497 2319 ἡ
524 2267 762 2319 ἐπιτίμησις,
803 2269 872 2306 τοῦ
896 2263 949 2317 μή
976 2263 1173 2306 δύνασθαι
1198 2263 1317 2307 αὐτόν
1338 2270 1464 2306 λαλεῖν
1489 2264 1598 2319 ἄχρις
1620 2260 1668 2307 οῦ
1695 2266 1850 2320 γένηται

313 2335 358 2376 τοὶ
383 2333 461 2376 ὑπὸ
482 2338 550 2376 τοῦ
572 2331 734 2388 ἀγγέλου
756 2333 1007 2386 λελαλημένα,ι
1038 2338 1117 2375 ποῦ
1140 2332 1186 2374 τά
1207 2331 1285 2375 ὖπό
1307 2338 1379 2374 τοῦ
1399 2332 1571 2388 Γαβριὴλ
1594 2338 1640 2391 τῇ
1662 2335 1850 2391 παρθένῳ

313 2404 515 2456 λεχθέντας
557 2406 635 2443 ποῦ
666 2399 692 2454 ἦ
716 2400 958 2455 παράστασις
985 2407 1054 2454 τῆς
1079 2400 1287 2454 ἀσφαλείας
1318 2407 1387 2455 τῆς
1415 2400 1508 2454 μετὰ
1534 2402 1743 2453 συνέσεως,
1782 2406 1853 2455 τῆς

316 2473 477 2526 Μαρίας
500 2468 603 2527 αὐτῷ
624 2475 676 2527 τῷ
697 2468 841 2526 ἀγγέλῳ
864 2468 1158 2524 ἀποκριθείσης,
1191 2468 1244 2519 ὥς
1265 2468 1398 2525 ἥρω’τα
1417 2470 1594 2525 λέγουσα,
1629 2474 1725 2519 Πῶς
1746 2471 1853 2511 ἔσται

316 2544 452 2589 τοῦτο,
485 2540 566 2580 ἐπεὶ
592 2537 715 2593 ἄνδρα
740 2536 788 2579 οὕ
810 2536 1009 2593 γινώσκω,-
1041 2540 1106 2580 καὶ
1129 2536 1155 2591 ἦ
1176 2538 1269 2591 μετα
1295 2537 1495 2593 ἀκριβείας
1516 2537 1677 2593 καθαροὶ
1700 2536 1852 2593 ὑφήγη-

317 2621 395 2658 σις,
438 2604 490 2655 ὥς
512 2605 616 2648 εἶπεν
639 2605 759 2664 αὐτῇ,
800 2611 953 2660 πνεῦμα
980 2609 1121 2662 κυρίου
1145 2605 1386 2649 ἐπελεύσεται
1409 2607 1472 2648 ἐπὶ
1497 2606 1558 2658 σὲ,
1599 2607 1666 2648 καὶ
1686 2607 1853 2659 δυ’ναμις

317 2673 487 2727 ὑψίστου
519 2674 734 2717 ἐπισκιάσει
768 2688 851 2726 σοις

437 2746 480 2784 Τί
505 2738 576 2784 οὖν
600 2745 782 2799 ἐροῦμενς
825 2741 932 2784 Ἐπεὶ
957 2741 1009 2796 μὴ
1036 2742 1284 2798 κατήγγελλεν
1314 2741 1337 2784 ὅ
1360 2747 1578 2791 Ματθαῖος
1602 2740 1649 2782 τοὶ
1679 2739 1758 2783 ὑπὸ
1782 2745 1853 2783 τοῦ

319 2816 462 2853 Λουκᾶ
485 2812 674 2864 ρηθέντα,
707 2810 782 2867 ἄρα
802 2810 1043 2865 ἀσύμφωνος
1062 2813 1120 2864 εἷή
1141 2809 1163 2852 ὁ
1182 2810 1292 2866 ἅγιος
1311 2816 1529 2858 Ματθαῖος
1549 2808 1650 2864 πρὸς
1671 2808 1741 2863 τὴν
1761 2807 1851 2863 ἀλή-

320 2886 454 2929 θειανς
496 2877 597 2920 Ἀλλ’
624 2878 698 2921 οὐκ
723 2878 908 2933 ἀληθεύει
932 2878 954 2922 ὁ
977 2878 1086 2934 ἅγιος
1108 2883 1295 2931 Λουκᾶς,
1327 2877 1448 2919 εἰπών
1472 2878 1662 2933 περὶτῶν
1687 2876 1854 2932 πρώτων

320 2953 372 3006 τῷ
398 2950 601 3005 Ματθαίῳ
625 2949 1048 3004 πεπραγματευμένωνς
1092 2945 1176 3001 οὐχὶ
1206 2945 1353 3004 ἑκάστῳ
1379 2946 1550 3002 ἐμέρισεν
1580 2942 1603 2987 o‘
1631 2944 1748 2998 θεὸς,
1789 2948 1853 2988 ἵνα

367 3043 398 3079 7.
422 3040 598 3085 δαιμονίων
621 3042 688 3075 cod.
712 3043 778 3076 Vera,
1155 3038 1186 3072 8.
1210 3037 1339 3083 κηρύξῃ
1363 3040 1488 3080 corriyit
1509 3040 1665 3072 Petavius.
