2066 3319
521 191 700 223 PANARu
726 191 808 224 ΜΒ.
831 192 871 223 lt.
896 191 1003 225 TOM.
1026 194 1050 224 1.
1075 193 1207 225 HAER.
1230 194 1351 226 inv.
1627 186 1706 225 275

166 271 253 310 dum
278 277 360 320 est,
395 284 535 324 corpus
559 270 738 309 arbitrari
765 270 802 309 in
834 278 993 311 aeterna
1020 272 1079 312 illa
1107 273 1184 312 vita
1217 273 1349 327 procul
1374 273 1421 313 ab
1454 273 1579 313 anima
1607 275 1707 314 sutu-

165 351 272 387 rum,
307 338 405 391 quod
434 337 520 377 huic
549 338 639 377 illud
666 345 846 392 tanquam
874 339 1067 379 vinculum
1098 354 1141 380 ac
1170 341 1325 393 pedicae
1354 342 1454 392 sint,
1490 356 1536 382 ue
1566 343 1707 397 sempi-

166 405 287 445 ternis
315 405 480 446 vinculis
507 406 789 446 sceleratorum
820 406 944 446 instar
969 408 1106 447 addicti
1135 407 1358 458 videamur,
1394 424 1477 449 cum
1511 411 1547 450 in
1581 411 1706 450 lucido

163 473 228 513 illo
250 487 371 527 regno
396 474 517 514 simus
544 473 768 514 habitaturi.
833 472 930 515 Cum
955 475 1055 515 enim
1082 475 1233 515 abunde
1262 475 1447 516 dissoluta
1473 492 1516 518 ac
1542 481 1707 518 rel'utata

163 540 214 581 sit
238 541 302 581 illa
328 541 539 592 sententia,
573 556 670 596 quae
696 541 846 582 animae
871 543 1064 583 vinculum
1089 556 1246 583 carnem
1270 557 1358 583 esse
1384 545 1603 596 deliniebat,
1635 561 1707 586 una

163 616 203 649 et
224 608 317 650 illud
343 609 558 660 refellitur,
593 624 734 664 corpus
759 610 846 651 ideo
879 610 1036 650 minime
1064 618 1402 661 resurrecturum,
1438 628 1484 653 ne
1516 614 1551 653 in
1580 615 1708 668 splen-

163 677 250 717 dido
274 677 339 717 illo
367 691 513 731 regno,
547 677 580 717 si
605 678 696 718 illud
728 679 1014 733 receperimus,
1048 679 1167 719 vincti
1197 693 1283 719 esse
1312 680 1531 721 videantur.
1596 682 1707 734 Quae

162 745 287 795 enim,
323 745 385 785 illa
410 745 576 796 sublata,
612 756 718 786 certa
742 760 786 786 ac
811 753 996 786 constans
1016 746 1116 786 ratio
1142 760 1230 787 esse
1253 754 1395 802 potest,
1431 762 1503 802 qua
1530 749 1564 788 id
1590 764 1707 803 aegre

163 813 377 854 ferentibus
399 814 624 869 persuaderi
647 814 792 867 possit?
852 811 1071 854 Clariorem
1095 815 1141 854 iis
1165 828 1263 868 quae
1287 822 1374 855 ante
1403 826 1705 857 commemorata

161 888 250 921 sunt
280 881 436 922 minime
473 882 735 922 sustinebunt.
800 880 946 922 Verum
981 889 1124 936 quanto
1162 883 1233 923 bac
1269 883 1306 923 in
1343 897 1384 923 re
1417 884 1706 925 contradicendi

160 949 288 990 studio
327 952 524 1001 serantur,
568 964 652 990 cum
685 964 735 990 ex
768 949 885 1004 ipsis,
929 957 1007 990 tum
1044 964 1096 991 ex
1125 952 1210 991 aliis
1244 951 1416 1006 pluribus
1448 953 1707 993 demonstrari

161 1024 305 1070 potest.
366 1017 469 1058 Nam
495 1025 631 1072 postea
653 1018 691 1058 in
715 1018 800 1073 ipso
822 1018 1011 1059 orationis
1036 1033 1248 1074 progressu
1271 1019 1377 1060 veris
1399 1034 1443 1059 ac
1467 1021 1707 1062 naturalibus

160 1086 391 1137 rationibus,
428 1101 502 1126 non
527 1086 708 1127 inanibus
729 1086 966 1127 coniecturis
990 1089 1256 1138 ostendemus,
1291 1102 1416 1142 neque
1438 1088 1484 1128 ab
1505 1087 1704 1129 Hieremia

160 1168 231 1194 nos
249 1158 390 1194 vinctos
409 1163 533 1194 terrae
555 1162 713 1210 propter
728 1155 1038 1196 communionem
1064 1170 1150 1196 cum
1174 1170 1338 1211 corpore
1359 1157 1579 1197 nominatos
1598 1171 1703 1209 esse,
1725 1170 1798 1198 Thr.
1812 1172 1839 1205 3,
1859 1171 1902 1200 34.

159 1236 283 1277 neque
309 1221 501 1264 Davidem
528 1232 734 1278 propterea
757 1226 980 1275 compeditos
1003 1225 1214 1279 appellare.
1276 1223 1386 1264 Haec
1415 1225 1516 1264 enim
1548 1226 1703 1280 potissi·
1723 1239 1848 1275 Ps.1⁴5‚
1867 1241 1894 1266 τ.

158 1305 260 1331 mum
283 1294 619 1332 commemoranda
643 1299 733 1332 sunt
758 1293 795 1332 iu
824 1292 963 1346 quibus
988 1293 1156 1333 maxime
1184 1308 1205 1332 a
1232 1293 1398 1333 veritate
1426 1293 1623 1334 excidisse
1649 1295 1705 1335 vi-

159 1360 313 1400 dentur.
362 1359 423 1400 De
444 1360 617 1414 pelliceis
639 1361 767 1414 itaque
792 1361 948 1411 tunicis,
983 1368 1100 1414 utque
1125 1361 1344 1415 priusquam
1370 1375 1440 1402 eae
1464 1363 1704 1403 conticeren—

160 1435 222 1467 tur
252 1442 417 1483 corpore
446 1429 608 1482 praediti
640 1428 751 1483 primi
777 1429 899 1468 nostri
935 1435 1115 1483 parentes
1148 1430 1376 1481 extiterint,
1412 1437 1449 1469 et
1478 1430 1704 1471 immortali-

160 1496 248 1536 tatis
275 1503 500 1551 compotes,
536 1504 614 1536 tum
637 1510 799 1538 nervum
830 1504 869 1537 et
895 1510 1092 1536 carcerem
1125 1496 1256 1537 haberi
1285 1512 1361 1538 nou
1395 1512 1511 1552 posse
1543 1514 1700 1554 corpus,

160 1563 222 1604 ubi
247 1572 430 1618 quantum
458 1578 622 1605 necesse
648 1572 708 1605 est
736 1565 1007 1619 disputavero,
1042 1565 1189 1605 iudices
1223 1568 1310 1619 (vos
1342 1566 1442 1606 enim
1476 1581 1703 1607 sermonum

160 1639 382 1673 nostrorum
413 1633 586 1683 iudices,
623 1640 734 1687 teque
766 1633 964 1687 inprimis,
1000 1633 1142 1687 optime
1167 1633 1410 1689 Tlieopliile,
1456 1636 1698 1690 pronuntio),

159 1701 203 1741 ad
229 1715 275 1741 ea
308 1715 406 1755 quae
438 1701 636 1756 proposito
666 1708 800 1741 nostro
823 1708 1089 1742 consentanea
1120 1710 1209 1742 sunt
1239 1710 1277 1742 et
1311 1704 1590 1758 consequentia
1622 1718 1699 1755 me,

158 1776 199 1809 ut
232 1769 424 1824 pollicitus
450 1784 558 1822 sum,
593 1770 814 1820 conseram,
849 1776 890 1809 ut
918 1769 953 1809 id
986 1770 1086 1824 quod
1119 1770 1298 1812 volumus
1330 1772 1474 1813 clarius
1505 1772 1701 1827 inspicere

156 1851 366 1891 possimus.

1774 1874 1852 1917 Cap.

269 1904 481 1961 Postquam
511 1906 655 1947 artifex
678 1920 806 1946 rerum
831 1906 1000 1947 omnium
1030 1907 1124 1947 deus
1152 1914 1270 1948 totam
1299 1908 1398 1948 lianc
1430 1909 1700 1950 universitatis
1747 1921 1863 1953 XXV.

158 1975 397 2027 machinam,
432 1975 537 2016 velut
559 1976 755 2028 ingentem
779 1974 944 2029 aliquam
970 1975 1192 2026 civitatem,
1226 1977 1428 2031 praeclaro
1451 1978 1587 2018 ordine
1609 1992 1701 2018 con-

1728 1966 1888 2009 (xviii.)

157 2044 250 2085 didit
272 2059 317 2085 ac
337 2044 445 2085 vocis
465 2043 626 2098 imperio
653 2043 868 2095 constituit,
901 2044 940 2083 in
961 2057 1086 2097 eoque
1108 2044 1300 2085 elementa
1322 2045 1475 2100 singula
1497 2046 1697 2101 aptissime
1717 2055 1792 2083 Gen.
1814 2055 1838 2082 1.

159 2113 397 2169 composuit,
431 2127 475 2153 ac
499 2112 619 2152 variis
646 2112 904 2165 animantium·
920 2113 1131 2166 generibus
1157 2114 1365 2168 complevit
1389 2114 1539 2165 omnia,
1575 2122 1616 2154 nt
1640 2115 1700 2155 liic

158 2183 322 2223 mundus
354 2182 525 2237 perfecte
559 2181 604 2220 ad
637 2194 788 2220 omnem
818 2180 1138 2235 pulchritudinem
1165 2183 1430 2233 adolesceret,
1464 2198 1549 2223 cum
1582 2184 1618 2223 in
1652 2197 1698 2224 eo

157 2251 394 2291 omnimodas
421 2256 582 2289 naturae
614 2249 757 2289 formas
783 2249 892 2289 vivas
916 2249 1182 2305 animatasque
1206 2259 1477 2306 procreasset,
1512 2258 1628 2305 atque
1660 2258 1700 2291 et

155 2318 194 2359 in
218 2320 326 2360 coelo
349 2319 501 2368 sidera,
536 2324 575 2358 et
599 2317 636 2358 in
661 2323 752 2358 a'e're
778 2317 982 2369 volucres,
1018 2326 1055 2360 et
1078 2320 1115 2360 in
1145 2327 1248 2360 terra
1274 2320 1562 2375 quadrupedes,
1597 2326 1635 2360 et
1657 2319 1695 2360 in

156 2387 262 2442 aquis
287 2387 459 2428 natantia
482 2387 737 2437 collocasset,
772 2393 1008 2441 postremum
1038 2389 1207 2429 omnium
1240 2389 1455 2439 hominem,
1491 2388 1550 2428 cui
1575 2395 1696 2428 totum

155 2455 254 2496 hunc
287 2456 467 2497 mundum
500 2456 606 2496 velut
640 2456 837 2509 egregium
873 2456 1061 2510 quoddam
1096 2458 1333 2511 praetorium
1364 2465 1594 2512 paraverat,
1638 2458 1694 2498 sic

156 2533 335 2580 tanquam
360 2524 609 2565 simulacrum
643 2524 831 2578 quoddam
865 2524 911 2564 ad
945 2524 1004 2565 sui
1033 2526 1194 2580 effigiem
1225 2540 1455 2580 expressum
1487 2525 1526 2566 in
1559 2525 1692 2567 orbem

152 2656 222 2684 runt
243 2654 348 2693 scripti
371 2652 557 2691 exemplaris
588 2652 704 2690 aliquot
735 2651 816 2690 foliis
838 2659 902 2681 me-
998 2649 1046 2684 16.
1072 2650 1224 2693 ἱηρεμίαν
1249 2652 1315 2683 cod.
1343 2653 1442 2682 t'enet.

153 2698 256 2729 delam
275 2700 377 2729 attulit
399 2698 495 2728 codex
523 2698 670 2735 Venetus,
703 2698 734 2727 in
765 2706 823 2736 quo
847 2706 901 2727 vo·
995 2697 1043 2730 17.
1071 2695 1117 2738 μή
1145 2696 1182 2731 δὲ
1206 2699 1272 2728 cod.
1298 2699 1395 2728 Venet.

154 2745 297 2775 eubulum
326 2740 491 2777 δεικνύναι
521 2746 592 2782 apte
618 2743 773 2781 excipiunt
807 2744 900 2773 verba
994 2744 1044 2774 les.
1070 2743 1128 2785 κᾳὶ
1152 2748 1255 2775 ταῦτα
1279 2744 1345 2774 cod.
1376 2744 1472 2774 Venet.

153 2790 218 2821 τῶν
249 2788 449 2831 εἰρημένων,
485 2797 563 2828 quae
594 2789 686 2827 vulyo
715 2790 821 2818 extant
845 2789 900 2818 sub
995 2786 1044 2819 19.
1072 2786 1126 2820 οὖν
1152 2785 1194 2830 δή
1221 2787 1285 2820 τῶν
1310 2789 1375 2819 cod.
1402 2789 1500 2819 Vener.

155 2835 290 2866 medium
312 2845 380 2875 cop.
401 2832 449 2865 17.
473 2843 548 2873 pay.
566 2831 641 2865 540.
657 2835 692 2864 A.
735 2834 807 2864 Cod.
823 2834 902 2864 Rhe-
990 2834 1044 2863 2¹0.
1070 2832 1127 2865 καὶ
1154 2831 1190 2865 σὲ
1212 2831 1256 2873 δή
1270 2858 1278 2872 ,
1311 2835 1358 2864 vel
1378 2835 1477 2865 simile
1498 2835 1593 2873 quid,
1621 2835 1650 2865 h.
1672 2836 1690 2866 l.

155 2880 217 2919 dig.
239 2881 278 2910 ab
300 2881 390 2911 editis
414 2880 500 2909 libris
519 2888 579 2910 non
599 2879 713 2918 differt,
737 2880 798 2909 nisi
818 2878 899 2918 quod
945 2879 1094 2910 excidisse
1125 2881 1182 2909 sibi
1211 2881 1385 2917 persuasit,
1418 2889 1533 2918 parurn
1566 2881 1693 2920 feliciter

155 2922 318 2958 δεικνύναι,
341 2922 406 2968 χρὴ
430 2925 518 2955 habet
540 2934 597 2963 pro
621 2921 685 2967 χρὴ
711 2920 885 2958 δεικνύναι.
944 2933 1039 2962 sane,
1071 2925 1264 2955 doctissimus
1288 2925 1461 2957 Galuherus
1479 2926 1579 2957 Advv.
1603 2927 1691 2957 Misc.

202 2968 252 3002 14.
277 2969 501 3012 ἐνεργέστερον
525 2971 591 3001 cod.
619 2971 718 3001 Venet.
945 2969 1046 3001 Posth.
1071 2978 1140 3008 cap.
1156 2969 1208 3001 34.
1232 2979 1305 3009 pay.
1321 2969 1395 3002 ’λδ-’4.

202 3015 253 3047 15.
276 3014 419 3060 ἐλέγχων
442 3015 509 3047 cod.
537 3016 636 3047 Venet.
990 3015 1044 3046 21.
1068 3009 1107 3048 ἵν’
1132 3024 1192 3046 om.
1217 3016 1283 3047 cod.
1308 3015 1406 3048 Venet.

1328 3073 1417 3115 18*
