2066 3319
499 184 676 217 PANARn
702 184 785 216 ΜΒ.
802 185 844 216 11.
869 185 976 217 Toni.
995 187 1019 217 1.
1046 186 1177 217 ΗΑΕΒ.
1196 186 1319 217 inv.
1601 177 1681 216 259

147 280 222 308 non
254 265 392 315 iidem,
427 265 526 318 quod
560 264 606 304 ad
642 278 797 304 carnem
832 271 1002 318 spectat,
1038 265 1102 305 illo
1130 273 1301 320 tempore
1330 279 1417 306 esse
1450 264 1678 320 poterimus,

144 334 210 375 sed
234 334 353 374 forma
380 338 542 381 tantum,
577 345 674 386 quae
702 332 738 371 in
765 331 876 372 nobis
903 340 1087 386 perpetuo
1112 334 1223 374 modo
1247 341 1505 374 conservatur
1527 347 1572 373 ac
1596 347 1682 388 per-

143 401 258 442 sistit.
319 399 422 441 Nam
456 400 555 454 quod
581 400 619 440 in
644 400 835 454 superiori
862 400 925 440 illa
951 401 1201 442 similitudine
1232 402 1340 456 pellis
1373 410 1455 452 est,
1491 402 1589 441 idem
1623 408 1683 441 est

144 469 319 510 hocloco
348 470 494 519 t'orma3
528 469 627 523 quod
651 475 777 509 autem
803 467 881 508 illie
903 483 1023 523 aqua,
1058 470 1092 510 id
1117 471 1238 524 ipsum
1266 469 1302 509 in
1329 471 1524 524 proposito
1548 479 1681 510 nostro

141 538 230 578 illud
254 544 315 577 est
338 537 447 577 cuius
473 537 652 577 accessio
676 537 716 576 lit.
736 544 801 576 aut
827 537 1019 579 decessio,
1083 537 1215 592 Quare
1239 539 1574 591 quemadmodum,
1610 537 1682 578 etsi

143 620 218 647 non
251 605 350 646 idem
385 605 498 646 modo
531 619 672 660 corpus
705 612 787 656 est,
831 606 963 646 eadem
998 606 1246 646 nihilominus
1279 607 1424 646 l'ormae
1455 607 1606 660 speeies
1639 620 1683 646 ac

141 673 262 727 figura
289 673 500 724 retinetur,
534 674 584 714 ita
611 674 702 714 licet
730 689 804 714 non
831 675 930 715 idem
954 688 1094 729 corpus
1120 673 1278 723 existat,
1317 675 1438 714 l'orina
1466 675 1547 728 ipsa
1574 688 1684 729 prae·

142 742 368 783 stantiorem
393 742 430 783 in
453 749 594 782 statum
618 749 753 783 evecta
776 758 852 783 non
875 743 949 782 iam
972 744 1009 782 in
1034 741 1272 796 corruptibili
1299 756 1479 796 corpore,
1509 743 1575 782 sed
1598 756 1683 796 pas-

141 810 263 852 sionis
284 818 448 867 experte
471 810 712 865 spiritalique
735 810 1101 865 comprehendetur.
1148 807 1374 851 Cuiusmodi
1402 808 1510 850 lesus
1536 809 1680 861 habuit,
1704 820 1811 881 Qlss‘fh‘
1836 820 1876 847 ιτ.

142 886 229 934 post
258 878 638 934 transfigurationem
667 879 763 919 lianc
796 879 948 933 qnando
980 879 1016 919 in
1049 887 1218 919 montem
1253 893 1337 919 cum
1364 876 1505 929 Petro,
1542 876 1683 933 Moyse
1705 856 1800 882 ’ἴως’
1819 856 1845 883 9'

143 955 181 988 et
210 946 321 998 Elia,
357 948 419 1003 qui
453 955 530 988 tum
563 947 617 988 illi
649 955 932 1003 apparuerunt,
967 947 1156 988 ascendit.
1735 982 1812 1023 Cap.

253 1014 332 1057 Sed
359 1017 404 1056 de
433 1016 491 1057 liis
512 1017 721 1068 liactenus3
758 1017 853 1057 llaec
875 1015 976 1056 enim
999 1022 1060 1056 est
1080 1013 1267 1069 Origenis
1289 1016 1509 1070 dogmatum
1534 1029 1682 1056 summa
1718 1028 1842 1059 xviii.

142 1084 453 1140 comprehensio.
518 1083 630 1138 Quod
655 1084 687 1125 si
712 1085 798 1139 quis
821 1084 1135 1126 adversariorum
1164 1082 1309 1125 Clu-isti
1337 1098 1477 1139 corpus
1511 1074 1889 1134 obiiciat,(XXX¹X·)

143 1168 189 1196 eo
215 1154 314 1209 quod
336 1157 611 1206 primogenitus
633 1161 865 1193 mortuorum
889 1168 933 1193 uc
951 1157 1144 1206 primitiae
1167 1155 1425 1193 dormientium
1453 1154 1683 1208 appelletur,
1707 1162 1878 1197 Apoe.1‚5.

141 1225 270 1278 itaque
305 1221 484 1276 colligat,
528 1223 846 1277 quemadmodum
877 1222 942 1263 ille
974 1222 1217 1272 resurrexit,
1261 1221 1314 1261 ita
1347 1229 1385 1262 et
1415 1202 1890 1266 resurrectura1c3{.15,2o.

142 1299 270 1332 cetera
295 1290 434 1341 videri,
469 1298 508 1331 ut
532 1294 710 1344 quomodo
732 1294 905 1331 Christus
927 1294 1153 1339 resurrexit,
1189 1294 1243 1330 sie
1266 1298 1302 1330 et
1320 1293 1410 1330 deus
1431 1299 1595 1330 mortuos
1614 1305 1686 1343 per
1706 1301 1729 1329 1.
1748 1299 1856 1327 '1'hess.

143 1364 263 1401 Iesum
289 1363 472 1406 adducat,
508 1373 592 1400 cum
625 1359 708 1414 ipso
734 1375 849 1415 porro
872 1358 961 1400 lesu
986 1374 1126 1415 corpus
1153 1360 1208 1400 sic
1229 1373 1318 1400 esse
1341 1374 1362 1399 a
1389 1359 1551 1399 mortuis
1578 1358 1686 1399 exci-
1729 1335 1754 1370 ⁴⁷
1776 1336 1814 1362 Η

145 1436 290 1480 tatum,
324 1428 461 1468 iisdem
493 1428 545 1467 uti
577 1428 758 1469 carnibus
785 1428 1016 1483 ossibusque
1047 1435 1267 1478 constaret,
1310 1427 1344 1468 id
1379 1429 1478 1482 quod
1508 1427 1687 1468 Tltomae

143 1511 372 1553 persuasum
400 1496 537 1547 suerit,
572 1511 643 1537 nos
665 1511 709 1537 ca
740 1496 796 1537 sic
827 1497 1156 1551 respondeamus,
1192 1494 1339 1537 Cliristi
1370 1511 1510 1551 corpus
1537 1511 1610 1536 non
1638 1512 1788 1540 exioann
1809 1512 1890 1545 ωτι,

146 1568 335 1605 voluntate
366 1568 440 1604 viri
461 1579 506 1604 uc
533 1567 720 1617 voluptate
744 1569 935 1618 somnique
959 1568 1224 1617 congressione
1249 1568 1286 1604 in
1317 1566 1577 1617 iniquitatibus
1607 1581 1685 1604 esse
1705 1554 1776 1610 ἰᾞᾷ
1793 1548 1820 1617 1⁷2
1838 1548 1880 1610 ξᾱ

144 1642 352 1686 susceptum
367 1665 377 1681 ,
412 1642 448 1672 et
468 1637 505 1672 in
534 1637 699 1686 peccatis
727 1637 918 1686 genitum,
953 1636 1019 1673 sed
1045 1637 1090 1673 de
1119 1637 1257 1686 spiritu
1287 1642 1417 1673 saneto
1447 1642 1485 1673 et
1513 1636 1693 1673 altissimi

145 1706 283 1743 virtute
306 1716 350 1742 ac
375 1702 526 1755 virgine
550 1710 819 1757 procreatum,
857 1710 961 1743 tuum
994 1710 1119 1742 autem
1145 1716 1282 1742 somno
1304 1716 1347 1742 ac
1373 1703 1570 1757 voluptate
1604 1716 1689 1742 sor-

148 1771 334 1825 dibusque
368 1777 564 1810 constare.
629 1769 755 1825 Quam
782 1770 830 1811 ob
861 1784 1036 1812 caussam
1071 1771 1226 1825 sapiens
1257 1771 1320 1811 ille
1347 1768 1485 1811 Siraelt
1519 1785 1690 1825 pronun-

146 1840 236 1880 tiat:
284 1842 372 1878 Cum
403 1842 497 1878 enim
531 1843 711 1879 morietur
733 1843 860 1888 homo,
896 1841 1119 1879 hereditabit
1148 1847 1359 1892 serpentes,
1395 1848 1433 1879 et
1462 1841 1619 1887 bestias,
1654 1846 1692 1879 et
1708 1851 1766 1879 Sir.
1786 1853 1829 1887 10,
1849 1852 1891 1881 11.

144 1923 296 1947 vermes.
363 1907 421 1947 Ad
452 1907 546 1948 llaec
570 1906 834 1948 LXXXVll.
860 1906 1040 1948 Psalmo:
1073 1910 1266 1960 Numquid
1289 1912 1446 1947 mortuis
1473 1910 1591 1958 facies
1621 1911 1688 1947 mi·
1707 1920 1757 1949 Ps.
1775 1921 1817 1956 εἴ,
1839 1921 1880 1949 10.

146 1978 283 2016 rabilia
295 2007 305 2024 ,
340 1985 409 2016 aut
428 1980 563 2016 medici
578 1978 815 2016 suscitabunt
832 1984 869 2015 et
888 1978 1165 2029 confitebuntur
1185 1978 1281 2016 tibi?
1339 1979 1532 2029 Numquid
1551 1991 1689 2016 narru-

144 2046 198 2085 bit
218 2047 356 2097 aliquis
381 2049 418 2084 in
445 2047 644 2098 sepulchro
669 2048 960 2085 misericordiam
988 2054 1086 2084 tuam
1097 2076 1108 2093 ,
1143 2053 1180 2084 et
1204 2049 1395 2085 veritatem
1417 2054 1515 2084 tuam
1541 2049 1578 2085 in
1600 2060 1686 2098 per-

147 2117 286 2154 ditione
299 2118 317 2152 ?
346 2117 528 2166 numquid
549 2123 824 2166 cognoscentur
845 2117 882 2153 in
904 2116 1065 2154 tenebris
1086 2115 1273 2154 mirabilia
1295 2122 1372 2162 tuo,
1398 2122 1434 2153 et
1456 2117 1599 2153 iustitia
1625 2122 1688 2153 lucz

146 2186 182 2222 in
206 2191 308 2222 terra
331 2183 554 2222 obliviones?
615 2182 816 2223 Eiusmodi
843 2190 882 2223 et
910 2183 984 2224 alia
1015 2183 1231 2238 scripturae
1256 2183 1375 2223 verba
1399 2183 1557 2223 cuilibet
1581 2183 1688 2221 colli-

147 2265 240 2305 gere
263 2251 375 2302 licet3
410 2265 458 2292 ne
480 2252 512 2292 si
541 2252 669 2292 omnia
693 2252 850 2307 copiose
880 2252 1082 2307 complecti
1103 2266 1148 2292 ac
1173 2265 1479 2292 commemorare
1504 2251 1685 2301 velimus,

147 2320 332 2361 maiorem
366 2321 405 2360 in
438 2321 591 2362 modum
625 2327 831 2362 excrescat
863 2321 1004 2361 oratio.

621 2515 848 2556 SEQUITUR
878 2516 939 2548 EX
967 2515 1214 2548 METHODIO.

261 2593 358 2638 Cum
381 2595 545 2638 Proclns
573 2610 690 2649 aegre
718 2595 867 2636 dicendi
898 2598 1009 2636 tinem
1045 2596 1224 2644 lecisset,
1260 2593 1320 2633 din
1353 2593 1399 2632 iis
1431 2592 1492 2646 qui
1525 2592 1892 2646 aderantCap.XtX.

149 2666 364 2706 tacentibus
392 2673 428 2706 ct
452 2666 496 2706 ad
524 2665 787 2706 inlidclitatem
812 2664 961 2704 abunde
985 2663 1210 2718 prostratis,
1246 2669 1493 2717 posteaquam
1522 2660 1687 2702 desiisse
1746 2643 1859 2686 (XL.)

148 2734 252 2774 illuni
279 2734 558 2784 animadverti,
593 2733 738 2774 sensim
766 2739 880 2787 caput
901 2733 1083 2773 attollens
1108 2746 1152 2772 ac
1183 2731 1405 2785 respirans,
1441 2736 1476 2769 nt
1505 2729 1528 2769 ii
1553 2730 1614 2783 qui
1648 2730 1686 2770 in

151 2803 244 2843 mari
272 2802 481 2858 navigant,
516 2802 578 2842 ubi
609 2802 738 2842 sedari
772 2808 987 2856 tempestas
1014 2800 1162 2854 coepit,
1199 2806 1369 2838 tremens
1396 2798 1518 2838 adhuc
1550 2798 1687 2838 nihilo-

152 2871 300 2923 minus,
335 2886 381 2912 ac
402 2871 597 2926 vertigine
622 2877 825 2926 correptus
857 2872 920 2923 <ut
940 2869 1041 2910 enim
1070 2868 1169 2922 qnod
1200 2881 1262 2906 res
1294 2873 1354 2906 est
1384 2866 1551 2921 ingenue
1575 2866 1687 2907 vobis

196 2972 227 3005 2.
254 2972 374 3008 ἱκανῶν
399 2975 465 3006 cod.
491 2976 589 3006 Venet.
989 2969 1020 3004 4.
1044 2966 1252 3013 ἦρεματικῆν
1276 2971 1342 3001 cod.
1374 2971 1461 3010 Ven.,
1485 2971 1614 3010 fortasse
1632 2978 1689 3010 pro

196 3018 227 3052 3.
254 3019 306 3061 εἴη
331 3021 397 3052 cod.
423 3021 491 3051 Ven.
544 3021 638 3061 Vulgo
663 3019 743 3062 εἴην.
944 3014 1057 3060 *dp-ipa
1079 3027 1111 3049 τ’.
1134 3013 1203 3058 τήν.

1322 3077 1371 3115 17
1396 3073 1418 3097 *
