2066 3319
281 228 332 267 86
842 225 1002 258 SANCTI
1025 224 1249 257 EPIPHANH

277 311 476 363 Ρωμαίων
499 305 599 360 πρὸς
621 304 844 352 Ἰουδαίους
867 305 1080 354 συναφείας
1104 299 1279 343 εἰκοστόν
1304 300 1473 341 «ξ”νατον
1462 300 1557 348 ε’τος.
1617 296 1816 340 Βασιλεύει

283 380 351 432 μὲν
380 375 452 432 γάρ
475 373 706 428 Αὔγουστος
727 372 1014 426 τριςκαίδεκα’
1003 372 1067 423 ε’τη
1100 387 1221 423 πρινη
1246 367 1317 421 τήν
1340 366 1541 409 Ἰουδαίαν
1562 371 1818 419 συναφθῆναι

284 448 431 492 τελείως
452 442 666 495 Ρωμαίοις.
717 435 792 480 ΐΗν
820 439 861 480 δὲ
884 439 950 480 καὶ
977 437 1079 488 ἐξότε
1107 439 1350 490 ἐβασίλευσεν
1373 433 1602 517 Αὔγουστος
1630 451 1723 487 μετα
1754 436 1818 486 ἔτη

285 515 449 566 τέσσαρα
472 515 541 564 τῆς
564 508 684 550 αὐτοῦ
707 510 900 561 βασιλείας
924 509 1040 547 πλείω
1062 505 1089 559 ἢ
1113 504 1258 547 ἐλάσσω
1282 506 1390 555 φιλία
1414 503 1482 556 μὲν
1503 502 1700 557 Ρωμαίων
1721 500 1820 557 πρὸς

286 580 530 630 Ἰουδαίους,
570 578 637 619 καὶ
668 578 864 629 συμμαχία
891 575 1143 627 πεμπομένη,
1180 574 1246 614 καὶ
1281 573 1491 626 ἐπίτροπος
1520 570 1820 624 καθιστάμενος,

287 650 352 690 καὶ
379 649 476 701 μέρη
511 645 648 700 φόρων
683 646 746 686 ἐπὶ
779 645 893 685 πέντε
921 644 1018 684 ἔτεσι
1049 644 1164 682 πλείω
1199 639 1225 693 ἢ
1257 641 1423 681 ἔλασσω·
1465 640 1537 687 ἕως
1571 638 1664 681 ὅτου
1697 639 1823 680 τέλεον

289 715 496 770 παρεδόθη
527 712 554 766 ἦ
575 712 752 755 Ἰουδαία
786 713 853 753 καὶ
874 709 951 752 find
979 711 1106 762 φόρον
1136 709 1334 763 γεγένηται
1363 706 1597 758 τελειότατα,
1627 708 1824 760 ληξάντων

289 789 366 826 τῶν
402 781 481 824 άπὸ
513 781 650 823 Ἰούδα
686 779 904 833 άρχόντων,
943 780 1007 820 καὶ
1038 776 1217 832 Ἡρώδου
1256 778 1294 826 ἐξ
1333 778 1466 818 ἐθνῶν
1497 776 1824 825 κατασταθέντος,

290 850 535 906 προςηλύτου
569 851 638 902 μέν
671 851 730 890 τοί
763 865 822 903 γε·
863 845 944 888 ἐἶτα
977 850 1151 901 Χριστοῦ
1184 845 1441 899 γεννηθέντος
1471 845 1512 885 ἐν
1542 843 1721 896 Βηθλεὲμ
1756 846 1826 895 τῆς

289 919 510 968 Ἰουδαίας,
542 916 727 965 ἐλθόντος
748 933 786 958 τε
808 917 871 958 ἐπὶ
893 913 935 957 τὸ
961 914 1156 969 κήρυγμα,
1187 912 1385 966 ληξάντων
1410 913 1476 953 καὶ
1505 915 1687 965 Χριστῶν
1710 908 1825 966 ἡγου-

295 990 440 1041 μένων,
480 984 769 1039 διαρκεσάντων
802 985 874 1032 ἕως
903 982 1158 1036 Ἀλεξάνδρου
1192 979 1414 1035 ἡγουμένου
1443 981 1511 1022 καὶ
1534 982 1731 1026 Σααλίνας
1759 983 1829 1031 τῆς

293 1058 358 1098 καὶ
394 1052 668 1107 Ἀλεξάνδρας·
717 1051 828 1093 ἅτινα
865 1057 985 1093 ταῦτα
1020 1051 1148 1092 πάντα
1183 1051 1367 1099 ἐτελεῖτο,
1411 1047 1607 1103 άρξάμενα
1646 1045 1723 1088 άπὸ
1760 1051 1829 1100 τῆς

294 1122 508 1180 γεννήσεως
539 1126 609 1173 τῆς
640 1122 680 1162 ἐν
704 1121 881 1173 Βηθλεὲμ
914 1121 954 1161 ἐν
985 1122 1278 1174 τεσσαρακοστῷ
1303 1117 1470 1174 δευτέρῳ
1501 1118 1574 1158 ἔτει
1602 1120 1672 1169 τῆς
1702 1114 1830 1168 πάσης

297 1194 492 1246 βασιλείας
514 1187 770 1244 Αὐγούστου,
803 1187 846 1236 ὃς
871 1183 921 1240 ’ἧν
951 1189 1084 1236 ἔνατος
1113 1184 1288 1234 ἐνιαυτός
1317 1183 1394 1226 άπό
1418 1189 1487 1238 τῆς
1514 1186 1726 1237 ἐπιτροπῆς
1747 1182 1831 1225 Ἀν-

295 1260 486 1313 τιπάτρου
508 1262 577 1300 τοῦ
597 1255 744 1311 πατρὸς
763 1253 960 1309 Ἡρώδου,
991 1255 1054 1296 ὅτε
1077 1257 1186 1306 φιλία
1210 1249 1258 1307 ἦν
1279 1251 1477 1306 Ῥωμαίων
1498 1252 1598 1307 πρὸς
1616 1250 1832 1300 Ἰουδαίους

135 1349 202 1378 pag.
221 1340 279 1369 445.
299 1330 365 1370 καὶ
393 1329 489 1382 μέρη
521 1324 721 1378 δομάτων,
759 1324 825 1364 καὶ
858 1324 1038 1376 τέταρτον
1073 1324 1156 1370 ἔτος
1191 1322 1542 1370 2κατασταθέντος
1566 1319 1644 1363 ino*
1674 1318 1832 1375 Αὐγού-

298 1412 414 1447 στου,
447 1393 539 1447 μετά
572 1394 614 1434 δὲ
642 1390 685 1434 τὸ
716 1392 898 1444 τέταρτον
929 1392 1014 1437 ἔτος
1036 1388 1236 1444 Ἡρώδου,
1277 1391 1491 1444 ἐπιτροπῆς
1524 1406 1563 1430 τε
1594 1389 1706 1430 πέντε
1737 1390 1833 1430 ἐτῶν

300 1467 415 1506 πλείω
439 1462 465 1515 ἢ
489 1461 636 1503 ἐλάσσω
660 1457 916 1512 Ἀντιπάτρου
940 1462 1009 1499 τοῦ
1038 1456 1184 1511 πατρὸς
1207 1455 1328 1498 αὐτοῦ
1343 1491 1351 1507 ,
1381 1457 1519 1499 λοιπὸν
1540 1459 1835 1511 παραδοθείσης

300 1538 369 1586 τῆς
390 1530 592 1577 Ἰουδαίας
612 1531 782 1577 τελείως,
821 1528 895 1574 ἕως
922 1530 1154 1580 τριακοστοῦ
1182 1527 1312 1578 τρίτου
1342 1527 1453 1574 ἔτους
1476 1524 1674 1580 Ἡρώδου,
1704 1539 1834 1566 τεσσα-

302 1604 494 1656 ρακοστοῦ
530 1598 714 1651 δευτέρου
745 1597 857 1643 ἔτους
885 1592 1120 1649 Αὐγούστου
1150 1592 1448 1647 πληρώσαντος,
1479 1596 1739 1648 κρατηθείσης
1768 1597 1837 1645 τῆς

303 1668 431 1721 πάσης
461 1666 678 1715 Ἰουδαίας,
719 1662 772 1712 ὥς
800 1664 923 1716 ἔφην,
963 1660 1056 1714 μετά
1088 1659 1132 1702 τὸ
1164 1666 1323 1714 ποιῆσαι
1357 1661 1479 1715 αὐτὴν
1510 1662 1743 1703 εἰκοσιεννέα
1772 1662 1837 1713 ἔτη

303 1736 513 1791 ὖπόφορον
533 1732 755 1787 Ῥωμαίοις,
787 1732 854 1773 καὶ
877 1729 969 1784 μετά
991 1729 1034 1771 τὸ
1058 1734 1355 1781 κατασταθῆναι
1386 1731 1595 1783 ἐπίτροπον
1625 1728 1693 1771 τὸν
1717 1727 1836 1770 Ἀντί-

304 1822 450 1859 πατρον
468 1802 647 1858 Ἡρώδου
673 1801 839 1855 πατέρα,
872 1796 948 1852 μετ’
972 1795 1092 1838 αὐτὸν
1116 1798 1176 1847 δὲ,
1205 1795 1382 1851 Ἡρώδην
1412 1799 1567 1851 βασιλέα
1593 1802 1840 1850 κατασταθῆ-

306 1892 369 1915 ναι
399 1870 478 1914 ὖπό
506 1868 741 1925 Αὐγούστου
777 1870 841 1909 ἐπὶ
874 1872 942 1920 τῆς
964 1865 1174 1913 Ἰουδαίας.
1241 1870 1371 1906 Ταῦτα
1399 1866 1439 1906 δὲ
1467 1864 1767 1921 ἐπραγματεύθη
1800 1867 1840 1907 ἐν

306 1940 471 1997 ὑπατείᾳ
493 1938 701 1980 Ὀκταυΐου
725 1934 960 1991 Αὐγούστου
985 1933 1026 1975 τὸ
1056 1934 1370 1988 τριςκαιδέκατον
1392 1934 1459 1974 καὶ
1482 1938 1650 1976 Σιλανοῦ
1672 1932 1839 1984 ὑπάτου,

312 2009 482 2063 3ἥντινα
515 2005 706 2048 ὑπατείαν
743 2005 958 2053 διεδέξαντο
989 2005 1031 2043 αἰ
1062 1999 1578 2057 ’ὖποτεταγμένανῦπατείαι
1607 2000 1842 2050 άκολουθῶς

309 2077 454 2125 οὕτως·

406 2144 453 2198 β’.
516 2140 773 2184 4Αεντούλου
804 2141 871 2181 καὶ
904 2142 1122 2187 5Πίσωνος
1150 2137 1193 2180 vd
1225 2136 1415 2194 δεύτερον.

409 2212 453 2268 γ’.
513 2213 693 2253 Λουκίου
728 2211 962 2261 6Καίσαρος
991 2208 1056 2248 καὶ
1091 2205 1267 2248 Παύλου.

411 2279 456 2322 δ’.
520 2285 539 2308 ⁷
558 2277 823 2320 Οὕϊνδουκίου
855 2277 921 2317 καὶ
956 2273 1128 2329 Οὐάρου.

419 2347 457 2390 ε’.
521 2350 712 2400 8Λαμίου
741 2346 809 2386 καὶ
838 2346 1084 2398 Σερουϊλίου.

415 2415 460 2465 ς’.
523 2414 728 2470 9Μάγνου
758 2413 826 2454 καὶ
861 2416 906 2440 ¹⁰
924 2409 1149 2466 Οὐαλερίου.

419 2484 459 2535 ζ’.
517 2486 697 2525 Λεπίδου
726 2483 794 2523 καὶ
821 2479 1061 2535 Ἀρουνκίου.

413 2552 460 2606 η’.
527 2557 539 2580 ¹
557 2557 569 2580 ¹
590 2553 789 2605 Καίσαρος
817 2550 883 2590 καὶ
916 2549 1158 2596 Καπίτωνος.

404 2619 458 2661 θ’.
523 2623 784 2674 12Κρητικοῦ
813 2618 880 2658 καὶ
912 2613 1082 2670 Νερούα.

445 2687 455 2701 Ι

432 2706 467 2731 ι.
527 2690 725 2742 Καμίλλου
754 2687 819 2728 καὶ
851 2687 1160 2726 Κυϊντιλλιανοῦ.

429 2813 585 2855 Ηρώδου
614 2812 881 2851 κατασταὲέντος
910 2813 1062 2852 supplevit
1152 2811 1183 2842 5.
1218 2812 1265 2842 lta
1299 2811 1365 2841 cod.
1392 2811 1528 2841 Venetus.
1583 2808 1679 2847 Vulgo
1709 2805 1850 2840 Πίσσω-

319 2864 378 2895 Ios.
404 2864 553 2901 scaliger.
1107 2867 1170 2893 νος.
1219 2857 1317 2887 Verba
1345 2851 1382 2887 τὸ
1406 2850 1559 2895 δεύτερον
1591 2854 1702 2884 absunt
1732 2861 1752 2883 α
1783 2853 1849 2884 cod.

367 2908 399 2940 3
432 2918 479 2944 ως
508 2904 664 2944 πο))άκ.ς
697 2904 780 2948 ἔφψ
809 2900 851 2946 ἥ)
882 2915 953 2937 τιαα
994 2903 1061 2935 cod.
1110 2903 1229 2933 Veneto.

325 2954 461 2984 Venetus.
1153 2946 1184 2979 6.
1223 2948 1288 2977 Vox
1308 2943 1481 2986 Καίσαρος
1511 2944 1704 2975 desideratur
1726 2944 1759 2974 in
1783 2944 1850 2974 cod.

367 2995 398 3029 4.
424 2998 486 3030 Pro
497 2994 679 3031 Δεντοῦλου
698 2998 744 3028 ed.
760 2998 860 3036 princ.
881 2994 1064 3027 ΙιαὸειΛεν-
1111 2994 1229 3024 Veneto.
1279 2993 1412 3029 Gaium,
1447 2998 1536 3029 quem
1566 2990 1758 3028 Epiphanius
1781 2987 1851 3019 Lu—

324 3039 470 3077 τούλλου.
1113 3037 1216 3077 cium,
1241 3037 1327 3068 Fasti
1349 3036 1447 3067 Siculi
1469 3035 1627 3074 appellant
1649 3032 1808 3065 Publium.
