2066 3319
538 172 715 204 PANARn
742 172 824 204 Lm.
846 173 885 204 11.
907 173 1012 205 Tou.
1035 175 1059 205 r.
1086 175 1214 207 men.
1237 175 1345 207 an.
1629 167 1706 206 211

167 253 352 294 bicularis
374 253 510 306 figura.
572 251 634 292 Ac
657 250 734 291 vim
755 251 906 305 quidem
930 252 1032 292 illam
1056 254 1323 303 calefaciendi,
1359 254 1430 294 hoc
1454 261 1514 294 est
1541 255 1709 294 calorem

168 329 283 376 atque
316 328 490 370 aestum,
525 319 676 374 spiritui
713 321 976 374 respondere,
1011 321 1248 362 illuminandi
1279 338 1372 363 vero
1401 324 1474 363 vim
1510 323 1610 372 filio,
1646 337 1712 377 pa-

170 397 266 430 trem
295 388 461 442 denique
489 388 605 428 totius
631 386 852 442 hypostasis
880 388 988 429 velut
1012 390 1199 442 quandam
1234 405 1320 430 esse
1351 392 1524 431 l'ormznn.
1592 390 1714 445 lgitur

170 458 285 498 filium
314 457 506 497 affirmant
537 455 631 495 radii
658 455 695 495 iu
721 471 866 496 morem
900 456 1083 497 emissum
1120 458 1270 508 omnia,
1312 473 1410 512 quae
1442 461 1486 499 ad
1521 460 1713 514 evangelii

170 533 208 567 et
233 526 421 566 humanae
445 524 582 565 salutis
607 525 919 579 procurationem
942 525 1176 576 attinerent,
1211 526 1248 565 in
1280 526 1351 565 hoe
1383 528 1524 567 mundo
1551 529 1713 583 praesti-

171 594 289 644 tisse,
325 602 439 648 atque
463 593 516 633 ita
538 593 577 633 in
602 593 752 633 coelum
776 593 956 644 rediisse,
992 594 1312 648 quemadmodum
1340 595 1370 634 is
1395 596 1457 649 qui
1486 610 1504 635 a
1530 597 1611 637 sole
1637 612 1715 636 ma-

170 663 278 704 navit
301 663 431 703 radius
456 662 494 702 in
527 662 690 702 eundem
720 663 1112 717 postea-refunditur.
1177 660 1364 717 Spiritum
1392 678 1507 718 porro
1540 673 1714 705 sanctum

169 731 207 772 iu
235 730 335 771 hune
357 730 490 771 orbem
517 730 693 781 immitti,
729 745 773 771 ac
797 730 981 785 deinceps
1009 731 1310 785 singillatimque
1344 732 1380 771 in
1415 745 1482 772 eos
1515 747 1649 772 omnes
1675 734 1717 773 il-

171 799 248 841 labi
278 799 340 854 qui
362 813 408 840 eo
432 812 592 840 munere
614 799 716 854 digni
742 806 856 849 sunt,
891 800 1133 853 eundemque
1169 799 1389 840 instaurare
1415 801 1533 841 vitam
1567 809 1603 841 et
1637 803 1718 841 ani-

171 882 278 909 mare
310 870 490 920 fervore,
526 868 660 908 fovere
688 867 853 922 denique
881 882 925 908 ac
961 868 1202 919 calefacere,
1238 875 1278 908 ut
1303 869 1353 908 ita
1380 869 1527 919 dicam,
1560 869 1598 911 vi
1625 884 1718 924 qua-

172 937 259 978 dam
286 936 624 991 consensioneque
652 936 825 991 spiritus.
888 934 1091 977 Eiusmodi
1120 939 1200 977 l'ere
1226 937 1379 977 illorum
1410 938 1587 991 dogmata
1612 945 1716 978 sunt.

287 1003 474 1046 Ceterum
508 1004 687 1045 omnibus
716 1012 790 1045 tam
823 1006 967 1045 veteris
999 1020 1111 1060 quam
1140 1005 1230 1045 novi
1260 1007 1482 1046 testamenti
1516 1007 1720 1062 scripturis

173 1081 347 1124 utuntur,
382 1074 442 1114 vel
465 1073 583 1114 certis
608 1073 734 1127 potius
756 1073 1005 1123 dictionibus,
1041 1088 1135 1128 quas
1156 1073 1310 1127 ipsimet
1332 1089 1398 1128 pro
1424 1075 1561 1115 insana
1591 1083 1720 1115 mente

173 1157 243 1185 sua
269 1156 314 1182 ac
339 1141 521 1183 vecordia
544 1142 732 1196 deligunt.
794 1140 992 1197 Principio
1019 1142 1118 1183 hanc
1145 1157 1165 1183 e
1190 1143 1313 1183 sacris·
1341 1143 1464 1183 literis
1487 1143 1719 1184 sententiam

173 1211 378 1267 arripiunt,
413 1225 524 1265 quam
547 1208 682 1266 Moysi
704 1211 798 1251 deus
819 1211 996 1252 elocutus
1021 1218 1104 1252 est:
1138 1215 1248 1251 Ande·
1267 1215 1402 1260 Israel,
1438 1216 1606 1252 domiuus
1630 1216 1719 1251 (leus

176 1288 261 1320 tuus
286 1282 456 1319 dominus
481 1294 576 1318 mms
601 1287 669 1319 est.
734 1282 820 1319 Non
841 1282 968 1332 facies
994 1282 1065 1319 tibi
1082 1283 1168 1320 deos
1192 1283 1346 1320 alteros.
1411 1284 1497 1321 Non
1521 1290 1634 1321 erunt
1657 1283 1727 1320 lz'be'

174 1351 231 1389 dii
249 1357 428 1388 recentes.
495 1350 674 1398 Quoniam
705 1363 774 1400 ego
802 1351 892 1388 deus
921 1352 1068 1401 primus
1093 1357 1131 1389 et
1154 1353 1396 1398 novissimus,
1432 1359 1471 1390 et
1488 1359 1644 1403 praeler
1667 1366 1723 1390 me

175 1432 247 1457 non
275 1425 332 1457 est
350 1420 440 1456 deas
461 1419 582 1464 alins,-
616 1424 655 1457 et
687 1417 718 1457 si
752 1431 849 1471 quae
873 1417 946 1457 alia
973 1425 1062 1459 suut
1090 1419 1135 1458 ad
1163 1425 1330 1459 mentem
1359 1434 1468 1459 suam
1503 1434 1723 1460 accommo-

177 1486 265 1526 data
302 1485 439 1540 quibus
478 1486 522 1525 ad
562 1485 866 1525 confirmandum
909 1499 1083 1526 errorem
1121 1487 1347 1527 ahutuntur.
1417 1486 1632 1528 Praeterea
1671 1502 1724 1528 ex

1747 1011 1824 1054 Cap.
1850 1012 1889 1043 II.

1741 1226 1826 1253 Dent.
1845 1227 1871 1254 6.
1892 1228 1916 1254 4.

1745 1261 1835 1287 Eunt.
1846 1262 1889 1295 20,
1901 1263 1926 1289 3.

1743 1295 1813 1323 lsai.
1826 1297 1868 1331 -Η,
1884 1299 1908 1323 ὓ.

178 1554 383 1607 evangelio
411 1552 502 1593 illud
530 1561 741 1608 usurpant:
776 1556 859 1605 Ego
884 1557 920 1593 ίη
941 1563 1072 1606 patre,
1108 1563 1144 1593 el
1162 1564 1274 1607 pater
1300 1560 1337 1595 in
1361 1571 1416 1595 me
1435 1564 1511 1604 est,
1547 1563 1607 1607 et,
1641 1561 1929 1607 Dezo10ann.1o,3e.

178 1637 289 1662 unum
321 1637 462 1661 suynus.
527 1621 642 1662 Hunc
672 1629 798 1662 autem
828 1636 1002 1663 errorem
1032 1637 1210 1674 omnem,
1243 1624 1405 1678 eiusque
1441 1625 1723 1665 firmamentum

178 1705 230 1731 ex
252 1690 484 1745 apocryphis
507 1690 733 1744 quibusdam
756 1691 968 1731 hauserunt
987 1691 1217 1744 praesertim
1236 1693 1281 1732 ab
1299 1692 1585 1747 Acgyptiorum
1608 1708 1725 1734 evan-

178 1759 280 1813 gelio
314 1758 403 1812 (hoc
428 1758 529 1799 enim
556 1758 609 1799 illi
637 1772 778 1799 nomen
811 1758 1070 1814 indiderunt),
1104 1760 1141 1800 iu
1169 1776 1242 1815 quo
1272 1761 1455 1816 pleraque
1490 1770 1581 1802 sunt
1613 1762 1724 1802 huius

178 1827 334 1882 generis
367 1840 465 1881 quae
490 1841 542 1867 ex
571 1841 738 1882 persona
763 1828 971 1868 salvatoris
997 1829 1094 1869 clam
1121 1836 1236 1883 atque
1270 1830 1421 1869 occulte
1447 1830 1552 1870 velut
1578 1839 1726 1883 myste-

177 1896 236 1936 ria
259 1902 550 1951 proponuntur,
585 1896 694 1950 quasi
720 1896 916 1951 discipulis
944 1896 1028 1951 ipse
1059 1898 1231 1938 declaret
1255 1899 1419 1938 eundem
1446 1912 1533 1938 esse
1559 1906 1722 1953 patrem,

179 1971 218 2005 et
241 1964 385 2015 filium,
420 1971 459 2005 et
482 1964 659 2019 spiritum
687 1972 879 2005 sanetum.
941 1963 1095 2006 Deinde
1119 1966 1270 2020 quoties
1294 1967 1333 2006 in
1363 1967 1529 2021 aliquem
1557 1981 1609 2008 ex
1635 1968 1727 2008 sim-

178 2032 404 2087 plicioribus
431 2047 477 2073 ac
511 2032 732 2073 rudioribus
765 2032 996 2085 inciderint,
1037 2034 1099 2088 qui
1132 2042 1310 2075 exactam
1341 2035 1559 2076 divinarum
1596 2037 1727 2077 litera-

179 2116 263 2143 rum
288 2101 489 2142 scientiam
516 2116 593 2142 nou
617 2101 784 2153 habent,
819 2101 918 2142 huuc
944 2102 982 2142 in
1013 2103 1165 2143 modum
1197 2103 1465 2158 interrogant:
1516 2103 1617 2158 Quid
1643 2113 1728 2145 tan-

180 2171 289 2222 dem,
324 2170 415 2211 boni
438 2169 536 2221 viri,
571 2170 772 2212 dicemus?
830 2169 958 2212 Unum
986 2170 1171 2213 habemus
1197 2173 1308 2212 deum
1333 2188 1380 2213 an
1407 2174 1515 2214 tres?
1576 2172 1726 2226 Quibus

180 2239 321 2280 auditis
347 2238 554 2293 religiosus
577 2238 666 2290 ille,
700 2253 771 2279 nec
798 2240 971 2294 perfecta
999 2241 1045 2281 ad
1069 2242 1284 2282 cavendum
1308 2242 1470 2282 scientia
1495 2241 1723 2296 perpolituS,

181 2307 428 2363 perturbatus
454 2307 582 2359 illico,
615 2321 749 2348 eorum
779 2308 993 2348 assentitur
1023 2309 1148 2350 errori
1178 2324 1224 2350 ac
1257 2311 1368 2351 deum
1402 2310 1625 2365 imprudens
1658 2324 1726 2351 ne-

181 2383 269 2431 gat,
303 2383 443 2432 negat,
477 2377 656 2432 inquam,
692 2376 808 2417 lilium
840 2391 885 2417 ac
917 2377 1093 2432 spiritum
1126 2386 1320 2419 sanctum.

297 2511 483 2556 Ceterum
503 2513 574 2554 hos
595 2527 730 2554 omnes
753 2522 960 2569 perpetuus
982 2515 1046 2556 ille
1067 2515 1223 2556 humani
1246 2516 1402 2570 generis
1425 2516 1546 2556 hostis
1566 2516 1723 2567 afflavit,

184 2589 226 2624 ut
249 2582 364 2623 alium
397 2582 492 2634 hoc,
526 2582 639 2623 alium
673 2582 748 2623 isto
781 2584 917 2634 modo,
953 2591 1159 2639 utcumque
1188 2599 1284 2625 vero
1319 2584 1620 2638 quamplurimos
1653 2585 1727 2625 cir-

186 2651 424 2701 cumveniat,
459 2657 573 2706 atque
599 2665 620 2692 a
645 2651 706 2691 via
731 2652 909 2693 veritatis
933 2652 1112 2694 abducat.
1160 2652 1316 2693 Etenim
1341 2667 1456 2692 uuum
1480 2667 1566 2694 esse
1587 2667 1726 2694 revera

186 2720 321 2771 deum,
355 2733 481 2774 neque
512 2727 668 2774 praeter
693 2719 794 2760 hunc
819 2720 1008 2772 alterum,
1050 2721 1256 2762 manifeste
1291 2721 1506 2761 communis
1537 2722 1727 2763 ecclesiae

188 2789 396 2830 consensio
431 2788 646 2842 profitetur.
708 2787 800 2829 'Nou
837 2789 938 2830 enim
976 2790 1134 2830 deorum
1173 2789 1454 2829 multitudinem
1490 2789 1724 2841 invehimus,

188 2858 255 2898 sed
277 2856 538 2898 monarchiam
565 2857 848 2912 praedicamus.
911 2856 955 2898 ln
982 2872 1028 2898 ea
1053 2865 1179 2897 antem
1204 2858 1459 2912 praedicanda
1483 2872 1725 2913 nequaquam

191 2925 439 2976 aberramus,
480 2926 547 2966 sed
582 2940 658 2967 una
690 2925 902 2967 trinitatem
939 2926 1190 2976 confitemur,
1232 2926 1440 2977 unitatem,
1474 2927 1652 2981 inquam,
1688 2927 1726 2967 iu

191 2993 386 3045 trinitate,
420 3001 459 3034 et
483 2993 692 3036 trinitatem
725 2995 762 3036 in
792 2995 961 3046 unitate,
997 3008 1188 3049 unamque
1217 2995 1360 3049 patris,
1395 3002 1433 3035 et
1458 2996 1545 3047 lilii,
1579 3010 1624 3036 ac
1650 2996 1727 3050 spi-

1365 3067 1415 3106 14
1434 3065 1454 3087 *

1754 2524 1833 2568 Cap.
1860 2526 1916 2558 ΙΙΙ.
