2030 3324
487 209 669 241 PANARn
693 209 776 242 Lm.
794 212 835 242 n.
861 212 968 245 ToM.
988 214 1029 245 n.
1056 213 1336 247 HAER.LX1X.
1629 212 1712 252 677

156 290 250 331 teris
276 287 463 342 dignitate
490 288 615 328 maior
639 295 699 328 est
724 289 898 341 habitus,
933 291 990 332 sie
1012 292 1076 333 illo
1109 293 1171 347 qui
1207 307 1250 333 se
1281 296 1495 337 antecessit
1525 296 1706 340 inferior.

155 356 351 412 Scriptum
373 363 431 396 est
456 364 608 407 autem,
645 360 736 407 Quis
766 361 990 410 aequabitur
1020 363 1087 399 deo
1118 365 1155 400 ilz
1174 363 1280 413 filiis·
1310 365 1402 402 dei?
1444 365 1553 418 quasi
1587 367 1710 407 ceteri
1729 353 1842 425 Ῑὲῥῗιέιω

156 439 291 467 omnes
309 438 377 479 per
397 424 654 465 catachresim
684 426 746 465 filii
777 427 1048 479 nominentur,
1086 428 1145 468 hic
1169 436 1296 469 autem
1327 438 1467 472 natura
1492 433 1599 474 solus
1625 449 1702 475 non

153 493 279 548 gratia
302 493 399 533 filius
423 493 583 533 existat.
650 497 829 544 Quoniam
862 498 1002 535 invenit
1031 511 1170 535 omnem
1205 500 1297 536 viam
1329 502 1507 539 scientiae
1517 531 1529 549 ,
1563 511 1600 541 el
1618 506 1703 542 mcl-
1724 502 1832 548 liar-up.

154 565 215 602 las
244 576 326 600 cum
357 576 399 600 eo
429 563 722 613 comparabitur.
789 561 891 616 Quid
919 563 1038 617 igitur
1062 564 1220 605 dicunt?
1263 563 1511 609 Sublimitnte
1538 569 1615 610 filio
1640 586 1705 625 pa·
1739 540 1765 573 δ’
1785 539 1827 567 ab·

151 637 211 671 ter
235 628 450 670 antecellit.
515 627 693 682 Quanam
730 630 848 683 igitur
882 631 919 670 in
954 638 1062 685 parte
1097 632 1311 673 collocatur
1339 635 1462 675 deus?
1522 636 1585 677 An
1619 638 1704 680 loeo

151 697 500 747 circumscribitur,
533 704 572 737 ut
595 697 708 752 spatii
736 698 814 752 ipsa
840 699 1050 752 descriptio
1075 701 1176 753 quod
1205 701 1328 742 maius
1355 710 1414 743 est
1439 705 1707 747 demonstret?

151 766 271 820 Atqui
309 766 404 806 deus
432 765 591 820 spiritus
624 773 698 805 est.
765 764 873 806 [nde
898 766 1024 807 omnis
1059 767 1104 806 ab
1132 767 1206 808 illis
1237 770 1461 824 excogitata
1496 774 1704 828 peregrina

150 834 361 876 verborum
392 834 544 873 novitas
568 834 822 887 undequaque
846 835 1009 874 corruit.
1074 833 1147 876 His
1179 836 1309 891 itaque
1334 840 1624 892 praetermissis
1656 842 1704 882 ad

149 910 303 944 ceteras
337 902 488 941 illorum
523 901 766 942 obiectiones
800 909 1062 943 transeamus.

251 969 411 1024 Negant
433 970 534 1009 enim
561 983 646 1009 eum
673 970 735 1023 qui
762 970 925 1010 mittitur
949 971 1138 1011 mittentis
1162 984 1250 1011 esse
1275 973 1457 1025 similem,
1493 990 1578 1016 eum
1602 977 1700 1019 alius
1726 989 1805 1032 cap.
1823 988 1910 1020 LtV.

148 1039 196 1080 sit
223 1039 259 1079 vi
284 1053 329 1078 ac
355 1045 549 1092 potestate
576 1037 637 1091 qui
665 1037 795 1087 mittit,
829 1038 927 1078 alius
950 1038 1012 1092 qui
1038 1039 1217 1090 mittitur,
1253 1042 1351 1093 quod
1377 1042 1438 1083 hic
1465 1044 1579 1094 mitti,
1616 1046 1703 1086 mit-

150 1115 233 1148 tere
259 1107 324 1146 ille
348 1107 512 1146 dicatur.
577 1103 691 1158 Quod
725 1105 758 1145 si
792 1106 944 1146 illorum
981 1106 1154 1160 opinioni
1188 1115 1388 1149 constaret
1419 1111 1590 1162 veritas,
1626 1127 1703 1153 nou

145 1176 221 1216 iam
256 1181 335 1215 tota
365 1174 600 1228 cognitionis
628 1173 728 1214 ratio
754 1175 800 1213 ad
828 1188 941 1213 unam
967 1174 1146 1215 veritatis
1176 1176 1374 1229 potentiae
1411 1192 1455 1218 ae
1486 1178 1702 1221 divinitatis

147 1243 459 1297 singularitatem
491 1242 720 1296 pertineret.
785 1240 949 1282 Duobus
977 1243 1078 1282 enim
1106 1245 1422 1297 occurrentibus,
1457 1255 1523 1288 aut
1547 1249 1702 1290 mitten-

146 1312 269 1362 tibus,
305 1311 404 1351 filius
428 1325 504 1350 non
534 1310 697 1365 amplius
725 1310 823 1350 lilius
847 1311 943 1361 erit,
978 1311 1045 1351 sed
1075 1312 1218 1362 frater,
1253 1327 1338 1353 eum
1366 1328 1440 1354 una
1470 1316 1592 1356 frater
1615 1317 1701 1358 exi-

143 1387 241 1430 stat,
278 1393 349 1420 nee
374 1379 536 1434 amplius
559 1379 657 1419 filius
684 1379 781 1428 erit,
816 1378 890 1419 nisi
916 1379 977 1419 vel
1001 1379 1247 1432 confusione,
1283 1381 1346 1421 vel
1369 1383 1600 1437 adoptione3
1635 1393 1701 1426 aut

143 1450 313 1503 seipsum
352 1447 416 1487 ille
451 1448 598 1498 mittet,
647 1455 712 1487 aut
742 1447 817 1487 duo
852 1446 965 1487 simul
991 1447 1213 1499 mittentes,
1247 1449 1311 1490 vel
1338 1451 1572 1492 aecedentes
1601 1452 1700 1492 divi-

143 1518 287 1558 nitates
314 1517 409 1556 duas
436 1530 512 1556 non
538 1529 652 1556 unam
680 1515 990 1569 singularitatem
1017 1517 1241 1556 ostendent.
1300 1516 1372 1557 Hie
1400 1518 1522 1572 igitur
1540 1520 1699 1562 mittens

141 1600 185 1625 ac
217 1585 360 1625 missus
389 1571 646 1640 exprimitur,
692 1590 732 1624 ut
764 1590 993 1637 argumento
1031 1584 1103 1634 sit,
1149 1586 1341 1638 quendam
1380 1600 1469 1627 esse
1506 1587 1697 1630 bonorum

141 1654 310 1694 omnium
339 1654 509 1703 fontem,
543 1652 726 1693 videlicet
752 1659 924 1706 patrem,
958 1652 1171 1693 secundum
1202 1667 1314 1707 quem
1339 1669 1416 1695 nou
1439 1655 1515 1696 alio
1538 1657 1696 1698 nomine

141 1735 254 1776 quam
284 1720 348 1761 filii
376 1721 561 1776 verbique
584 1721 783 1776 praeditus
812 1720 934 1771 lilius,
970 1721 1056 1761 fons
1079 1721 1194 1761 vivus
1221 1735 1273 1762 ex
1295 1723 1399 1762 sonte
1429 1725 1692 1778 progreditur,

140 1790 202 1845 qui
227 1790 324 1845 apud
352 1797 497 1844 patrem
519 1796 708 1845 perpetuo
731 1788 777 1828 ab
803 1789 938 1828 eodem
955 1788 1110 1842 genitus
1135 1789 1338 1842 extiterit,
1373 1792 1556 1846 quoniam
1579 1796 1700 1845 Apud

140 1866 174 1898 te
204 1867 263 1897 est
286 1860 375 1911 fons
405 1862 515 1898 vitae.
582 1858 714 1912 Atque
747 1864 787 1897 ut
818 1857 977 1911 spiritus
1007 1871 1160 1911 quoque
1195 1866 1356 1900 sanctus
1389 1861 1606 1912 indicetur,
1650 1865 1695 1901 Itz

138 1929 295 1975 lumine,
331 1927 477 1982 inquit,
512 1934 574 1966 tuo
606 1927 808 1965 videbimus
839 1927 984 1974 lame225
1020 1940 1095 1979 quo
1118 1933 1157 1966 et
1184 1934 1332 1981 patrem
1360 1928 1490 1969 lumen
1517 1943 1606 1970 esse
1630 1930 1696 1971 de-

138 1996 278 2047 claret,
312 2003 350 2036 et
372 1996 499 2035 lumen
525 1994 644 2049 patris
665 1994 798 2044 lilium,
822 1993 1029 2048 lumenque
1054 1993 1231 2049 spiritum
1257 2004 1450 2049 sanetum,
1471 2011 1516 2037 ae
1542 2005 1694 2052 postre-

137 2078 199 2104 mo
227 2064 373 2104 fontem
397 2077 450 2104 ex
478 2064 606 2113 fonte,
653 2063 725 2103 hoc
755 2069 815 2102 est
841 2069 950 2117 patre
979 2069 1018 2103 et
1045 2063 1247 2117 unigenito
1280 2064 1358 2104 filio
1392 2065 1569 2120 spiritum
1603 2080 1694 2106 san-

138 2139 239 2173 ctum
267 2132 476 2187 profluere.
538 2134 712 2171 Flumina
744 2135 863 2179 enim,
898 2130 1039 2186 inquit,
1073 2146 1121 2170 eoe
1147 2140 1275 2172 ventre
1299 2135 1403 2172 illius
1421 2137 1554 2187 fluent
1572 2149 1693 2186 aquae
1720 2147 1820 2189 roagm.

137 2204 309 2241 salientis
339 2204 376 2239 l'le
409 2204 520 2240 vitam
550 2209 763 2249 aeternam‚·
812 2201 961 2239 dicebat
995 2207 1117 2239 aulem
1159 2203 1262 2240 zistzcd
1289 2204 1334 2241 de
1372 2205 1510 2253 spirita
1540 2210 1686 2250 sancto,
1716 2181 1855 2250 ei'sss'lt.

138 2270 191 2309 ait
216 2269 478 2323 evangelium.
542 2267 756 2309 Praeterea
785 2275 826 2309 ut
856 2267 1231 2309 consubstantialem
1264 2283 1307 2310 se
1333 2283 1421 2310 esse
1452 2269 1548 2323 patri
1577 2269 1692 2310 disei-

139 2338 237 2392 pulis
263 2338 344 2377 suis
368 2337 616 2388 ostenderet,
658 2340 706 2377 Si
732 2341 838 2390 quis,
874 2336 1021 2391 inquit,
1055 2341 1251 2390 aperuerit
1278 2340 1390 2385 milli,
1426 2341 1596 2389 ingressi
1622 2354 1691 2391 ego
1710 2340 1823 2404 132¹¹¹2¹3

136 2415 174 2446 et
197 2414 310 2459 pater
332 2409 556 2445 mansionem
579 2409 681 2458 apud
700 2408 805 2445 illam
825 2407 1030 2459 faciemus.
1095 2404 1188 2446 Non
1216 2406 1339 2456 dixit,
1374 2404 1513 2446 Mittar
1534 2420 1554 2446 a
1582 2414 1691 2462 patre
1763 2396 1772 2411 ⁹
1808 2395 1833 2404 ..

137 2489 247 2525 meo,
292 2475 383 2524 sed,
428 2477 514 2526 Ego
545 2482 581 2514 et
606 2483 718 2527 paler
747 2477 849 2527 apud
877 2476 981 2513 illam
1014 2476 1263 2523 manebimus,
1311 2474 1409 2514 adeo
1443 2482 1484 2514 ut
1513 2475 1690 2530 pulsante

137 2543 214 2584 lilio
247 2558 331 2583 cum
365 2557 411 2583 eo
439 2549 547 2596 pater
571 2542 837 2597 ingrediatur,
881 2541 1061 2597 idemque
1089 2557 1175 2583 eum
1200 2543 1275 2583 lilio
1301 2549 1488 2597 perpetuo
1509 2543 1583 2593 sit,
1619 2558 1691 2584 neo

140 2626 307 2667 unquam
332 2611 379 2651 ab
410 2611 474 2651 illo
498 2618 729 2666 separetur,
765 2611 819 2651 uti
845 2624 917 2652 neo
943 2625 964 2651 a
988 2618 1098 2667 patre
1125 2612 1239 2652 filius.
1285 2609 1398 2652 Unde
1421 2610 1460 2651 in
1482 2611 1557 2652 alio
1582 2611 1685 2664 loco,

132 2736 236 2769 maius
259 2743 308 2768 est
330 2735 503 2779 significet,
529 2740 562 2767 ut
581 2733 605 2778 τί
627 2734 819 2779 περιγραφὴ
846 2754 887 2760 ——
980 2736 1011 2768 ἱ).
1039 2733 1077 2769 οὗ
1099 2735 1136 2770 τὸ
1162 2735 1237 2777 περὶ
1270 2737 1338 2768 cod.
1361 2738 1423 2769 len.
1451 2740 1479 2769 et
1508 2738 1556 2770 ed.
1586 2739 1689 2778 princ.

135 2779 274 2826 σημάνῃ
301 2785 407 2823 leyisse
430 2783 582 2813 rideatur.
623 2784 773 2815 Petamus
796 2786 889 2813 autu·
937 2778 974 2816 oti
995 2781 1071 2823 περὶ
1096 2783 1163 2813 cod.
1189 2783 1319 2822 Rhedi9.

133 2831 241 2860 mahat
263 2829 306 2871 τῇ
333 2829 523 2870 περιγραφῇ
561 2827 631 2868 (sed
663 2831 728 2858 lum
752 2830 885 2859 scriben-
977 2828 1008 2860 3.
1034 2824 1124 2867 παρὰ
1148 2829 1214 2859 cod.
1237 2828 1366 2867 Rhediy.

134 2875 211 2905 dum
244 2874 404 2917 σημανὶῑῇ
432 2877 533 2914 esset).
581 2875 668 2905 Libri
700 2874 810 2904 habent
837 2870 884 2915 μή
978 2870 1009 2904 4.
1035 2869 1117 2906 ἀλλὰ
1154 2870 1221 2914 ἐγώ
1259 2874 1348 2904 codd.
1381 2882 1454 2905 mss.
1513 2869 1584 2907 ἀλλ’
1618 2871 1686 2916 ἐγώ

133 2920 325 2963 περιγραφῇ
359 2937 398 2942 ——
425 2917 573 2961 σημανῇ.
935 2920 1018 2951 editi.
1070 2920 1181 2950 Vocab.
1206 2929 1268 2960 μου
1294 2920 1378 2950 abest
1401 2928 1423 2950 a
1446 2919 1512 2951 cod.
1532 2920 1662 2960 Rhediy.

182 2964 258 2994 eff.
284 2965 366 2997 mv.
393 2983 437 2989 --
476 2966 504 2997 t.
532 2961 616 2997 ἀλλὰ
640 2965 707 2996 coa.
733 2964 862 3004 Rhodiy.
