2066 3319
518 172 698 204 PANARH
724 172 807 203 ΜΒ.
826 173 866 204 11.
892 174 998 205 Toxi.
1021 175 1061 205 n.
1089 174 1219 206 HAER.
1244 174 1365 207 vat.
1639 168 1721 206 419

174 268 216 295 se
245 254 432 302 stitisset,
467 258 506 291 et
528 252 573 291 ad
602 251 731 291 omnia
759 266 856 305 quae
887 254 1109 306 quaesierat
1133 254 1355 307 singillatim
1383 269 1451 309 pro
1477 268 1522 295 ea
1554 269 1665 308 quam
1699 269 1718 294 a

174 323 246 362 deo
270 327 477 376 acceperat
509 319 700 374 sapientia
726 321 1016 375 respondisset,
1060 330 1173 377 atque
1205 322 1454 376 impostorem
1485 323 1609 363 lenius
1641 323 1722 377 agi-

173 397 295 440 taret,
337 390 435 444 apud
470 402 511 428 se
544 388 719 428 nonnihil
752 388 971 440 haesitans,
1016 399 1176 445 repente
1210 391 1429 431 Archelaus
1463 405 1533 431 nec
1565 391 1720 446 opinato

173 465 404 513 conspectus
429 464 502 506 est,
538 456 600 511 qui
627 463 806 511 tanquam
833 459 1047 499 acerrimus
1074 459 1351 514 paterfamilias
1377 474 1611 514 suorumque
1641 467 1721 500 stn-

173 526 415 567 diosissimus
440 526 624 566 audacter
645 525 682 565 in
709 526 943 580 praedonem
976 528 1146 567 fremens
1171 527 1348 567 incurrit.
1415 527 1539 581 Quem
1568 536 1607 568 ut
1633 527 1720 569 Ma-

174 608 244 635 nes
277 595 454 649 aspexit,
489 593 667 635 simulata
702 594 911 647 blanditia,
959 594 1055 636 Sine
1089 610 1171 646 me,
1213 594 1359 649 inquit,
1401 610 1485 635 cum
1509 595 1720 651 Tryphone

173 664 432 704 contendere:
470 671 507 704 tu
532 663 632 703 enim
658 677 718 702 me
750 678 834 703 cum
861 664 915 704 sis
950 664 1155 718 episcopus
1189 663 1377 717 dignitate
1403 678 1580 719 superas.
1644 666 1722 705 Ar-

172 731 329 773 chelaus
356 746 476 783 vero,
510 745 561 772 ex
595 746 641 772 eo
667 732 766 786 quod
799 732 874 771 iam
908 732 1011 772 illius
1037 732 1177 785 dogma
1211 734 1450 772 contutatum
1486 740 1571 772 erat
1603 734 1720 773 multo

173 814 284 855 quam
310 800 442 842 verbis
463 800 628 855 exprimi
655 808 787 855 posset
808 800 1014 841 simulandi
1041 800 1280 840 callidiorem
1306 814 1392 840 esse
1420 801 1565 850 docuit,
1600 815 1719 855 osque

171 869 224 909 illi
249 883 410 924 prorsus
435 869 614 910 occlusit.
680 868 782 909 Tum
811 883 907 923 quae
936 869 982 908 ab
1008 868 1072 909 illo
1097 869 1295 924 proposita
1324 870 1477 909 fucrant
1501 870 1720 909 dissolvens

171 952 314 978 novum
340 939 374 979 ei
399 938 584 993 pudorem
608 938 788 988 incussit,
822 952 906 977 eum
931 951 978 976 ne
1003 937 1155 978 hiscere
1181 937 1332 992 quidem
1357 937 1519 992 amplius
1541 938 1717 978 auderet.

173 1003 256 1047 Sub
290 1006 386 1047 haec
414 1007 579 1062 populus
606 1006 832 1047 ardentibus
864 1020 1020 1046 rursum
1045 1006 1183 1046 animis
1218 1006 1428 1046 scelestum
1454 1006 1559 1046 illum
1593 1007 1721 1061 oppri-

171 1089 277 1116 mere
305 1082 468 1116 conatus
501 1082 575 1116 est.
639 1073 815 1128 Quorum
849 1075 911 1115 ille
938 1089 1074 1116 manus
1100 1074 1291 1129 effugiens
1320 1076 1367 1115 ad
1394 1074 1593 1115 castellum
1620 1077 1722 1115 Ara-

170 1143 296 1185 bionis
327 1159 514 1186 reversus
546 1151 620 1185 est.

284 1211 363 1255 Sed
389 1211 601 1254 Persarum
629 1227 703 1254 rex
729 1221 926 1268 comperta
952 1211 1176 1253 Manichaei
1214 1214 1301 1267 fuga
1332 1212 1463 1253 missis
1489 1212 1720 1253 satellitibus

170 1282 209 1322 in
239 1282 376 1323 eodem
410 1282 475 1323 illo
504 1282 666 1323 castello
696 1282 1019 1337 comprehensum
1050 1281 1244 1322 hominem
1273 1282 1536 1336 ignominiose
1562 1282 1602 1322 in
1624 1280 1721 1323 Per-

170 1351 292 1392 sidem
313 1351 497 1402 abduxit,
533 1350 597 1391 ubi
620 1351 768 1391 calamo
795 1358 883 1391 cute
907 1351 1102 1402 detracta,
1139 1351 1313 1391 ultimum
1340 1351 1385 1391 de
1414 1365 1460 1391 eo
1492 1351 1719 1406 supplicium

170 1420 347 1474 sumpsit.
412 1417 538 1473 Quam
571 1420 722 1474 quidem
754 1426 880 1460 cutem
909 1419 1006 1460 utris
1034 1419 1072 1459 in
1102 1420 1278 1469 modum,
1313 1420 1465 1460 int'artis
1497 1419 1640 1474 paleis,
1676 1421 1719 1460 ad

173 1488 400 1529 hodiernum
427 1489 525 1529 diem
551 1489 589 1528 in
615 1487 777 1529 Perside
804 1495 981 1529 servant.
1046 1487 1161 1528 Hunc
1189 1487 1308 1542 igitur
1340 1488 1404 1528 ille
1436 1488 1582 1529 exitum
1617 1488 1721 1528 vitae

173 1564 407 1598 consecutus
441 1565 515 1598 est.
580 1554 641 1598 Ob
676 1558 711 1597 id
740 1555 960 1598 Manichaei
992 1556 1145 1597 lectulis
1177 1557 1259 1598 suis
1287 1557 1514 1597 arundinem
1546 1557 1721 1598 subster-

173 1634 283 1667 nunt.
347 1625 456 1681 Ergo
478 1626 542 1666 ille
566 1626 622 1666 sic
650 1634 825 1666 mortuus
850 1640 918 1667 eos
951 1640 1047 1680 quos
1074 1625 1155 1666 dixi
1185 1625 1396 1680 discipulos
1428 1625 1605 1680 reliquit,
1639 1626 1721 1666 Ad-

172 1695 274 1746 dam,
310 1694 504 1735 Thomam
528 1702 567 1735 et
590 1693 822 1745 Hermeam,
858 1709 954 1749 quos
977 1702 1184 1749 antequam
1208 1695 1273 1735 illo
1296 1695 1433 1735 mortis
1458 1709 1604 1749 genere
1628 1709 1720 1750 poe-

172 1777 243 1803 nas
272 1763 419 1814 lueret,
461 1764 570 1804 varia
602 1764 640 1803 in
676 1763 762 1804 loca
795 1763 1008 1805 dimiserat.
1071 1762 1265 1804 Hermeas
1297 1764 1398 1804 enim
1429 1765 1467 1804 in
1496 1763 1718 1819 Aegyptum

173 1832 372 1886 profectus
397 1840 478 1883 est,
514 1847 589 1887 quo
613 1847 700 1873 cum
725 1832 897 1887 plerique
927 1832 1076 1873 versati
1100 1839 1204 1873 sunt.
1267 1831 1409 1887 Neque
1433 1833 1534 1873 enim
1562 1833 1720 1886 antiqua

172 1908 233 1941 est
257 1901 460 1942 admodum
487 1901 583 1942 haec
615 1901 814 1952 haeresis,
849 1901 946 1942 adeo
972 1908 1014 1942 ut
1045 1901 1110 1955 qui
1134 1915 1218 1942 cum
1245 1900 1418 1942 Hermea
1442 1900 1575 1942 Manis
1607 1901 1720 1941 disci—

171 1969 261 2024 pulo
303 1970 485 2010 collocuti
527 1977 617 2011 sunt
661 1970 772 2011 nobis
809 1984 907 2025 quae
945 1971 988 2010 ad
1029 1970 1134 2010 illum
1174 1971 1421 2027 pertinebant
1456 1969 1717 2011 narraverint.

170 2038 305 2080 Addas
336 2039 374 2079 in
409 2038 651 2095 superiorem
680 2039 880 2094 regionem
908 2038 1023 2090 abiit,
1059 2038 1236 2080 Thomas
1260 2040 1299 2080 in
1327 2038 1525 2080 Iudaeam.
1589 2039 1720 2093 Atque

171 2107 217 2148 ab
242 2108 289 2149 iis
315 2115 423 2149 secta
451 2108 518 2148 illa
548 2109 593 2149 ad
621 2108 848 2148 hodiernum
877 2122 1000 2162 usque
1029 2108 1129 2148 diem
1155 2109 1261 2149 vires
1291 2115 1407 2163 atquc
1438 2108 1720 2148 incrementum

173 2176 319 2217 habuit.
367 2173 556 2218 Ceterum
580 2175 721 2217 Manes
745 2176 920 2231 spiritum
947 2190 990 2217 se
1016 2190 1106 2218 esse
1130 2177 1365 2232 paracletum
1391 2176 1610 2218 asserebat,
1658 2178 1718 2216 Ac

171 2259 447 2301 nonnunquam
478 2246 694 2301 apostolum
730 2259 773 2286 se
806 2259 894 2286 esse
925 2243 1097 2296 Christi,
1140 2245 1236 2286 alias
1273 2246 1509 2300 paracletum
1542 2244 1717 2300 spiritum

171 2314 384 2369 praedicat.
434 2313 583 2370 Estque
607 2328 766 2370 prorsus
787 2314 962 2356 insolens
985 2321 1024 2355 et
1046 2314 1213 2355 absurda
1238 2315 1440 2356 excaecati
1466 2314 1632 2355 hominis
1654 2313 1719 2354 illa

172 2396 390 2437 persuasio.

1750 1213 1827 1256 Cap.
1850 1214 1928 1246 XII.

283 2450 364 2493 Iam
390 2466 485 2493 vero
509 2466 674 2493 necesse
703 2444 766 2493 est'
787 2458 829 2492 ut
849 2452 1032 2508 deinceps
1056 2452 1246 2493 adversus
1278 2452 1375 2492 hanc
1402 2450 1582 2492 haeresin
1609 2450 1718 2491 stoli·
1737 2450 1925 2493 Cap.X111.

172 2520 295 2575 daque
328 2521 430 2562 illius
457 2522 615 2562 decreta
644 2521 898 2576 disputemus.
961 2519 1064 2561 Nam
1098 2535 1195 2576 quae
1227 2521 1413 2562 hactenus
1447 2519 1616 2560 diximus
1650 2534 1720 2560 nu—

173 2589 259 2629 dam
293 2589 339 2630 de
365 2589 430 2630 illo
461 2589 661 2631 historiam
689 2589 905 2630 continent.
967 2589 1031 2630 Ab
1065 2604 1112 2630 eo
1139 2590 1258 2644 igitur
1292 2588 1490 2630 ordiemur
1520 2588 1620 2642 quod
1653 2588 1719 2628 do—

173 2658 283 2698 cendi
314 2672 358 2699 ac
390 2658 585 2699 scribendi
613 2659 841 2713 dicendique
868 2657 1019 2699 initium
1051 2659 1215 2714 sumpsit
1243 2656 1553 2713 improbissimus
1576 2654 1719 2698 Manes

172 2725 212 2766 in
232 2739 278 2767 eo
304 2726 402 2767 libro
426 2741 537 2782 quem
566 2728 611 2768 de
634 2726 730 2768 Fide
752 2726 931 2783 scripsit3
966 2727 1085 2768 libros
1111 2728 1211 2767 enim
1237 2727 1368 2767 varios
1393 2726 1526 2777 edidit,
1555 2741 1717 2781 quorum

173 2808 272 2835 unus
307 2795 443 2850 viginti
476 2797 570 2837 duas
603 2796 640 2837 in
674 2803 806 2851 partes
834 2795 1062 2837 distributus
1091 2802 1172 2846 est,
1214 2795 1454 2850 alphabetico
1482 2795 1618 2836 ordine
1650 2809 1719 2851 pro

227 2885 303 2918 Cu.
326 2887 405 2919 XII.
434 2905 478 2911 —
527 2887 554 2920 1.
590 2883 796 2931 α’ρχαῖζουσα
822 2897 922 2920 emen·
1014 2888 1045 2918 2.
1069 2883 1189 2920 Ἰνδίαν
1209 2888 1453 2926 corriyiePetav.
1475 2896 1513 2918 ex
1527 2888 1719 2919 Theodoreto.

175 2931 284 2963 datum
305 2936 347 2965 est
371 2943 391 2964 a
416 2934 567 2965 Ceruario
587 2937 613 2965 et
634 2935 773 2966 petavio.
807 2935 923 2974 Scripta·
1013 2932 1043 2964 3.
1068 2928 1192 2965 τούτων
1217 2934 1344 2972 scripti,
1379 2929 1496 2965 τούτου
1529 2934 1601 2964 editi
1635 2934 1717 2964 libri.

175 2978 257 3008 enim
281 2979 351 3010 libri
374 2988 444 3011 cum
473 2979 520 3011 ed.
549 2981 650 3019 princ.
683 2980 795 3012 habent
828 2976 925 3023 ἀχαΐ-
1019 2976 1095 3008 ΟΑΡ.
1122 2978 1214 3009 ΧΗῘ.
1250 2996 1291 3001 -
1354 2979 1381 3010 1.
1415 2975 1517 3012 αὐτοῦ
1551 2988 1611 3010 om.
1648 2979 1717 3010 cod.

179 3022 302 3060 ζουσαι.
971 3025 1098 3063 Rhediy.

1340 3069 1442 3112 27*
