2066 3319
485 138 668 170 PANARH
692 138 776 171 LIB.
799 140 840 172 11.
864 140 973 172 TOM.
991 141 1031 173 11.
1057 141 1189 174 HAER.
1209 142 1350 174 LXVII.
1622 138 1702 177 567

268 217 327 258 De
350 215 643 257 Melchisedeeo
681 219 779 272 quod
819 220 986 270 asseris,
1033 221 1209 274 spiritum
1245 222 1348 262 illum
1384 236 1473 263 esse
1510 230 1701 274 sanctum,
1731 235 1898 278 C;·1›.v11.

152 287 187 328 id
213 287 244 327 si
269 299 403 326 verum
428 291 511 335 est,
547 285 704 325 venisse
732 285 907 340 spiritum
930 295 969 326 et
993 302 1148 328 earnem
1175 288 1363 340 induisse,
1399 305 1475 331 non
1497 292 1604 331 solus
1630 292 1703 331 uti-

151 368 224 409 que
252 352 463 393 seeundum
497 366 653 392 earnem
682 360 793 393 natus
817 360 877 394 est
905 354 1026 406 lilius,
1062 356 1128 395 sed
1155 364 1191 396 et
1220 372 1304 396 cnm
1333 371 1380 397 eo
1406 372 1558 413 quoque
1589 359 1703 413 spiri—

152 429 228 462 tus.
291 418 405 474 Quod
432 420 462 459 si
492 421 705 460 seeundum
735 435 890 462 earnem
923 430 1036 463 natus
1064 431 1124 464 est
1155 432 1193 464 et
1227 424 1411 479 spiritus,
1458 441 1541 466 cnm
1576 425 1701 466 Maria

152 490 387 531 salvatorem
427 487 613 538 ediderit,
662 489 764 529 dicat
803 490 913 531 nobis
951 490 1141 531 Hieraras
1178 492 1331 532 ubinam
1366 494 1538 546 gentium
1576 509 1621 534 ea
1654 495 1704 534 sit

151 571 249 613 quae
288 556 465 611 spiritum
507 556 728 610 pepererit?
787 556 890 597 Nam
923 559 1022 612 quod
1060 559 1261 613 apostolus
1296 560 1410 611 dicit,
1458 565 1703 601 sl.s·se'1711'lalns
1723 578 1806 606 uem
1838 581 1905 610 [³.

135 628 228 678 filio
248 627 314 664 dei
334 632 458 663 manet
481 627 657 663 sacerdos
680 629 716 663 in
744 634 956 673 aeter-man,
992 626 1094 666 nulla
1120 633 1180 667 est
1204 627 1282 667 illic
1318 628 1364 668 de
1397 629 1534 682 spiritu
1565 637 1702 670 sancto

149 692 310 733 mentio.
374 689 466 731 Non
495 692 597 731 enim
618 692 782 733 similem
808 693 913 733 illum
939 693 1015 733 filio
1041 694 1126 744 dei,
1161 696 1228 734 sed
1253 695 1506 736 assimilatum
1533 711 1620 737 esse
1648 697 1702 737 di—

146 761 222 802 xit.
288 758 401 813 Quae
428 774 507 799 vox
531 763 778 799 ,Assimilatus
813 761 1008 815 posterius
1032 762 1208 815 quiddam
1236 770 1275 802 ut
1300 763 1564 817 intelligamus
1593 766 1702 805 indu-

146 829 212 869 cit.
277 828 337 868 Ac
370 827 402 867 si
431 835 517 882 post
541 827 727 868 Abraami
763 835 939 882 tempora
966 826 1127 869 Christo
1152 830 1311 884 spiritus
1339 832 1598 882 assimilatur,
1633 832 1701 872 ali-

147 896 299 950 quando
323 910 398 936 non
423 895 601 935 extiterit
623 902 800 950 oportet,
836 903 876 936 ut
897 904 1105 951 propterea
1135 898 1193 937 dei
1220 898 1295 938 lilio
1320 899 1458 939 similis
1485 900 1535 940 sit
1559 902 1699 940 factus.

148 963 226 1005 lam
253 964 337 1004 sine
367 971 476 1018 patre
502 977 590 1003 esse
617 963 678 1016 qui
706 964 859 1017 potest?
907 962 1010 1004 Nam
1039 965 1070 1004 si
1096 979 1165 1019 per
1192 980 1280 1005 sese
1306 980 1393 1006 esse
1420 967 1596 1021 spiritus,
1631 982 1703 1008 nec

146 1046 196 1073 ex
215 1031 368 1086 propria
386 1030 600 1072 divinitatis
619 1037 756 1071 natura
776 1031 1022 1085 procederet,
1047 1033 1185 1072 merito
1205 1033 1290 1073 sine
1316 1041 1424 1088 patre
1447 1048 1536 1074 esse
1553 1035 1702 1075 dicere-

147 1107 223 1141 tur.
289 1098 446 1139 Revera
480 1099 582 1139 enim
612 1099 835 1153 unigenitus
863 1106 922 1139 est
951 1099 1077 1151 lilius,
1112 1114 1237 1155 neque
1264 1102 1423 1142 fratrem
1451 1101 1589 1152 habet,
1625 1110 1703 1142 est—

147 1182 220 1223 que
246 1166 306 1207 dei
335 1167 448 1207 lilius.
513 1165 591 1207 Sed
619 1167 691 1207 etsi
727 1167 900 1220 genitum
936 1181 1025 1208 esse
1050 1168 1225 1222 spiritum
1252 1183 1496 1224 nequaquam
1518 1170 1700 1221 velimus,

145 1251 231 1277 cum
256 1235 480 1289 unigenitus
504 1235 577 1285 sit,
614 1242 653 1275 ut
681 1235 778 1285 dixi,
815 1235 936 1285 lilius,
973 1249 1107 1287 verum
1130 1236 1290 1291 spiritus
1315 1238 1366 1278 sit
1387 1252 1407 1278 a
1433 1245 1541 1292 patre
1566 1253 1703 1293 proce-

145 1305 263 1354 dens,
309 1310 347 1343 et
371 1306 415 1342 de
439 1318 537 1350 meo,
587 1310 626 1343 ut
650 1300 799 1343 Christi
829 1303 959 1344 verbis
992 1310 1103 1354 utar,
1147 1309 1356 1357 accipiens,
1400 1313 1508 1347 certe
1546 1306 1908 1361 quidem10ffl11.,1(,·‚15,

144 1372 207 1427 qui
231 1380 269 1413 et
295 1385 314 1410 a
340 1379 446 1426 patre
477 1370 749 1426 progreditur,
795 1377 833 1411 et.
865 1371 910 1411 de
942 1385 1028 1412 meo
1059 1373 1222 1426 accipit,
1257 1374 1341 1414 siue
1365 1382 1474 1429 patre
1504 1388 1592 1415 esse
1624 1389 1702 1415 non

144 1447 286 1496 potest.
353 1438 465 1492 Quod
491 1439 522 1479 si
550 1447 587 1479 et
616 1439 653 1478 in
679 1439 790 1479 cocto
819 1446 942 1479 matre
969 1447 1007 1479 et
1036 1440 1074 1480 in
1109 1447 1210 1480 terra
1243 1448 1350 1495 patre
1375 1456 1513 1483 carere
1538 1442 1700 1494 dixerit,

144 1515 272 1564 potest
305 1514 343 1548 et
377 1507 477 1547 istud
506 1508 550 1547 ad
585 1507 822 1547 salvatorem
861 1508 1091 1548 convenire.
1156 1506 1240 1549 Cur
1266 1509 1384 1563 igitur
1415 1511 1615 1563 apostolus
1648 1511 1702 1551 ita

143 1584 342 1632 postremo
375 1574 572 1630 loquitur?
634 1578 749 1614 Caius
778 1583 900 1614 autem
919 1579 1145 1627 genealogia
1165 1593 1213 1616 αι·
1235 1580 1313 1617 illis
1331 1593 1405 1617 non
1428 1581 1581 1617 ducitur
1603 1582 1701 1618 deci-
1720 1597 1814 1626 neb„
1835 1598 1860 1632 7,
1883 1599 1905 1626 t.

143 1648 257 1685 mavit
275 1646 445 1684 Abs-aum
462 1645 738 1695 patriarcham.
803 1642 908 1684 Nam
935 1644 1030 1684 llaec
1053 1645 1188 1696 verba,
1224 1648 1288 1685 Ex
1309 1650 1413 1698 ἡυεῖς,
1443 1646 1700 1687 accuratioris

143 1712 421 1768 explicationis
446 1712 573 1766 gratia
598 1711 766 1751 adhibita
789 1719 902 1762 sunt,
938 1719 978 1752 ut
1001 1712 1091 1753 illud
1120 1713 1334 1764 indicaret,
1370 1728 1456 1754 eum
1485 1714 1547 1768 qui
1572 1714 1618 1754 ab
1643 1713 1701 1755 ls-

143 1781 291 1822 rae'litis
323 1780 596 1834 genealogiam
635 1794 710 1820 non
746 1780 905 1820 duceret
938 1793 990 1820 ex
1016 1781 1102 1821 aliis
1129 1781 1288 1822 omnino
1320 1782 1502 1836 gentibus
1536 1784 1700 1824 eandem

141 1862 363 1890 arcessere.
427 1847 491 1889 Ex
518 1862 564 1889 eo
589 1862 683 1888 vero
706 1848 805 1902 quod
834 1855 995 1902 uterque
1020 1849 1120 1889 illius
1155 1863 1295 1904 parens
1329 1850 1366 1889 in
1391 1851 1596 1905 scripturis
1630 1865 1701 1892 ex-

142 1931 302 1973 pressus
329 1932 404 1958 non
436 1917 574 1966 fuerit,
621 1916 693 1956 alia
721 1930 788 1971 pro
813 1915 900 1956 aliis
935 1916 1112 1957 veritatis
1151 1917 1454 1958 calumniatores
1485 1919 1698 1960 somniant.

139 1985 228 2027 Nos
253 1992 381 2026 autem
414 1992 489 2025 tam
518 1985 601 2025 eius
640 1991 800 2024 matrem
834 1998 945 2038 quam
983 1993 1130 2039 patrem
1166 1986 1205 2025 in
1242 1985 1515 2027 traditionibus
1547 1987 1701 2027 inveni-

142 2068 244 2095 mus.
307 2053 437 2108 Atque
462 2053 522 2093 hic
549 2066 569 2092 e
600 2050 852 2093 Sidoniorum
879 2059 918 2092 et
941 2049 1268 2094 Chananaeorum
1297 2067 1444 2108 genere
1477 2054 1598 2095 fuisse
1622 2062 1700 2095 tra-

143 2122 258 2162 ditur.
323 2119 575 2176 Quapropter
598 2127 678 2160 tota
706 2120 752 2160 ab
781 2134 828 2160 eo
850 2121 1016 2161 conficta
1044 2121 1166 2162 fabula
1192 2122 1354 2162 corruit.
1419 2121 1497 2163 Sed
1519 2130 1557 2163 et
1582 2123 1698 2162 inane

141 2197 201 2230 est
234 2197 459 2244 susceptum
493 2189 539 2229 ab
575 2203 620 2229 eo
656 2188 759 2229 vitae
794 2188 1008 2230 severioris
1043 2190 1278 2230 institutum.
1341 2189 1482 2245 Neque
1517 2191 1619 2230 enim
1651 2189 1698 2230 iis

142 2259 332 2299 duntaxat
356 2258 464 2298 vesei
500 2271 599 2311 quae
630 2258 759 2297 anima
785 2264 942 2308 carent,
989 2258 1020 2298 si
1057 2272 1143 2299 cum
1175 2258 1262 2298 lidei
1295 2258 1574 2313 depravatione
1606 2272 1699 2298 con-

140 2326 312 2367 iunctum
339 2327 411 2367 hoe
438 2325 576 2376 fuerit,
611 2326 657 2366 ad
681 2325 799 2366 vitam
826 2325 939 2366 ullam
967 2333 1006 2367 et
1032 2340 1164 2380 spem,
1199 2333 1265 2367 aut
1287 2327 1332 2367 ad
1355 2327 1492 2367 salutis
1514 2326 1698 2380 magiste-

139 2394 238 2435 rium
272 2395 455 2449 pertinet.
520 2397 671 2442 Omnia,
707 2394 854 2448 inquit,
888 2397 939 2434 acl
963 2397 1129 2446 gloriam
1161 2397 1357 2447 dez'fianl.
1706 2402 1902 2437 1.Cor.to‚31.

253 2460 333 2503 Sed
365 2463 459 2503 haee
495 2463 685 2503 adversus
725 2463 827 2503 illius
859 2476 1033 2503 errorem
1068 2463 1262 2518 disputata
1298 2462 1513 2512 sufficiant,
1559 2462 1696 2516 quibus
1723 2472 1904 2515 Cap.Vttt.

140 2532 285 2587 scorpii
310 2532 391 2572 alas
415 2531 695 2585 confregimus,
730 2531 909 2585 illiusque
934 2530 1012 2571 vim
1036 2530 1343 2585 profligavimus.
1407 2529 1481 2570 Est
1505 2529 1607 2570 enim
1632 2530 1696 2570 ille

138 2607 308 2655 pennato
328 2599 500 2654 serpenti
526 2613 569 2639 ac
597 2599 752 2653 scorpio
779 2598 932 2650 similis,
967 2599 1029 2653 qui
1056 2599 1209 2653 quidem
1231 2598 1352 2638 variis
1379 2598 1503 2638 modis
1524 2598 1604 2638 alas
1630 2598 1697 2638 lia-

138 2667 233 2708 bere
256 2682 300 2708 ac
327 2668 461 2708 volare
487 2667 673 2708 dicendus
696 2675 771 2718 est,
807 2681 972 2721 cumque
998 2666 1261 2720 virginitatem
1286 2665 1460 2705 imitetur
1482 2665 1692 2717 ecelesiae,

140 2735 407 2776 conscientiae
433 2743 560 2776 tamen
588 2735 649 2775 illa
675 2735 902 2776 sinceritate
930 2742 1054 2775 earet.
1112 2732 1246 2787 Quare
1274 2735 1319 2774 ad
1344 2747 1430 2774 eum
1456 2733 1617 2788 eiusque
1642 2734 1695 2774 si-

185 2860 216 2893 6.
244 2862 341 2901 Vulgo
363 2864 447 2892 extat
472 2859 600 2894 {morou
940 2858 1060 2901 τηρίας
1084 2870 1143 2891 non
1174 2862 1216 2891 est
1237 2861 1486 2900 substantivum,
1521 2861 1575 2892 sed
1608 2860 1696 2891 adie-

185 2905 216 2938 7.
243 2907 329 2937 Libri
353 2908 446 2946 vulgo
471 2903 627 2943 Σιδᾶνος.
940 2907 1075 2944 clivum,
1107 2907 1263 2945 pertinens
1288 2906 1331 2936 ad
1356 2904 1499 2944 ἐλπίδος.
1547 2907 1695 2938 Petamus

185 2949 214 2982 8.
241 2953 287 2983 lta
311 2961 415 2983 omnes
436 2953 517 2992 libri,
541 2955 567 2983 et
588 2954 676 2983 recte.
723 2952 803 2984 Nam
827 2960 892 2984 σω·
940 2952 1066 2982 coniecit
1091 2950 1149 2984 καὶ
1170 2961 1240 2983 σωτ
1257 2949 1348 2994 &²¹:23-
