2066 3319
452 184 635 216 PANARII
660 185 742 217 LIB.
765 186 806 216 tt.
837 186 948 217 TOM.
965 187 1005 217 ΙΙ.
1032 186 1163 218 HAER.
1184 186 1308 217 LXVI.
1585 179 1661 218 531

114 271 241 304 menta
269 263 344 303 duo
373 262 435 302 dei
462 276 551 303 esse
578 263 691 302 unius
718 264 902 313 affirmet,
938 278 988 304 ex
1014 279 1060 305 eo
1084 272 1194 319 potes
1220 265 1550 305 animadvertere.
1601 264 1668 306 Sic

114 331 215 372 enim
242 330 464 385 apostolus:
498 333 610 369 Prius
636 339 892 370 testamentum
914 349 962 370 ι·.ι·
987 341 1108 371 moute
1129 335 1223 371 Sina
1245 336 1371 371 datum
1395 341 1463 380 est,
1499 335 1599 384 quod
1619 336 1669 372 acl
1686 348 1755 376 Gat.
1773 349 1800 382 4,
1818 349 1861 376 ²⁴.

112 402 327 438 servitutem
347 405 530 449 general:
566 400 659 436 Sz‘mz
683 403 778 438 euim
801 415 904 438 mons
926 409 981 438 est
1005 404 1042 438 [ἠ
1056 402 1219 438 .-lt·abt'a.
1268 399 1306 439 N
1311 414 1370 439 am
1396 401 1547 440 tametsi
1571 401 1668 441 (luae

113 466 190 507 sint
227 479 401 515 uxores,
447 479 545 505 unus
584 472 711 505 tamen
748 466 809 506 vir
842 474 917 507 est.
990 466 1048 507 lta
1081 467 1172 506 licet
1203 467 1278 506 duo
1313 474 1545 508 testamenta
1574 468 1667 520 sint,

116 548 214 574 unus
233 533 426 573 duntaxat
446 532 645 572 amborum
670 534 850 574 conditor
873 541 932 575 cst
954 536 1063 574 deus.
1111 532 1172 574 Ob
1197 534 1231 573 id
1259 549 1335 573 non
1361 542 1427 574 ant
1450 536 1525 575 duo
1550 550 1668 585 nova,

115 608 182 642 aut
206 601 280 641 duo
308 608 465 650 vetera,
501 601 737 651 nominavit,
772 603 838 641 sed
866 616 982 642 unum
1007 608 1143 650 vetus,
1178 601 1341 640 alterum
1376 616 1534 642 novum.
1597 603 1670 643 At-

115 683 188 723 que
211 669 300 708 illud
329 675 555 722 praeterea:
608 672 879 708 Testamentum
904 684 990 707 vero
1019 672 1056 707 ιή
1083 672 1241 707 mortuis
1251 670 1412 719 firmam
1435 678 1513 708 est:
1556 685 1673 722 quare
1692 682 1875 716 Hebr.9‚19.

114 751 232 789 neque
253 739 416 788 primum
448 739 530 774 sine
554 740 740 786 sauguine
764 739 912 789 ficetum
937 745 1014 774 est:
1057 739 1203 787 aceepit
1224 739 1319 774 em'm
1341 739 1492 787 Moyses
1516 743 1673 789 sangui-

114 819 196 844 nem
217 806 431 851 hircorum,
466 819 581 855 eoque
605 805 740 842 libram
764 812 800 842 el
819 806 996 855 populum
1023 807 1207 855 usperse‘l:
1243 807 1397 855 z'deoqae
1418 812 1454 842 el
1472 809 1672 845 secundum

117 879 373 911 testamentum
399 874 543 910 domini
571 880 689 910 'nerle
721 875 906 910 sam-itam
932 880 1000 909 est.
1067 869 1166 911 Cum
1194 871 1306 910 ambo
1331 885 1480 911 summa
1504 873 1606 912 inter
1632 887 1674 912 se

116 940 378 980 consensione
402 940 643 993 conspirent.
710 938 760 980 Ut
787 939 888 978 enim
916 946 1050 978 vetere
1079 938 1270 992 proditum
1300 946 1381 989 est,
1415 942 1501 979 Non
1527 942 1675 991 deficiet
1694 953 1824 985 σωκ,
1839 953 1878 980 10.

111 1011 289 1060 princeps
314 1023 333 1046 e
356 1010 473 1055 luda,
509 1022 627 1058 neque
651 1010 731 1045 dnae
753 1010 798 1045 de
814 1008 1030 1059 semoribus
1057 1009 1157 1053 eins,
1193 1010 1308 1044 donee
1338 1010 1463 1045 vem'at
1482 1011 1547 1045 eui
1568 1023 1675 1059 repo-

116 1079 227 1115 situm
248 1083 325 1123 est,
371 1075 422 1115 ita
448 1089 609 1124 novum,
644 1078 744 1113 Dens
767 1082 851 1114 erat
877 1078 913 1113 e'le
942 1077 1092 1113 Clu-isto
1118 1076 1292 1112 mundum
1316 1075 1394 1112 siba·
1407 1078 1671 1123 reconcilians,
1688 1090 1713 1115 2.
1725 1088 1793 1115 Cor.
1804 1088 1881 1123 5‚19.

117 1159 184 1183 nec·
215 1147 402 1196 imputans
427 1145 504 1181 e‘lle‘s
521 1151 694 1194 peccatu.
758 1141 877 1183 Plura
904 1143 950 1182 de
979 1156 1022 1182 ea
1056 1155 1097 1181 re
1131 1141 1204 1181 dici
1239 1149 1423 1196 possent,
1459 1156 1557 1196 quae
1589 1143 1678 1184 bre-

119 1212 252 1253 vitatis
284 1225 422 1251 caussa
454 1218 676 1265 praetereo.

235 1276 423 1320 Ceterum
451 1276 710 1318 Manichaeus
738 1293 824 1318 cum
849 1279 969 1319 aridis
994 1285 1032 1318 et
1052 1277 1207 1318 effoetis
1233 1277 1438 1317 arboribus
1471 1277 1596 1331 legem
1632 1292 1677 1318 ac
1725 1289 1806 1330 cap.

122 1347 331 1402 prophetas
365 1353 588 1400 comparat,
624 1346 694 1386 hac
721 1347 963 1401 potissimum
997 1345 1193 1385 sententia
1227 1346 1372 1395 fretus,
1416 1348 1500 1384 Lem
1523 1354 1560 1384 et
1583 1361 1676 1398 pro-
1696 1334 1887 1405 ngffffivlfg·

116 1418 253 1468 phetae
291 1430 406 1467 usque
437 1417 487 1453 ad
514 1417 715 1462 Iommem;
761 1430 835 1469 quo
871 1414 963 1454 nihil
999 1413 1129 1453 afferri
1167 1420 1296 1466 potest
1333 1413 1517 1467 ineptius.
1583 1411 1682 1466 Quis
1762 1399 1766 1405 Ι
1817 1399 1825 1413 '

123 1484 224 1523 enim
258 1483 414 1536 ignorat
445 1481 507 1521 ubi
542 1483 575 1521 id
609 1483 708 1535 quod
741 1496 760 1521 a
796 1482 993 1537 prophetis
1027 1480 1280 1520 nuntiabatur
1306 1480 1504 1534 impletum
1532 1488 1592 1521 est
1617 1482 1682 1521 de-

122 1551 223 1592 sisse
261 1550 485 1605 prophetas.
551 1548 627 1602 Qui
666 1550 696 1589 si
735 1550 918 1604 deinceps
954 1549 1206 1604 prodeuntem
1245 1562 1297 1587 ex
1320 1547 1450 1588 Maria
1479 1546 1679 1588 Christum

124 1619 393 1674 praedicantes
431 1619 657 1669 venissent,
704 1618 872 1658 nondum
907 1617 1116 1657 advenisse
1149 1616 1253 1655 illum
1287 1622 1502 1670 oporteret.
1565 1614 1682 1656 Eius-

122 1687 224 1727 modi
252 1686 354 1726 enim
383 1688 464 1725 sere
492 1686 582 1726 illud
605 1692 687 1736 est,
723 1686 1043 1740 quemadmodum
1073 1698 1146 1724 rex
1178 1684 1215 1722 in
1247 1684 1412 1737 aliquam
1439 1682 1682 1738 provinciam

124 1756 251 1796 iturus
277 1761 488 1795 metatores
512 1762 601 1793 ante
631 1767 672 1793 se
702 1768 747 1793 ac
781 1753 938 1794 nuntios
963 1752 1197 1807 praemittit,
1241 1765 1285 1790 ac
1323 1766 1397 1804 qno
1430 1751 1685 1805 propinquior

126 1824 229 1864 illius
257 1823 448 1863 adventus
477 1829 558 1872 est,
601 1836 647 1861 eo
679 1822 810 1876 plures
843 1821 926 1861 cius
950 1833 1165 1875 praecones
1190 1833 1236 1858 ac
1263 1832 1543 1873 praecursores
1574 1825 1684 1858 ante-

128 1892 293 1932 cedunt:
329 1897 530 1945 postquam
560 1897 688 1930 autem
714 1891 893 1944 princeps
918 1889 1050 1929 urbem
1080 1888 1283 1942 ingressus
1312 1887 1450 1936 fuerit,
1485 1886 1574 1940 quid
1605 1900 1685 1926 ain-

128 1960 226 2016 plius
252 1958 512 2014 praeconibus
539 1972 635 2012 opus
661 1965 745 2007 est,
781 1965 846 1998 aut
868 1956 1084 1998 veredariis
1109 1955 1330 2008 ceterisque
1363 1955 1469 2008 regis
1494 1954 1685 1994 adventus

129 2026 394 2083 praenuntiis,
441 2040 525 2065 cum
560 2026 634 2065 iam
672 2026 754 2080 ipse
789 2026 890 2065 intra
928 2025 1081 2065 moenia
1115 2025 1323 2063 versetur?
1386 2021 1534 2062 Eodem
1567 2023 1891 2068 modoloann.1‚29·

130 2099 192 2136 leaf
229 2104 266 2135 et
296 2096 503 2147 prophetae
541 2097 591 2132 ad
619 2098 794 2133 Ioannem
833 2108 949 2146 usque
980 2096 1246 2145 perstiterunt.
1310 2089 1522 2145 Postquam
1556 2097 1685 2131 autem

129 2163 300 2205 loannes
322 2163 359 2203 in
388 2163 545 2202 deserto
569 2162 833 2216 praedicavit,
871 2169 909 2201 et
932 2175 1072 2215 agnum
1099 2160 1204 2201 illum
1233 2173 1322 2199 esse
1345 2159 1404 2199 dei
1435 2158 1684 2208 monstravit,

130 2236 199 2285 qul
223 2234 323 2271 tollit
348 2239 504 2283 pecc-ala
532 2233 682 2278 mmull,
720 2230 812 2270 nihil
839 2230 1004 2285 amplius
1038 2229 1248 2284 prophetas
1283 2227 1380 2268 mitti
1413 2240 1577 2267 necesse
1610 2233 1685 2275 est,

132 2301 193 2356 qui
220 2300 330 2340 nobis
361 2297 509 2339 Christi
537 2313 586 2339 ex
614 2298 765 2353 virgine
802 2305 927 2338 ortum
963 2299 1251 2351 adventumque
1275 2293 1521 2336 denuntient.
1584 2291 1688 2334 Olim

133 2368 284 2423 quidem
316 2366 531 2408 necessarii
563 2366 617 2406 illi
653 2368 832 2417 fuerunt,
875 2366 937 2420 qui
972 2367 1135 2407 eundem
1174 2365 1279 2405 illum
1314 2362 1502 2403 advenire
1535 2363 1691 2402 nuntia-

133 2444 242 2487 rent,
278 2443 318 2476 ut
347 2436 539 2475 adventus
566 2435 649 2474 eius
676 2434 748 2475 hoc
782 2435 865 2488 ipso
892 2435 985 2475 fides
1009 2440 1275 2482 astrueretur,
1310 2432 1409 2485 quod
1442 2437 1532 2470 ante
1570 2430 1691 2484 signi-

135 2506 268 2546 ficatus
307 2505 446 2545 luerat.
520 2501 645 2543 Porro
679 2503 1001 2557 quemadmodum
1041 2502 1073 2542 si
1114 2501 1198 2556 quis
1242 2501 1510 2554 paedagogum
1552 2498 1693 2538 habeat

135 2574 258 2627 (reete
282 2572 383 2612 enim
413 2572 482 2612 hac
509 2571 760 2611 similitudine
790 2572 953 2621 utimur,
989 2585 1074 2610 cum
1102 2568 1303 2624 apostolus
1332 2567 1457 2617 dicat,
1499 2568 1693 2617 Paedugo-
1719 2578 1827 2612 Gaia,
1845 2578 1886 2605 24.

133 2656 207 2693 gns
240 2649 368 2681 noster
390 2643 477 2694 ι[ιιιἸ
513 2642 575 2679 lez·
607 2643 643 2678 1'11
672 2642 814 2679 (lotm'uz'
845 2641 1083 2691 adventum),
1131 2644 1331 2692 postquam
1370 2634 1610 2684 adole-verit,
1658 2641 1696 2673 et

139 2717 430 2765 praeceptorem
461 2708 663 2757 habuerit,
700 2722 775 2748 non
801 2708 959 2748 omnino
983 2707 1247 2761 paedagogum
1281 2703 1387 2743 velut
1410 2702 1610 2743 inimicum
1633 2715 1696 2742 re-

139 2823 158 2844 α
183 2813 249 2845 cod.
273 2813 402 2851 Rhediy.
986 2806 1015 2839 4.
1043 2810 1090 2839 lta
1118 2808 1250 2838 correxi!
1281 2807 1439 2838 Petamus.
1488 2806 1574 2836 Libri
1605 2805 1699 2843 vulyo

183 2859 214 2890 2.
239 2854 263 2900 ἠ
288 2858 379 2889 codd.
402 2867 475 2888 mss.
510 2857 712 2888 Desideratur
731 2865 767 2887 ea
786 2858 897 2888 vocula
946 2849 998 2895 ἐφ’
1023 2853 1153 2889 ἵππους.

140 2906 172 2935 in
193 2907 320 2943 utroque
344 2903 436 2934 edito.
991 2899 1020 2927 Γ).
1048 2900 1133 2928 Libri
1157 2907 1261 2928 omnes
1286 2892 1337 2938 ἐφ’
1364 2896 1484 2930 ἵππων.

187 2948 218 2979 3.
244 2946 276 2980 ἐν
300 2948 349 2991 τῷ
385 2943 477 2990 αὐτῷ
516 2950 599 2978 extat
622 2949 653 2978 in
677 2948 743 2978 cod.
768 2947 895 2986 Rhediy.
990 2942 1020 2974 6.
1050 2945 1114 2973 Vox
1135 2938 1290 2976 Ἰωάννου
1316 2952 1374 2974 om.
1395 2944 1428 2974 in
1448 2942 1496 2974 ed.
1521 2942 1627 2973 Petav.
1644 2941 1700 2970 Co-

140 3002 198 3033 pro
222 2989 358 3026 ἐνώπιον
379 2988 494 3025 αὐτοῦ.
946 2991 1005 3021 ton.
1030 2991 1123 3027 repet.

1330 3044 1427 3086 34*
