2066 3319
148 2156 237 2200 Κεφ.
261 2154 318 2199 ογ’.

179 2305 248 2332 pag.
264 2296 323 2325 604.

349 228 428 267 372
914 232 1074 265 SANGTJ
1103 233 1330 265 ΕΡΙΡΗΑΝΙΙ
1504 240 1517 254 ·

1203 309 1210 323 ἱ
1248 309 1257 323 7
1289 308 1298 323 2

350 309 416 352 ἀπ’
439 312 536 363 ἐμοῦ
562 308 604 350 τό
635 311 759 351 αἴτιον
785 314 854 362 τῆς
878 307 1087 364 ἀμαρτίας,
1117 310 1212 351 ἄλλα
1233 328 1288 351 απ
1323 311 1473 351 ἐκείνου
1494 314 1564 351 τοῦ
1588 316 1786 365 φθαρτοῦ,
1816 312 1883 353 καὶ

351 381 490 432 γηΐνου
516 376 718 431 σώματος,
748 376 790 419 τό
819 377 1042 432 πορνεύειν,
1082 376 1123 419 τὸ
1158 377 1371 431 μοιχεύειν,
1411 376 1453 418 vd
1488 375 1738 433 ἀσελγαίνειν·
1781 377 1884 428 ἐξότε

350 444 422 501 γάρ
454 443 519 487 ἀπ’
541 447 639 498 ε’μοῦ
662 443 830 498 ἀπέστη,
861 443 976 487 οὐδέν
999 463 1063 498 μοι
1084 445 1233 487 τούτων
1259 446 1487 500 πέπρακται.
1548 447 1628 487 Καὶ
1659 447 1765 488 ἔσται
1795 445 1880 488 εὔα-

348 512 576 569 πολόγητος,
608 515 676 554 καὶ
699 512 956 568 παραλύουσα
976 512 1045 567 τήν
1067 518 1137 555 τοῦ
1158 518 1258 555 θεοῦ
1280 516 1416 567 κρίσιν.
1478 515 1533 554 Εἰ
1555 514 1596 555 δὲ
1621 513 1748 556 καὶτὸ
1771 519 1884 568 σῶμα

348 580 440 623 καθ’
462 581 577 624 ἑαυτό
606 579 750 637 ἀγάγοι
773 580 795 623 ὁ
818 580 913 631 θεός
941 580 1121 633 (δύναται
1144 580 1238 637 γάρ,
1271 579 1324 630 ὥς
1347 582 1413 622 καὶ
1439 578 1522 622 ἀνω
1548 598 1613 634 μοι
1637 580 1703 623 δια
1727 586 1798 623 τοῦ
1819 580 1882 624 Ἰε-

349 648 475 703 ζεκιήλ
496 648 727 703 δεδήλωται,
760 651 796 690 εἰ
813 650 878 691 καὶ
902 648 967 691 διά
990 649 1215 704 παραβολὴν
1244 647 1286 690 τὸ
1317 650 1430 704 ἔργον
1456 650 1684 704 γεγένηται),
1717 647 1809 691 ἀλλά
1839 649 1881 691 τό

349 716 453 767 εἶδος
472 720 526 767 εἰς
550 716 781 773 ἀλληγορίαν
804 722 871 770 τῆς
895 716 979 759 τότε
1009 719 1424 772 1παραβουλευιῗῒείσης
1450 715 1637 769 ἀληθείας
1661 717 1881 772 ἐτελειώθη,

349 784 402 835 ὥς
428 785 608 839 συνήχθη
633 786 768 828 ὀστέον
792 784 893 841 πρὸς
917 784 1062 836 ὀστέον,
1093 787 1159 827 καὶ
1182 783 1348 838 ἀρμονία
1370 783 1470 839 πρὸς
1493 783 1697 840 ἀρμονίαν,
1728 787 1793 827 καὶ
1818 789 1879 839 ξη-

349 859 429 909 ρῶν
454 853 579 896 ὅντων
605 859 682 895 τῶν
706 852 872 905 όστέων,
905 855 971 895 καὶ
992 851 1148 895 οὐδέπω
1173 858 1325 906 ψυχῆς,
1357 851 1450 894 οὐδὲ
1479 852 1697 906 πνεύματος
1725 859 1796 895 τοῦ
1825 872 1882 896 κι-

349 927 511 971 νοῦντος
531 924 573 964 ἐν
595 921 726 971 αὐτοῖς
747 921 876 971 ὄντος·
909 923 974 963 καὶ
994 920 1116 970 εὖθῦς
1135 921 1182 963 τὰ
1201 921 1361 974 σώματα
1382 920 1574 975 συνήχθη,
1606 923 1672 963 καὶ
1694 920 1793 963 κατά
1813 921 1882 964 τὸν

346 995 420 1033 τοῦ
453 989 663 1046 προφήτου
699 989 815 1045 λόγον
851 989 1079 1045 ἐστερεώθη.
1143 991 1222 1031 Καὶ
1253 992 1287 1031 εἰ
1316 991 1421 1031 θέλει
1452 988 1567 1040 θεὸς,
1607 989 1774 1039 δυνατός
1804 991 1883 1032 ἔστι

347 1063 461 1101 τοῦτο
488 1063 670 1112 ποιῆσαι,
704 1056 798 1099 ἄνευ
822 1061 953 1112 ψυχῆς
975 1061 1156 1113 παρεῖναί
1178 1074 1216 1098 τε
1239 1059 1303 1099 καὶ
1326 1064 1542 1108 κινεῖσθαι,
1576 1056 1627 1106 ὥς
1649 1059 1715 1099 καὶ
1739 1057 1781 1100 τό
1812 1063 1882 1100 τοῦ

336 1126 454 1180 ’Ἁβελ
481 1124 577 1179 αἷμα
609 1131 721 1179 σῶμα
753 1125 798 1168 ὂν
821 1125 914 1178 μετα
937 1127 1114 1167 θάνατον
1145 1127 1381 1182 ἐφθέγγετο,
1413 1127 1479 1168 καὶ
1503 1124 1551 1168 ου’
1576 1125 1683 1179 ψυχὴ
1713 1124 1778 1178 (οὗ
1805 1125 1880 1181 γάρ

346 1194 454 1249 ψυχή
478 1197 555 1237 ε’στι
576 1193 617 1236 τό
643 1192 754 1246 αἷμα,
786 1193 882 1235 ἀλλά
901 1193 1012 1247 σῶμά
1034 1195 1110 1235 ἐστι
1134 1193 1175 1235 τό
1203 1193 1472 1247 φαινόμενον),
1504 1192 1580 1235 ἀλλ’
1603 1192 1651 1234 οὕ
1676 1193 1881 1247 δυνήσεται

346 1268 456 1317 σῶμα
475 1261 566 1304 ἀνευ
590 1267 721 1315 ψυχῆς
745 1266 946 1315 κριθῆναι.
990 1260 1208 1311 Ἀντιλέξειε
1230 1261 1302 1316 γάρ
1326 1264 1392 1303 καὶ
1415 1260 1524 1312 αὖτὸ,
1555 1266 1666 1317 λέγον
1688 1261 1761 1312 ὅτι,
1797 1259 1880 1303 Οῦκ

346 1330 420 1386 ἐγώ
442 1330 629 1385 ἥμαρτον,
662 1328 754 1371 ἀλλά
775 1328 800 1382 ἦ
826 1328 952 1383 ψυχή·
984 1328 1036 1382 μή
1062 1328 1165 1379 ἐξότε
1191 1328 1414 1383 ἀπεκινήθη
1437 1328 1501 1371 ἀπ’
1526 1331 1636 1382 ἐμοῦ,
1670 1328 1756 1383 2μή
1777 1331 1880 1383 ἐμοί-

343 1413 480 1452 χευσας
521 1398 572 1452 μὴ
609 1397 842 1453 ε’πόρνευσα,·
884 1396 935 1450 μή
969 1396 1295 1450 εἷὸωλολάτρησα,
1359 1399 1437 1439 Καὶ
1473 1399 1577 1439 ἔσται
1607 1395 1805 1453 ἀντιλέγον
1834 1397 1878 1439 τὸ

346 1472 458 1519 σῶμα
476 1471 524 1524 τῇ
544 1470 614 1507 τοῦ
633 1470 731 1507 θεοῦ
753 1468 1029 1522 δικαιοκρισίᾳ,
1060 1466 1127 1506 καὶ
1148 1464 1318 1520 εὐλόγως
1340 1463 1545 1521 ἀντιλέγον.
1599 1464 1747 1507 Τούτου
1769 1467 1880 1507 ἕνεκα

343 1537 496 1585 τοίνυν,
528 1535 595 1575 καὶ
621 1532 685 1575 6ιά
708 1532 828 1574 πολλὰ
854 1531 947 1574 ἀλλα
970 1534 1035 1574 καὶ
1057 1531 1271 1588 ἀναγκαῖα,
1304 1531 1326 1574 ό
1351 1532 1448 1582 θεός
1471 1536 1510 1575 ἐν
1533 1538 1579 1591 τῇ
1605 1532 1728 1575 αὐτοῦ
1758 1537 1878 1591 σοφίᾳ

343 1600 389 1643 τοὶ
419 1607 617 1644 τεθνεῶτα
640 1599 752 1655 ἡμῶν
780 1600 939 1654 σώματα
972 1602 1038 1642 καὶ
1062 1600 1131 1649 τοὶς
1152 1600 1284 1655 ψυχὰς
1307 1603 1361 1651 εἰς
1383 1604 1669 1657 παλιγγενεσίαν
1700 1602 1810 1657 φέρει
1840 1603 1880 1643 ἐν

343 1673 390 1728 τῇ
416 1668 538 1712 αὐτοῦ
561 1668 765 1724 ὑποσχέσει
790 1674 858 1722 τῆς
880 1672 1204 1724 φιλανθρωπίας,
1236 1671 1290 1718 εἰς
1312 1669 1353 1711 vd
1377 1668 1443 1711 τόν
1464 1669 1687 1724 κεκμηκότα
1714 1671 1754 1712 ἒν
1775 1668 1879 1712 ὅσιό-

343 1757 426 1792 τητι
448 1738 662 1792 ἀπολαβεῖν
683 1737 753 1791 τήν
778 1743 910 1779 πᾶσαν
932 1735 1010 1779 ὖπό
1034 1742 1134 1779 θεοῦ
1158 1737 1280 1792 καλὴν
1310 1736 1596 1789 ἀνταπόδοσιν,
1627 1739 1691 1780 καὶ
1715 1736 1807 1786 τοῦς
1832 1736 1879 1779 τοὶ

345 1805 489 1859 μάταια
516 1805 783 1860 πεποιηκότας
806 1804 989 1855 ὥςαύτως
1014 1810 1222 1861 κριθῆναι,
1255 1811 1365 1860 σῶμα
1389 1805 1469 1860 ἅμα
1495 1811 1625 1864 ψυχῇ,
1655 1807 1723 1848 καὶ
1746 1804 1879 1860 ψυχὴν

342 1872 422 1927 ἅμα
452 1873 610 1927 σώματι.

455 2146 564 2189 Ἀλλά
586 2145 736 2201 ἀρκέσει
760 2163 825 2198 μοι
847 2152 967 2188 ταῦτα
992 2146 1093 2200 πρὸς
1113 2146 1181 2188 τὸν
1203 2145 1444 2199 ἐθελόσοφον
1464 2145 1683 2203 Ὠριγένην,
1714 2148 1782 2191 τόν
1803 2167 1874 2202 μα-

341 2219 458 2265 ταίως
480 2216 607 2273 ἑαυτῷ
631 2215 865 2267 ἐπιθέμενον
891 2213 1015 2268 ὄνομα
1038 2213 1313 2269 Ἀδαμάντιον,
1345 2216 1410 2257 καὶ
1431 2214 1531 2271 πρὸς
1554 2215 1623 2269 τήν
1646 2215 1768 2258 αὐτοῦ
1789 2216 1874 2260 ἀτο-

346 2288 439 2326 πίαν
461 2286 526 2326 καὶ
550 2281 648 2326 κατα
670 2287 738 2335 τῆς
758 2281 946 2335 ἀληθείας
967 2285 1008 2324 ἐν
1030 2288 1187 2332 πολλοῖς
1214 2285 1342 2338 μέρεσι
1364 2286 1433 2337 τῆς
1457 2287 1621 2334 πίστεως
1641 2290 1773 2334 κακῶς
1795 2287 1873 2328 ἔπι-

343 2353 576 2406 νενοημένην
601 2349 781 2406 ὀλέθριον
801 2353 1063 2393 διδασκαλίαν.
1128 2350 1349 2407 Παρελθών
1370 2351 1410 2393 δὲ
1431 2353 1497 2393 καὶ
1514 2351 1657 2395 τούτου
1677 2353 1748 2408 τήν
1771 2356 1871 2410 αἵρε·

342 2436 403 2462 σιν
427 2423 600 2474 καθεξῆς
621 2418 690 2468 τάς
711 2417 837 2469 ἀλλας,
869 2418 1119 2473 ἐπιπόθητοι,
1153 2421 1431 2474 διασκέψομαι,
1467 2419 1560 2462 θεὸν
1582 2421 1769 2476 συνήθως
1792 2424 1872 2465 ε’πι-

343 2488 580 2543 καλούμενος
605 2493 616 2517 ¹
635 2486 788 2543 ἀρωγὸν
809 2492 876 2540 τῆς
894 2485 1005 2540 ἡμῶν
1030 2489 1221 2539 ι’διωτίας,
1252 2488 1352 2543 πρὸς
1374 2487 1417 2530 vd
1439 2490 1662 2543 δυνηθῆναι
1685 2489 1873 2545 ἀντισχεῖν

343 2557 444 2612 πρὸς
464 2562 594 2599 πᾶσαν
614 2555 713 2599 κατὰ
737 2560 806 2609 τῆς
826 2555 1013 2609 ἀληθείας
1039 2558 1334 2612 ἕπεγειρομένην
1358 2555 1496 2610 φωνὴν
1519 2561 1686 2611 ματαίαν
1711 2560 1777 2600 καὶ
1806 2556 1870 2612 ἧτ-

341 2630 474 2679 τῆσαι,
513 2623 612 2666 κατὰ
642 2623 686 2666 τοὶ
709 2622 788 2665 ὑπὸ
812 2628 882 2665 τοῦ
906 2621 1019 2677 ἀγίου
1043 2622 1202 2666 Ἠσαίου
1229 2625 1402 2679 ῥηθέντα
1432 2625 1512 2676 ὅτι,
1554 2630 1672 2667 Πᾶσα
1701 2625 1816 2680 φωνή
1844 2625 1870 2680 ἢ

342 2693 645 2747 ἐπαναστήσεται
671 2694 732 2735 ἐπὶ
757 2692 818 2743 σὲ,
850 2690 998 2740 πάντας
1021 2689 1163 2741 αὐτούς
1186 2690 1383 2746 ἡττήσεις,
1415 2695 1456 2734 οἵ
1484 2693 1525 2734 δὲ
1557 2694 1686 2747 ἔνοχοι
1717 2695 1870 2736 ἔσονται

343 2763 382 2802 ἐν
409 2760 524 2820 αὐτῇ·
556 2760 606 2802 ἵν’
626 2760 751 2809 οὕτως
773 2762 813 2802 ἐν
837 2764 920 2818 θεῷ
941 2758 983 2802 τό
1009 2758 1227 2815 ἐπάγγελμα
1253 2759 1563 2814 περαιωσάμενοι
1582 2767 1663 2810 τοῖς
1682 2763 1869 2816 βουλομέ-

342 2846 426 2877 νοις
445 2834 638 2883 νουνεχῶς
659 2827 922 2884 ἐντυγχάνειν,
955 2829 1008 2876 εἰς
1031 2831 1245 2882 γυμνασίαν
1267 2827 1455 2882 ἀληθείας
1483 2830 1546 2871 καὶ
1574 2827 1783 2884 φάρμακον
1811 2829 1867 2872 ι’ἀ-

343 2911 438 2945 σεως
469 2898 557 2952 περὶ
583 2896 747 2939 ἑκάστου
779 2895 906 2952 θηρός
937 2897 1002 2938 καὶ
1030 2894 1188 2949 ἰοβόλον
1216 2897 1400 2951 ἑρπετοῦ,
1430 2901 1509 2938 τῶν
1539 2895 1761 2952 προςώπων
1790 2902 1868 2940 τῶν

388 2999 463 3030 Cn.
487 3001 630 3033 LXXII.
663 3020 703 3026 —
763 3002 790 3034 1.
826 2999 1081 3044 παραβολευῇεί·
1171 2999 1202 3032 2.
1229 2997 1275 3043 μή
1301 3002 1420 3033 uncinis
1442 3003 1560 3033 notavit
1582 3002 1737 3034 Petavius.

342 3055 405 3087 σης
425 3047 543 3084 placuit
566 3047 704 3079 Pelavio.
