2056 3298
191 612 257 643 pag.
276 604 332 631 399.

176 1290 265 1334 Κεφ.
291 1291 332 1324 α’.

204 2051 270 2079 pag.
290 2043 348 2070 400.

668 576 776 613 ΤΟΥ
803 576 889 613 ΕΝ
913 575 1111 612 ΑΓΙΟΙΣ
1141 573 1370 612 ΠΑΤΡΟΣ
1398 573 1582 610 ΗΜΩΝ

752 653 1595 733 ΕΠΙΦΑΝΙΟΤ”

489 818 775 862 ΚΑΤΑ
855 815 1063 859 ΤΩΝ
1145 813 1749 858 ΑΙΡΕΣΕΩΝ

671 936 837 970 ΤΟΜΟΣ
864 934 1064 969 ΠΡΩΤΟΣ
1094 932 1343 969 ΔΕΥΤΕΡΟΥ
1367 932 1572 967 ΒΙΒΔΙΟΥ.

732 1100 925 1144 ΚΑΤΑ
979 1098 1251 1143 *EFKPA
1271 1098 1517 1154 ΤῙΤΩΝ,

946 1175 1008 1233 κζ
1043 1174 1071 1236 ἦ
1109 1177 1185 1222 καὶ
1222 1174 1301 1237 μζ.

477 1274 749 1331 ιἘγκρατῖταί
773 1292 871 1323 τινες
897 1274 999 1316 οὕτω
1023 1273 1276 1327 καλούμενοι,
1319 1268 1429 1315 οὗτοι
1455 1271 1523 1315 τόν
1551 1271 1739 1316 Τατιανὸν
1765 1273 1890 1315 διαδέ-

358 1362 489 1399 χονται
513 1343 681 1395 2φύσει,
724 1341 789 1384 ’ὑπ’
815 1341 936 1384 αὐτοῦ
954 1343 1240 1395 πεπλανημένοι
1261 1358 1299 1382 τε
1321 1343 1387 1383 καὶ
1412 1339 1673 1395 ἠπατημένοι,
1717 1342 1826 1393 ἕτερα
1851 1340 1892 1382 δὲ

358 1411 464 1465 παρὰ
492 1416 630 1453 τοῦτον
660 1410 944 1465 φρονήσαντες,
986 1412 1052 1451 καὶ
1082 1412 1136 1459 εἰς
1167 1413 1318 1463 μείζονα
1347 1409 1463 1451 πάλιν
1489 1411 1701 1464 ἐρεσχελίαν
1728 1406 1892 1457 ἓαυτοῦς

359 1479 626 1528 ἐκδεδωκότες.
688 1480 948 1531 Πληθύνουσι
974 1479 1014 1519 δὲ
1037 1473 1146 1519 οὗτοι
1170 1479 1235 1519 καὶ
1262 1479 1314 1526 εἰς
1336 1480 1451 1532 δεῦρο
1477 1479 1517 1519 ἐν
1538 1483 1584 1535 τῇ
1611 1479 1794 1535 Πισιδίςι,
1826 1477 1894 1519 καὶ

361 1550 402 1590 ἐν
431 1553 477 1606 τῇ
504 1550 657 1604 Φρυγία
687 1551 734 1604 τῇ
758 1547 1012 1603 Κεκαυμένῃ,
1055 1545 1156 1587 οὕτω
1181 1547 1378 1603 λεγομένῃ.
1426 1544 1541 1594 Ἴσως
1570 1543 1642 1601 γαρ
1672 1543 1769 1587 κατὰ
1794 1548 1894 1586 θεοῦ

361 1619 590 1668 οἰκονομίαν
609 1617 676 1657 καὶ
699 1615 822 1664 οὕτως
846 1613 872 1668 ἡ
892 1615 1030 1666 πατρὶς
1051 1612 1221 1667 τοῦνομα
1241 1616 1374 1666 εἴληφε
1393 1619 1594 1655 καλεῖσθαι
1615 1615 1655 1655 ἐν
1671 1618 1725 1670 τῷ
1745 1611 1894 1670 κόσμῳ,

362 1683 426 1727 δια
451 1682 493 1725 τὸ
517 1688 711 1724 κεκαῦθαι
736 1682 829 1732 τούς
853 1681 1063 1735 οἰκήτορας
1085 1680 1162 1723 dm)
1187 1686 1254 1734 τῆς
1275 1684 1515 1736 διαστροφῆς
1537 1686 1606 1735 τῆς
1625 1680 1808 1734 τοιαύτης
1830 1681 1894 1722 καὶ

360 1752 552 1805 τοσαύτης
576 1751 733 1804 πλάνης.
797 1752 945 1792 Πολλαὶ
969 1750 1040 1805 γάρ
1064 1750 1229 1803 αἷρέσεις
1253 1751 1293 1791 ἐν
1313 1754 1365 1806 τῷ
1388 1752 1526 1807 χωρίῳ.
1587 1751 1679 1791 Εἰσὶ
1701 1749 1742 1791 δὲ
1764 1750 1830 1791 καὶ
1856 1750 1897 1791 ἐν

364 1822 492 1904 μέρεσι
514 1826 582 1872 τῆς
603 1818 752 1869 Ἀσίας,
783 1820 848 1860 καὶ
872 1821 911 1860 ἐν
934 1824 981 1876 τῇ
1001 1816 1186 1871 Ἰσαύρων
1206 1818 1272 1858 καὶ
1296 1817 1527 1870 Παμφύλων
1548 1819 1614 1859 καὶ
1636 1819 1806 1858 Κιλίκων
1830 1820 1895 1874 γῇ,

363 1890 430 1930 καὶ
459 1890 499 1930 ἐν
526 1890 694 1929 Γαλατία
716 1886 792 1940 ἠδη
817 1887 858 1928 δὲ
882 1888 948 1927 καὶ
975 1887 1035 1928 ἐπι
1064 1903 1106 1926 το
1130 1889 1207 1926 τῶν
1229 1883 1426 1939 Ρωμαίων
1449 1886 1585 1940 μέρος,
1626 1883 1717 1927 ἄλλα
1741 1886 1808 1927 καὶ
1834 1886 1898 1927 ἐπὶ

363 1960 431 2011 τῆς
461 1960 538 1997 τῶν
565 1954 788 2008 Ἀντιοχέων
818 1972 887 2006 της
917 1957 1086 2009 Συρίας,
1121 1952 1168 1995 οὐ
1202 1952 1360 2006 3παντη
1392 1954 1452 2004 δὲ,
1492 1971 1517 2033 η
1548 1952 1706 2007 τοιαύτη
1737 1956 1896 2007 αι’.ρεσις

484 2023 685 2065 Φάσκουσι
716 2023 757 2064 δὲ
784 2024 850 2063 καὶ
881 2025 992 2064 οὑτοι
1025 2040 1144 2075 αρχας
1174 2039 1280 2070 τινας
1312 2019 1428 2072 εἶναι,
1467 2019 1537 2075 τήν
1559 2038 1597 2063 τε
1617 2027 1686 2064 τοῦ
1711 2021 1898 2076 διαβόλου

367 2092 634 2145 ἀντικειμένην
654 2090 753 2145 πρός
771 2108 819 2132 τα
840 2095 910 2132 τοῦ
931 2095 1030 2132 θεοῦ
1051 2089 1269 2142 ποιήματα,
1300 2091 1366 2130 καὶ
1386 2088 1439 2142 μὴ
1461 2087 1779 2143 ὖποτασσομένην
1800 2094 1898 2146 θεῷ,

367 2159 460 2202 ἄλλα
487 2158 667 2213 ἰσχύοντα
690 2161 754 2200 καὶ
780 2157 1019 2213 πράττοντα,
1052 2156 1104 2206 ὦς
1125 2157 1222 2199 κατὰ
1243 2160 1346 2198 ἰδίαν
1370 2159 1569 2208 ἐξουσίαν,
1600 2159 1665 2199 καὶ
1690 2156 1761 2212 οὐχ
1784 2155 1837 2207 οἷς
1859 2158 1900 2199 ἐν

368 2232 619 2285 παρεκτροπῇ
649 2226 865 2282 γενόμενον.
931 2225 988 2268 Οὐ
1019 2225 1091 2281 γὰρ
1120 2225 1218 2267 κατα
1249 2225 1319 2279 τὴν
1345 2227 1550 2278 ἐκκλησίαν
1571 2226 1767 2281 λέγουσιν,
1808 2223 1900 2266 ἄλλα

370 2297 490 2345 ἄλλως
513 2294 620 2350 παρα
643 2294 684 2337 τὸ
707 2300 775 2347 τῆς
797 2293 983 2347 ἀληθείας
1004 2294 1196 2349 κήρυγμα.
1257 2295 1474 2348 Κέχρηνται
1496 2294 1536 2335 δὲ
1558 2300 1727 2349 γραφαῖς
1749 2310 1899 2348 πρωτο·

369 2365 503 2414 τύπως
523 2371 607 2413 ταῖς
627 2364 848 2418 λεγομέναις
865 2360 1049 2414 Ἀνδρέου
1071 2363 1138 2403 καὶ
1155 2361 1339 2405 Ἰωάννου
1367 2361 1548 2417 Πράξεσι,
1581 2363 1646 2403 καὶ
1670 2364 1805 2415 Θωμᾶ,
1836 2361 1902 2403 καὶ

372 2432 621 2487 ἆποκρύᾳοις
639 2433 728 2482 τισὶ,
758 2433 823 2473 καὶ
846 2429 906 2480 οἷς
923 2430 1127 2484 βούλονται
1147 2429 1276 2485 λόγοις
1294 2435 1362 2483 τῆς
1381 2435 1549 2478 παλαιᾶς
1570 2428 1779 2483 διαθήκης.
1825 2427 1902 2471 Τὸν

373 2503 414 2543 δὲ
436 2500 562 2556 γάμον
581 2505 718 2552 σαφῶς
737 2503 807 2541 τοῦ
829 2499 1015 2553 διαβόλου
1034 2497 1240 2552 ὁρίζονται,
1271 2500 1426 2552 ἔμψυχα
1447 2498 1488 2539 δὲ
1509 2496 1783 2551 βδελύσσονται
1803 2495 1900 2538 ἄπα-

372 2568 617 2626 γορεύοντες,
658 2566 727 2621 οὐχ
750 2569 876 2610 ἕνεκεν
899 2569 1139 2622 ἐγκρατείας,
1181 2566 1269 2608 οὔτε
1289 2570 1500 2616 πολιτείας,
1539 2563 1632 2607 ἄλλα
1651 2564 1749 2607 κατὰ
1771 2564 1902 2618 φόβον

374 2639 441 2680 καὶ
472 2635 656 2689 ι’νδαλμόν
685 2642 756 2678 τοῦ
787 2635 839 2689 μὴ
865 2638 1200 2688 καταδικασθῆναι
1230 2633 1306 2677 dno*
1335 2640 1402 2687 τῆς
1427 2639 1507 2676 τῶν
1533 2632 1720 2687 ἐμψύχων
1743 2632 1902 2686 μεταλή-

376 2718 494 2759 ψεως.
555 2706 769 2757 Κέχρηνται
791 2705 831 2746 δὲ
853 2705 921 2745 καὶ
946 2702 1058 2745 αὐτοὶ
1082 2706 1308 2757 μυστηρίοις
1338 2701 1386 2744 δι’
1410 2702 1569 2750 ὕδατος·
1601 2699 1710 2743 οἶνον
1738 2701 1777 2742 δὲ
1804 2699 1902 2749 ὅλως

378 2772 425 2816 οὗ
456 2772 809 2827 μεταλαμβάνουσι,
853 2771 1067 2824 φάσκοντες
1097 2769 1195 2813 εἶναι
1218 2769 1465 2824 διαβολικὸν,
1503 2771 1571 2812 καὶ
1599 2767 1689 2818 τούς
1718 2772 1903 2817 πίνοντας

425 2877 501 2909 Cn.
526 2878 548 2909 1.
573 2896 617 2901 -
653 2876 679 2908 1.
705 2878 790 2908 Libri
818 2879 909 2910 modo
939 2874 1118 2920 Ἐγκρατί-
1206 2875 1237 2907 2.
1275 2877 1370 2915 Vulgo
1404 2876 1579 2907 diminorum
1612 2877 1654 2907 est
1686 2871 1901 2919 διαδέχονται,

378 2935 452 2965 ται,
475 2924 566 2955 modo
588 2918 815 2965 Ἐγκρατῐται.
1163 2917 1265 2964 φύσει
1289 2916 1342 2954 υπ’
1366 2916 1467 2954 αυτοῦ
1492 2923 1556 2952 cett.
