2066 3319
478 193 659 226 PANARu
684 193 767 225 Lus.
789 193 831 224 υ,
855 193 1025 226 ToM.11.
1052 193 1182 226 HAER.
1202 193 1340 226 vau.
1615 187 1696 227 555

146 274 287 315 itinere
317 282 388 329 pet·
412 273 632 328 periculosa
669 273 753 312 loca
779 273 983 323 contecto,
1029 287 1145 328 aegre
1171 274 1485 329 amphisbaenam
1519 275 1621 315 illam
1653 288 1697 314 ac

144 341 449 392 cenchritidem,
494 341 647 381 letalem
681 340 855 395 inprimis
895 341 1058 381 bestiam
1093 342 1316 393 evasimus,
1357 357 1455 397 quae
1490 343 1696 384 multarum

146 423 274 449 rerum
306 408 622 449 similitudinibus
647 408 846 462 variegata
871 415 1102 449 contuentes
1125 410 1281 463 decipit.
1329 409 1389 450 Ex
1416 411 1552 464 quibus
1575 412 1697 452 omni-

144 476 218 517 hus
254 477 362 517 velut
392 476 599 516 conflatum
635 483 673 515 et
708 476 900 517 occultum
935 477 1124 517 mortiferi
1161 478 1340 518 inaeulco
1375 480 1515 519 veneni
1551 480 1697 520 fontem

145 545 335 585 continet.
398 542 659 585 Manichacus
683 545 784 584 enim
815 558 900 584 cuin
930 544 1139 598 gentilibus
1165 544 1322 598 gentilis
1349 553 1431 597 est,
1477 562 1523 587 ac
1554 547 1694 598 solem,

141 612 299 663 lunam,
332 612 485 662 sidera,
530 613 820 666 daemonesque
853 619 1088 662 veneratur,
1129 612 1308 664 gentilis,
1345 614 1523 667 inquam,
1558 623 1640 665 est,
1675 630 1697 655 o

142 680 358 731 carissimi,
393 679 555 733 eiusque
580 687 687 721 secta
715 679 960 721 Graecorum
989 679 1291 734 superstitiones
1319 682 1459 732 tradit3
1495 696 1696 736 magorum

142 761 296 802 quoque
330 748 562 803 praestigias
599 748 891 803 complectitur,
937 748 974 787 in
1013 748 1137 801 iisque
1182 747 1400 798 volutatur,
1449 757 1697 792 astronomos

141 815 291 867 laudat,
335 831 497 870 quorum
525 816 701 857 curiosas
734 823 839 856 artes
866 815 1136 870 persequitur,
1177 829 1219 855 ac
1252 816 1373 856 verbo
1406 823 1518 858 tenus
1547 816 1696 859 Christi

142 882 300 924 nomine
328 883 533 938 gloriatur.
600 882 642 924 ln
667 898 750 938 quo,
772 883 1023 923 ceuchritidis
1048 882 1244 923 simillima
1271 891 1346 935 est,
1382 899 1479 939 quae
1500 886 1694 927 occultato

144 964 298 992 veneno
324 953 517 992 varietate
541 966 610 992 sua
638 951 757 1002 fallit,
792 958 907 1005 atque
927 951 1031 991 inter
1054 951 1164 991 varia
1191 952 1332 992 fruteta
1351 966 1532 1004 versans,
1566 968 1697 995 rerum

139 1019 311 1060 omnium
350 1020 488 1074 quibus
519 1020 756 1060 circumdata
795 1026 852 1059 est
888 1018 1179 1059 similitudinem
1217 1020 1416 1074 exprimit.
1480 1020 1697 1063 Enimvero

140 1094 392 1142 posteaquam
421 1087 481 1128 dei
510 1101 583 1142 ope
608 1101 652 1127 ae
681 1087 861 1127 veritatis
891 1088 1015 1137 fuste,
1051 1100 1122 1127 uec
1151 1101 1226 1127 uou
1259 1094 1298 1128 et
1326 1084 1475 1128 Christi
1507 1090 1697 1143 sanguiue

140 1169 187 1196 ae
211 1170 400 1211 corpore,
444 1157 544 1210 quod
577 1169 629 1195 ex
651 1153 782 1195 Maria
817 1168 957 1195 revera
996 1161 1126 1195 uatum
1153 1162 1238 1206 est,
1284 1169 1329 1196 ac
1361 1164 1602 1198 mortuorum
1635 1172 1697 1199 re-

140 1224 415 1275 surrectionis,
451 1231 489 1264 et
510 1224 625 1264 unius
657 1223 909 1277 eiusdemque
934 1223 994 1263 dei
1020 1224 1287 1273 confessione,
1322 1227 1500 1264 draconis
1522 1228 1628 1266 illius
1651 1230 1689 1267 ίιι
1712 1236 1824 1273 Ps.·13,
1845 1241 1885 1268 14.

139 1296 247 1345 aquis
277 1300 392 1344 eaput
415 1294 692 1345 corfi‘egimus,
730 1291 801 1332 hoc
825 1299 908 1342 est,
955 1291 1223 1346 multicipitem
1251 1291 1355 1333 illam
1388 1293 1568 1334 haeresin
1603 1295 1698 1336 effu-

141 1360 343 1414 gavimus,
380 1367 570 1415 caputque
594 1360 915 1411 comminuimus,
951 1367 1163 1414 perpetuae
1198 1361 1362 1415 primum
1390 1361 1592 1403 habendae
1624 1364 1696 1404 deo

139 1429 288 1482 gratiae
321 1436 436 1480 sunt,
478 1436 558 1468 tum
584 1429 629 1467 ad
663 1435 816 1468 ceteras
843 1428 1026 1482 deinceps
1061 1429 1369 1482 properandum,
1412 1429 1465 1470 ita
1500 1437 1542 1470 ut
1570 1445 1592 1471 a
1625 1432 1697 1473 deo

139 1495 334 1551 supplices
366 1497 631 1551 postulemuS,
667 1503 826 1536 nostrae
853 1503 893 1536 ut
920 1495 1174 1536 imbecillitati
1197 1504 1426 1548 succurrat,
1460 1505 1501 1538 ut
1524 1499 1571 1540 iis
1597 1514 1696 1554 quae

140 1564 386 1619 suscepimus
418 1565 608 1606 absolutis
641 1564 918 1604 cumulatiores
951 1564 1074 1604 eidem
1109 1565 1257 1605 referre
1290 1565 1500 1619 possimus.

376 1714 834 1763 ADVERSUS
888 1712 1463 1775 HIERACITAS,

422 1811 530 1856 quae
557 1799 625 1842 est
652 1794 851 1842 haeresis
876 1793 1095 1853 XLVII„
1131 1794 1202 1842 vel
1227 1793 1421 1843 LXVII.

248 1905 345 1948 Post
378 1907 592 1962 improbam
627 1907 755 1957 illam,
798 1922 843 1947 ac
875 1920 966 1961 prae
1001 1907 1104 1947 omni
1140 1907 1216 1947 alia
1248 1908 1402 1948 haeresi
1434 1907 1687 1960 virulentam,
1727 1919 1803 1962 Cap.
1831 1921 1853 1951 Ι.

135 1975 401 2030 serpentinam
444 1984 482 2016 et
512 1976 755 2016 barbaricam
793 1973 1017 2015 Manichaei
1053 1975 1267 2016 doctrinam
1308 1975 1502 2017 Hieracas
1541 1977 1694 2031 quidam

135 2043 291 2083 nomine
316 2043 482 2098 prodiit,
517 2058 537 2084 a
564 2058 640 2098 quo
671 2042 898 2083 Hieracitae
919 2043 1105 2084 nominati
1128 2051 1234 2084 sunt.
1287 2043 1361 2084 Hic
1385 2044 1423 2084 in
1448 2046 1587 2100 oppido
1612 2046 1694 2087 Ae-

132 2111 239 2166 gypti
279 2109 489 2153 Leontone
524 2112 649 2162 vixit,
697 2111 988 2152 humanioribus
1025 2111 1150 2152 literis
1185 2111 1364 2167 inprimis
1403 2113 1603 2164 eruditus,
1649 2130 1693 2155 ac

133 2178 379 2220 Graecorum
400 2181 630 2235 disciplinis,
667 2179 974 2234 praesertimque
1000 2180 1192 2221 medicina
1218 2188 1257 2221 et
1283 2180 1369 2221 aliis
1393 2181 1543 2222 artibus
1568 2182 1692 2223 imbu-

133 2255 211 2299 tus,
246 2250 293 2289 ad
322 2263 417 2303 quas
443 2249 728 2304 Aegyptiorum
756 2261 909 2302 quoque
933 2248 1148 2289 doctrinam
1175 2249 1426 2289 adiunxerat.
1472 2251 1533 2289 Ac
1559 2251 1692 2291 nescio

135 2331 183 2358 an
221 2324 260 2356 et
287 2317 552 2358 astronomiae
590 2331 633 2357 ac
670 2316 906 2370 magicarum
940 2316 1079 2357 artium
1114 2317 1316 2358 seientiam
1349 2317 1539 2371 attigerit.
1600 2316 1693 2358 Fuit

135 2392 242 2425 certe
264 2384 386 2425 variis
412 2385 560 2425 artibus
586 2386 823 2436 instructus,
859 2392 974 2440 atque
999 2385 1221 2440 explicandi
1247 2385 1410 2440 peritus,
1446 2393 1485 2425 ut
1511 2399 1562 2426 ex
1589 2386 1693 2428 illius

135 2453 428 2494 commentariis
457 2461 638 2508 apparet,
680 2453 745 2501 sed
771 2453 1056 2508 Aegyptiorum
1079 2454 1248 2508 linguam
1276 2453 1518 2508 potissimum
1544 2454 1690 2505 calluit,

134 2528 268 2575 utpote
300 2535 446 2576 genere
473 2522 710 2576 Aegyptius.
772 2520 861 2562 Nec
889 2535 985 2563 vero
1015 2521 1193 2563 Graecae
1232 2522 1387 2575 linguae
1416 2520 1580 2562 scientia
1612 2537 1693 2564 me-

133 2590 321 2630 diocriter
346 2596 407 2630 est
435 2590 675 2645 perpolituS,
711 2589 772 2630 vir
797 2589 1024 2631 acutissimo
1050 2591 1089 2631 in
1114 2590 1292 2630 omnibus
1322 2588 1496 2642 ingenio.
1559 2591 1692 2645 Atque

133 2657 194 2698 hie
217 2658 370 2712 quidem
402 2655 654 2699 Christianus
677 2657 771 2708 fuit,
805 2658 873 2699 sed
903 2672 980 2698 uon
1006 2659 1044 2699 in
1079 2672 1126 2699 eo
1148 2659 1253 2698 vitae
1280 2670 1427 2711 genere
1452 2659 1552 2711 quod
1585 2667 1693 2699 esset

135 2723 295 2767 Christo
330 2725 487 2780 dignum
524 2726 810 2781 perseveravit.
875 2724 1077 2780 Siquidem
1107 2725 1334 2781 prolapsus,
1380 2734 1418 2765 et
1447 2726 1638 2781 impactus
1671 2741 1692 2767 a

133 2794 301 2835 veritate
327 2794 488 2834 excidit.
533 2791 634 2834 Cum
662 2794 764 2835 enim
786 2794 933 2836 veteris
959 2794 1130 2848 novique
1154 2793 1378 2834 testamenti
1403 2794 1689 2836 scientissimus

134 2923 168 2949 et
190 2918 396 2960 periculosos
422 2919 518 2950 liuius
544 2919 800 2962 amphisbaenae
825 2918 887 2951 de-
934 2923 978 2951 cte
1003 2929 1072 2951 eam
1093 2920 1223 2951 restituit
1248 2920 1427 2951 Carnarius.

134 2974 222 2994 mum
243 2963 335 2995 locos
359 2965 483 2996 emensi
506 2976 617 2996 sumus
639 2969 705 2996 cett.
982 2965 1011 2996 ὃ.
1036 2962 1098 3006 τήν
1123 2974 1182 2996 om.
1207 2966 1238 2996 in
1262 2965 1309 2996 ed.
1335 2966 1441 2997 Petav.
1470 2967 1576 2998 Coton.
1597 2968 1689 3006 repet.

178 3006 210 3041 4.
240 3005 450 3053 V⁰x⁰E>i>eqv
471 3013 555 3043 abest
574 3021 595 3042 α
617 3011 706 3043 codd.
723 3019 794 3043 mss.
831 3011 892 3042 Re-
