2066 3319
453 182 635 217 PANARII
660 182 743 214 Lm.
759 182 799 214 11.
825 182 972 214 TOM.1.
999 182 1253 214 HAER.LX11.
1553 173 1633 213 209

100 264 200 304 dium
232 268 455 317 comparata
485 262 766 302 medicamenta
797 268 909 313 sunt,
955 263 1047 303 haec
1080 261 1295 317 seplasiarii
1330 260 1458 316 operis
1489 274 1635 315 genera

99 338 211 382 sunt,
245 330 340 371 haec
364 330 465 371 sacri
489 330 527 370 in
561 329 647 383 lege
674 330 748 370 olei
782 330 999 381 confectio,
1044 331 1137 371 haee
1165 337 1378 370 aromatum
1407 330 1525 370 odore
1559 330 1634 369 sra-

98 413 216 454 grans
247 398 405 453 egregia
431 399 546 449 tides,
581 412 678 452 quae
703 398 870 439 athletae
903 399 948 439 ad
981 406 1176 439 certamen
1210 399 1434 453 prodeuntis
1470 398 1635 438 adstrin-

97 468 210 523 gendi
245 468 322 508 vim
353 467 489 517 habet,
534 467 735 522 eidemque
763 467 984 517 denuntiat,
1026 467 1078 507 uti
1104 481 1259 507 cursum
1291 467 1523 518 contendat,
1560 481 1634 520 quo

98 550 281 578 coronam
307 537 430 591 possit
452 538 630 587 auferre,
665 536 737 576 hoc
761 536 820 576 dei
846 550 940 591 opus
968 550 1012 576 ac
1037 536 1234 589 negotium
1261 542 1341 585 est,
1376 536 1474 589 quod
1500 549 1634 575 omnes
1655 547 1744 576 Exod.
1766 548 1808 577 25.

97 605 246 659 regiam
270 605 315 645 ad
341 604 714 645 administrationem
745 611 980 659 congregat,
1013 605 1120 645 velut
1148 617 1167 643 e
1200 603 1294 643 mari
1323 617 1549 657 purpuram,
1584 604 1637 644 la-

97 687 184 714 nam
209 687 262 714 ex
283 672 443 723 ovibus,
477 673 595 713 linum
630 687 650 713 e
680 680 807 724 terra,
840 673 997 727 byssum
1025 672 1217 722 sericum,
1252 671 1467 711 rubricatas
1500 672 1634 726 pelles,

98 741 308 798 pretiosum
329 742 510 797 lapidem,
539 741 800 796 smaragdum,
835 740 1034 792 unionem,
1068 741 1260 790 achatem,
1295 740 1441 794 lapides
1464 740 1635 794 inquam,

98 810 185 866 qui,
219 810 289 851 etsi
321 810 515 851 coloribus
548 810 749 860 differant,
784 810 907 863 pretio
941 816 1067 849 tamen
1101 809 1282 863 aequales
1320 816 1425 848 sunt.
1488 808 1565 849 Sed
1600 816 1638 849 et

97 894 232 920 aurum
259 886 299 920 et
323 886 547 934 argentum,
583 886 622 919 et
643 879 866 932 incorrupta
887 877 1006 932 ligna,
1039 892 1107 918 aes
1133 884 1247 931 atque
1270 877 1430 927 serrum,
1465 878 1638 931 adeoque

98 962 147 989 ne
172 948 353 1004 caprinos
379 948 529 1003 quidem
558 948 655 1003 pilos
680 947 872 1002 repudiat.
926 946 1056 1000 Atque
1083 945 1272 987 eiusmodi
1295 945 1485 999 quondam
1513 945 1639 985 taber-

98 1017 274 1058 naculum
309 1016 402 1068 fuit,
436 1031 537 1057 nunc
561 1022 688 1057 autem
716 1015 955 1056 tabernaculi
990 1016 1125 1055 domus
1158 1015 1195 1054 in
1228 1015 1299 1054 deo
1327 1013 1518 1065 stabilita,
1555 1016 1639 1054 fun-

98 1085 316 1126 damentum
355 1087 437 1126 eius
475 1085 513 1125 in
551 1085 695 1126 virtute
738 1083 932 1125 consistit.
993 1081 1241 1138 Proindeque
1280 1083 1433 1123 desinat
1464 1083 1639 1123 haeresis

97 1154 239 1205 omnis,
274 1168 371 1209 quae
395 1161 531 1195 contra
555 1154 758 1196 veritatem
783 1152 965 1208 insurgit,
1000 1153 1063 1194 vel
1085 1152 1251 1207 seipsam
1279 1152 1405 1207 potius
1429 1165 1450 1191 a
1473 1151 1638 1192 veritate

97 1229 289 1264 removet.

209 1291 340 1346 Atque
363 1291 459 1332 haec
483 1292 686 1333 hactenus.
748 1289 867 1332 Nune
893 1297 1140 1346 posteaquam
1177 1289 1382 1344 superbam
1414 1289 1512 1329 hanc
1533 1289 1639 1344 vipe-

98 1375 204 1411 ram,
238 1360 397 1416 perinde
420 1375 464 1401 ac
490 1361 683 1416 serpentis
705 1374 828 1415 genus
852 1359 968 1411 illud,
1004 1360 1104 1414 quod
1132 1358 1297 1399 iaculum
1326 1365 1454 1408 vocat,
1489 1365 1554 1398 aut
1583 1366 1640 1414 ty-

99 1429 274 1484 phlopem
299 1430 360 1470 vel
384 1444 604 1485 myagrum,
638 1429 765 1469 crucis
788 1428 892 1482 ligno
915 1428 1176 1483 percussimus
1199 1442 1242 1467 ac
1264 1426 1507 1481 reliquimus,
1543 1441 1640 1481 quae

100 1497 251 1552 quidem
277 1506 500 1553 serpentum
526 1511 671 1553 genera
694 1511 769 1537 uon
794 1504 867 1537 tam
891 1498 1086 1551 praesenti
1110 1510 1262 1538 veneno
1286 1503 1390 1546 sunt,
1427 1510 1561 1536 verum
1586 1503 1640 1536 ta-

101 1580 190 1607 men
216 1573 292 1607 tam
318 1567 365 1607 ob
394 1580 526 1607 eorum
553 1566 820 1621 pernicitatem
854 1580 964 1619 quam
997 1566 1242 1606 insolentiam
1273 1572 1311 1605 et
1342 1565 1637 1605 eiaculationem

102 1635 148 1676 ad
168 1635 450 1676 haereticorum
468 1635 619 1675 illorum
639 1634 847 1689 perniciem
865 1633 1155 1689 significandam
1173 1635 1373 1675 commode
1392 1634 1636 1687 adhibentur,

103 1704 357 1759 contemptis,
400 1703 578 1758 inquam,
623 1702 699 1744 illis
735 1710 775 1743 et
811 1702 972 1743 abiectis
1008 1704 1054 1744 ad
1090 1703 1261 1758 reliquas
1294 1703 1479 1744 haereses
1512 1710 1640 1744 trans-

102 1785 251 1813 eamus.

441 1932 741 1982 CONTRA
779 1922 1315 1994 'SABELLIANOS‚

512 2014 708 2062 haeresis
744 2014 919 2075 XLII.‚
955 2014 1047 2063 sive
1085 2014 1232 2062 LXII.

213 2115 306 2158 Non
332 2116 460 2157 multis
487 2116 625 2157 abhinc
660 2115 770 2157 annis
797 2114 990 2158 Sabellius
1022 2117 1172 2172 quidam
1209 2116 1430 2157 haereticus
1463 2116 1636 2167 emersit,
1667 2119 1745 2164 Cap.
1772 2120 1796 2151 1-

105 2185 243 2241 quippe
267 2199 406 2226 recens
429 2185 493 2226 ille
519 2192 594 2236 est;
628 2200 650 2226 a
675 2200 749 2240 quo
776 2183 988 2226 Sabelliani
1008 2186 1170 2241 profecti
1195 2193 1299 2226 sunt.
1364 2183 1440 2238 Qui
1470 2185 1636 2239 quidem,

103 2253 236 2309 paucis
269 2254 496 2309 quibusdam
525 2253 725 2310 exceptis,
759 2254 892 2295 eadem
918 2268 1003 2295 cum
1025 2253 1234 2295 Noe'tianis
1267 2254 1447 2295 asseruit.
1510 2253 1641 2308 Atque

104 2322 215 2364 huius
250 2330 380 2364 sectae
413 2323 563 2378 plurimi
597 2337 682 2363 cum
716 2322 755 2363 in
782 2321 1092 2379 Mesopotamia,
1126 2330 1203 2364 tum
1234 2322 1385 2364 Romae
1416 2330 1637 2375 versantur,

104 2391 264 2433 vesania
296 2391 455 2447 quadam
490 2392 641 2447 perciti.

217 2459 366 2501 Horum
393 2460 487 2501 haec
509 2460 638 2516 opinio
661 2467 741 2501 est:
775 2459 952 2501 Eundem
977 2474 1064 2501 esse
1091 2468 1253 2516 patrem,
1284 2469 1321 2501 et
1345 2461 1476 2511 filium,
1504 2467 1542 2501 et
1562 2461 1638 2516 spi·

105 2529 220 2571 ritum
249 2536 447 2581 sanetum,
481 2536 522 2570 ut
552 2529 597 2569 ad
631 2529 792 2570 eandem
819 2529 1044 2585 hypostasin
1076 2536 1154 2570 tres
1185 2530 1463 2584 appellationes
1496 2543 1638 2570 couve-

105 2598 228 2639 niant.
289 2598 372 2639 Aut
395 2598 554 2653 perinde
579 2605 692 2652 atque
715 2598 752 2638 in
779 2612 854 2638 uno
879 2598 1033 2639 homine
1059 2613 1220 2653 corpus,
1255 2606 1293 2638 et
1313 2598 1461 2650 anima,
1497 2606 1534 2639 et
1561 2599 1636 2654 spi-

104 2666 202 2708 ritus
224 2665 341 2708 inest.
403 2664 460 2707 Ita
483 2673 524 2707 ut
552 2666 726 2723 eorporis
751 2666 876 2707 instar
899 2667 950 2707 sit
975 2674 1107 2721 pater,
1141 2668 1292 2706 animae
1324 2667 1445 2718 lilius,
1479 2667 1636 2721 spiritus

107 2735 271 2790 denique
296 2735 333 2776 in
355 2735 437 2790 ipsa
459 2735 661 2776 divinitate
686 2735 840 2776 humani
866 2735 1023 2791 spiritus
1048 2735 1170 2775 instar
1199 2734 1398 2775 habeatur.
1462 2733 1573 2789 Quod
1601 2743 1638 2776 et

107 2803 200 2844 solis
225 2802 475 2845 similitudine
506 2804 725 2855 declarant,
758 2804 796 2845 in
823 2819 897 2859 quo
920 2818 1004 2844 cum
1030 2818 1105 2844 una
1136 2803 1187 2842 sit
1219 2803 1461 2858 hypostasis,
1495 2805 1637 2859 triplex

107 2871 354 2914 nihilomiuus
378 2880 488 2914 actus
514 2880 589 2925 est,
624 2873 802 2914 nimirum
826 2871 1043 2914 illustrandi
1066 2871 1126 2912 vis
1148 2878 1186 2912 et
1211 2871 1476 2923 calefaciendi,
1511 2881 1549 2913 et
1573 2887 1636 2914 or-

107 2951 193 2983 Libri
209 2953 317 2985 habent
328 2950 567 2992 παλαιοτάτοις,
591 2955 644 2994 qui
664 2964 749 2986 error
763 2955 849 2985 haud
894 2951 1019 2996 priscis.

106 2997 277 3038 infrequens
291 3002 343 3030 est.
392 3000 577 3032 Carnarius:
598 2998 757 3032 Sabellius
774 2999 848 3042 qui-
938 3000 969 3031 2.
994 2999 1133 3039 lutetle9e
1157 2995 1181 3040 *l
1207 2996 1340 3042 ἓεότης.

107 3041 183 3074 darn
215 3043 352 3074 surrexit
380 3043 413 3075 in
441 3044 642 3087 temporibus
665 3056 731 3078 non
764 3044 848 3076 adeo

179 3097 294 3133 Corpus
313 3098 489 3126 haereseol.
509 3097 547 3127 11.
566 3100 592 3127 2.
1315 3107 1364 3145 14
