<?xml version="1.0" encoding="UTF-8"?>
<!DOCTYPE html PUBLIC "-//W3C//DTD XHTML 1.0 Transitional//EN"
    "http://www.w3.org/TR/xhtml1/DTD/xhtml1-transitional.dtd">
<html xmlns="http://www.w3.org/1999/xhtml" xml:lang="en" lang="en">
 <head>
  <title>
</title>
<meta http-equiv="Content-Type" content="text/html;charset=utf-8" />
  <meta name='ocr-system' content='tesseract 3.04.00' />
  <meta name='ocr-capabilities' content='ocr_page ocr_carea ocr_par ocr_line ocrx_word'/>
</head>
<body>
  <div class='ocr_page' id='page_1' title='image "./p2corporishaereseo02epipuoft/p2corporishaereseo02epipuoft_0037.png"; bbox 0 0 2056 3298; ppageno 0'>
   <div class='ocr_carea' id='block_1_1' title="bbox 526 173 1717 215">
    <p class='ocr_par' dir='ltr' id='par_1_1' title="bbox 526 173 1717 215">
     <span class='ocr_line' id='line_1_1' title="bbox 526 173 1717 215; baseline -0.003 -2"><span class='ocrx_word' id='word_1_1' title='bbox 526 183 703 214; x_wconf 66' lang='lat' dir='ltr'>PANARu</span> <span class='ocrx_word' id='word_1_2' title='bbox 729 182 812 215; x_wconf 76' lang='lat' dir='ltr'>Liss.</span> <span class='ocrx_word' id='word_1_3' title='bbox 833 183 870 214; x_wconf 83' lang='lat'>11.</span> <span class='ocrx_word' id='word_1_4' title='bbox 895 183 1000 215; x_wconf 62' lang='lat' dir='ltr'>Toxi.</span> <span class='ocrx_word' id='word_1_5' title='bbox 1021 185 1041 214; x_wconf 81' lang='lat' dir='ltr'>t.</span> <span class='ocrx_word' id='word_1_6' title='bbox 1071 183 1199 214; x_wconf 60' lang='lat' dir='ltr'>Haisa.</span> <span class='ocrx_word' id='word_1_7' title='bbox 1221 182 1373 213; x_wconf 64' lang='lat' dir='ltr'>xevni.</span> <span class='ocrx_word' id='word_1_8' title='bbox 1669 173 1717 210; x_wconf 80' lang='lat'>15</span> 
     </span>
    </p>
   </div>
   <div class='ocr_carea' id='block_1_2' title="bbox 178 259 1721 1342">
    <p class='ocr_par' dir='ltr' id='par_1_2' title="bbox 178 259 1721 1342">
     <span class='ocr_line' id='line_1_2' title="bbox 179 259 1718 315; baseline -0.004 -12"><span class='ocrx_word' id='word_1_9' title='bbox 179 261 408 303; x_wconf 74' lang='lat' dir='ltr'>Montanum</span> <span class='ocrx_word' id='word_1_10' title='bbox 435 261 621 315; x_wconf 84' lang='lat' dir='ltr'>quendam</span> <span class='ocrx_word' id='word_1_11' title='bbox 649 261 895 315; x_wconf 80' lang='lat' dir='ltr'>proplietam,</span> <span class='ocrx_word' id='word_1_12' title='bbox 940 276 1021 300; x_wconf 84' lang='lat' dir='ltr'>cnm</span> <span class='ocrx_word' id='word_1_13' title='bbox 1049 260 1224 301; x_wconf 82' lang='lat' dir='ltr'>Priscilla</span> <span class='ocrx_word' id='word_1_14' title='bbox 1251 268 1289 301; x_wconf 90' lang='lat' dir='ltr'>et</span> <span class='ocrx_word' id='word_1_15' title='bbox 1313 259 1531 301; x_wconf 79' lang='lat' dir='ltr'>Maximilla</span> <span class='ocrx_word' id='word_1_16' title='bbox 1556 260 1718 314; x_wconf 75' lang='lat' dir='ltr'>proplie-</span> 
     </span>
     <span class='ocr_line' id='line_1_3' title="bbox 179 327 1718 385; baseline -0.002 -15"><span class='ocrx_word' id='word_1_17' title='bbox 179 330 285 370; x_wconf 88' lang='lat' dir='ltr'>tissis</span> <span class='ocrx_word' id='word_1_18' title='bbox 308 329 528 385; x_wconf 87' lang='lat' dir='ltr'>praedicant</span> <span class='ocrx_word' id='word_1_19' title='bbox 558 329 694 383; x_wconf 89' lang='lat' dir='ltr'>quibus</span> <span class='ocrx_word' id='word_1_20' title='bbox 720 328 968 368; x_wconf 76' lang='lat' dir='ltr'>inhaerentes</span> <span class='ocrx_word' id='word_1_21' title='bbox 995 344 1014 367; x_wconf 92' lang='lat' dir='ltr'>a</span> <span class='ocrx_word' id='word_1_22' title='bbox 1040 337 1143 369; x_wconf 84' lang='lat' dir='ltr'>recta</span> <span class='ocrx_word' id='word_1_23' title='bbox 1174 330 1233 369; x_wconf 83' lang='lat' dir='ltr'>via</span> <span class='ocrx_word' id='word_1_24' title='bbox 1260 330 1482 369; x_wconf 65' lang='lat' dir='ltr'>deflectunt.</span> <span class='ocrx_word' id='word_1_25' title='bbox 1545 327 1645 368; x_wconf 76' lang='lat' dir='ltr'>Nam</span> <span class='ocrx_word' id='word_1_26' title='bbox 1673 328 1718 367; x_wconf 91' lang='lat' dir='ltr'>de</span> 
     </span>
     <span class='ocr_line' id='line_1_4' title="bbox 179 397 1718 453; baseline -0.002 -15"><span class='ocrx_word' id='word_1_27' title='bbox 179 405 288 453; x_wconf 84' lang='lat' dir='ltr'>patre</span> <span class='ocrx_word' id='word_1_28' title='bbox 321 405 359 438; x_wconf 88' lang='lat' dir='ltr'>et</span> <span class='ocrx_word' id='word_1_29' title='bbox 389 398 487 446; x_wconf 88' lang='lat' dir='ltr'>lilio,</span> <span class='ocrx_word' id='word_1_30' title='bbox 533 412 578 437; x_wconf 90' lang='lat' dir='ltr'>ac</span> <span class='ocrx_word' id='word_1_31' title='bbox 609 399 748 452; x_wconf 89' lang='lat' dir='ltr'>spiritu</span> <span class='ocrx_word' id='word_1_32' title='bbox 773 404 908 437; x_wconf 81' lang='lat' dir='ltr'>saneto</span> <span class='ocrx_word' id='word_1_33' title='bbox 936 397 1067 436; x_wconf 88' lang='lat' dir='ltr'>eadem</span> <span class='ocrx_word' id='word_1_34' title='bbox 1101 412 1184 436; x_wconf 91' lang='lat' dir='ltr'>cum</span> <span class='ocrx_word' id='word_1_35' title='bbox 1215 397 1377 436; x_wconf 79' lang='lat' dir='ltr'>ecclesia</span> <span class='ocrx_word' id='word_1_36' title='bbox 1410 397 1599 437; x_wconf 77' lang='lat' dir='ltr'>catholica</span> <span class='ocrx_word' id='word_1_37' title='bbox 1630 410 1718 436; x_wconf 86' lang='lat' dir='ltr'>sen-</span> 
     </span>
     <span class='ocr_line' id='line_1_5' title="bbox 180 463 1718 519; baseline -0.002 -13"><span class='ocrx_word' id='word_1_38' title='bbox 180 467 291 507; x_wconf 91' lang='lat' dir='ltr'>tiunt.</span> <span class='ocrx_word' id='word_1_39' title='bbox 355 465 433 507; x_wconf 88' lang='lat' dir='ltr'>Sed</span> <span class='ocrx_word' id='word_1_40' title='bbox 464 466 509 506; x_wconf 92' lang='lat' dir='ltr'>ab</span> <span class='ocrx_word' id='word_1_41' title='bbox 537 465 619 505; x_wconf 91' lang='lat' dir='ltr'>eius</span> <span class='ocrx_word' id='word_1_42' title='bbox 646 479 688 506; x_wconf 87' lang='lat' dir='ltr'>se</span> <span class='ocrx_word' id='word_1_43' title='bbox 715 465 983 506; x_wconf 86' lang='lat' dir='ltr'>communione</span> <span class='ocrx_word' id='word_1_44' title='bbox 1009 472 1261 518; x_wconf 74' lang='lat' dir='ltr'>separarunt,</span> <span class='ocrx_word' id='word_1_45' title='bbox 1308 466 1406 518; x_wconf 86' lang='lat' dir='ltr'>qnod</span> <span class='ocrx_word' id='word_1_46' title='bbox 1434 465 1579 505; x_wconf 86' lang='lat' dir='ltr'>erroris</span> <span class='ocrx_word' id='word_1_47' title='bbox 1605 463 1718 519; x_wconf 79' lang='lat' dir='ltr'>spiri-</span> 
     </span>
     <span class='ocr_line' id='line_1_6' title="bbox 178 530 1717 587; baseline -0.001 -13"><span class='ocrx_word' id='word_1_48' title='bbox 178 541 241 575; x_wconf 89' lang='lat' dir='ltr'>tus</span> <span class='ocrx_word' id='word_1_49' title='bbox 265 548 309 574; x_wconf 85' lang='lat' dir='ltr'>ae</span> <span class='ocrx_word' id='word_1_50' title='bbox 333 534 530 574; x_wconf 80' lang='lat' dir='ltr'>doctrinas</span> <span class='ocrx_word' id='word_1_51' title='bbox 553 534 782 574; x_wconf 89' lang='lat' dir='ltr'>daemonum</span> <span class='ocrx_word' id='word_1_52' title='bbox 806 540 1029 587; x_wconf 83' lang='lat' dir='ltr'>sequantur.</span> <span class='ocrx_word' id='word_1_53' title='bbox 1090 530 1177 572; x_wconf 75' lang='lat' dir='ltr'>Nos</span> <span class='ocrx_word' id='word_1_54' title='bbox 1200 533 1298 572; x_wconf 84' lang='lat' dir='ltr'>enim</span> <span class='ocrx_word' id='word_1_55' title='bbox 1315 564 1324 582; x_wconf 93' lang='lat'>,</span> <span class='ocrx_word' id='word_1_56' title='bbox 1358 533 1556 586; x_wconf 84' lang='lat' dir='ltr'>inquiunt,</span> <span class='ocrx_word' id='word_1_57' title='bbox 1591 533 1717 572; x_wconf 76' lang='lat' dir='ltr'>coele-</span> 
     </span>
     <span class='ocr_line' id='line_1_7' title="bbox 179 599 1717 658; baseline -0.003 -15"><span class='ocrx_word' id='word_1_58' title='bbox 179 603 253 643; x_wconf 89' lang='lat' dir='ltr'>stia</span> <span class='ocrx_word' id='word_1_59' title='bbox 287 610 441 658; x_wconf 85' lang='lat' dir='ltr'>oportet</span> <span class='ocrx_word' id='word_1_60' title='bbox 471 603 570 642; x_wconf 87' lang='lat' dir='ltr'>dona</span> <span class='ocrx_word' id='word_1_61' title='bbox 602 602 792 657; x_wconf 84' lang='lat' dir='ltr'>recipere.</span> <span class='ocrx_word' id='word_1_62' title='bbox 856 601 934 642; x_wconf 74' lang='lat' dir='ltr'>sua</span> <span class='ocrx_word' id='word_1_63' title='bbox 962 601 1112 655; x_wconf 86' lang='lat' dir='ltr'>quidem</span> <span class='ocrx_word' id='word_1_64' title='bbox 1147 607 1184 640; x_wconf 93' lang='lat' dir='ltr'>et</span> <span class='ocrx_word' id='word_1_65' title='bbox 1209 599 1374 640; x_wconf 82' lang='lat' dir='ltr'>ecclesia</span> <span class='ocrx_word' id='word_1_66' title='bbox 1404 600 1590 640; x_wconf 77' lang='lat' dir='ltr'>catholica</span> <span class='ocrx_word' id='word_1_67' title='bbox 1618 602 1717 640; x_wconf 80' lang='lat' dir='ltr'>(lona</span> 
     </span>
     <span class='ocr_line' id='line_1_8' title="bbox 179 669 1721 725; baseline -0.002 -14"><span class='ocrx_word' id='word_1_68' title='bbox 179 671 364 712; x_wconf 86' lang='lat' dir='ltr'>divinitus</span> <span class='ocrx_word' id='word_1_69' title='bbox 387 671 546 725; x_wconf 89' lang='lat' dir='ltr'>accipit,</span> <span class='ocrx_word' id='word_1_70' title='bbox 581 671 647 711; x_wconf 87' lang='lat' dir='ltr'>sed</span> <span class='ocrx_word' id='word_1_71' title='bbox 672 684 769 725; x_wconf 89' lang='lat' dir='ltr'>quae</span> <span class='ocrx_word' id='word_1_72' title='bbox 791 684 884 711; x_wconf 75' lang='lat' dir='ltr'>vera</span> <span class='ocrx_word' id='word_1_73' title='bbox 908 670 1006 709; x_wconf 87' lang='lat' dir='ltr'>(lona</span> <span class='ocrx_word' id='word_1_74' title='bbox 1028 676 1142 719; x_wconf 86' lang='lat' dir='ltr'>sunt,</span> <span class='ocrx_word' id='word_1_75' title='bbox 1177 675 1215 708; x_wconf 91' lang='lat' dir='ltr'>et</span> <span class='ocrx_word' id='word_1_76' title='bbox 1237 669 1394 722; x_wconf 86' lang='lat' dir='ltr'>spiritus</span> <span class='ocrx_word' id='word_1_77' title='bbox 1420 669 1542 708; x_wconf 86' lang='lat' dir='ltr'>sancti</span> <span class='ocrx_word' id='word_1_78' title='bbox 1565 683 1609 708; x_wconf 85' lang='lat' dir='ltr'>ac</span> <span class='ocrx_word' id='word_1_79' title='bbox 1634 684 1721 723; x_wconf 87' lang='lat' dir='ltr'>pro-</span> 
     </span>
     <span class='ocr_line' id='line_1_9' title="bbox 180 736 1716 794; baseline -0.002 -15"><span class='ocrx_word' id='word_1_80' title='bbox 180 739 380 794; x_wconf 84' lang='lat' dir='ltr'>phetarum</span> <span class='ocrx_word' id='word_1_81' title='bbox 425 746 462 779; x_wconf 87' lang='lat' dir='ltr'>et</span> <span class='ocrx_word' id='word_1_82' title='bbox 493 739 754 794; x_wconf 82' lang='lat' dir='ltr'>apostolorum</span> <span class='ocrx_word' id='word_1_83' title='bbox 786 738 1001 791; x_wconf 83' lang='lat' dir='ltr'>dominique</span> <span class='ocrx_word' id='word_1_84' title='bbox 1033 737 1153 792; x_wconf 88' lang='lat' dir='ltr'>ipsius</span> <span class='ocrx_word' id='word_1_85' title='bbox 1191 736 1421 776; x_wconf 85' lang='lat' dir='ltr'>anctoritate</span> <span class='ocrx_word' id='word_1_86' title='bbox 1455 737 1716 791; x_wconf 87' lang='lat' dir='ltr'>comprobata.</span> 
     </span>
     <span class='ocr_line' id='line_1_10' title="bbox 180 804 1719 862; baseline -0.003 -15"><span class='ocrx_word' id='word_1_87' title='bbox 180 806 349 848; x_wconf 86' lang='lat' dir='ltr'>loannes</span> <span class='ocrx_word' id='word_1_88' title='bbox 383 807 570 862; x_wconf 87' lang='lat' dir='ltr'>siquidem</span> <span class='ocrx_word' id='word_1_89' title='bbox 603 807 801 861; x_wconf 89' lang='lat' dir='ltr'>apostolus</span> <span class='ocrx_word' id='word_1_90' title='bbox 836 806 892 846; x_wconf 88' lang='lat' dir='ltr'>sic</span> <span class='ocrx_word' id='word_1_91' title='bbox 924 806 959 846; x_wconf 90' lang='lat' dir='ltr'>in</span> <span class='ocrx_word' id='word_1_92' title='bbox 988 805 1149 860; x_wconf 88' lang='lat' dir='ltr'>epistola</span> <span class='ocrx_word' id='word_1_93' title='bbox 1184 819 1252 845; x_wconf 88' lang='lat' dir='ltr'>sna</span> <span class='ocrx_word' id='word_1_94' title='bbox 1283 818 1352 843; x_wconf 80' lang='lat' dir='ltr'>nos</span> <span class='ocrx_word' id='word_1_95' title='bbox 1381 804 1584 844; x_wconf 85' lang='lat' dir='ltr'>admonet:</span> <span class='ocrx_word' id='word_1_96' title='bbox 1630 809 1719 843; x_wconf 80' lang='lat' dir='ltr'>I’ro-</span> 
     </span>
     <span class='ocr_line' id='line_1_11' title="bbox 181 873 1719 928; baseline -0.003 -13"><span class='ocrx_word' id='word_1_97' title='bbox 181 878 263 916; x_wconf 84' lang='lat' dir='ltr'>bale</span> <span class='ocrx_word' id='word_1_98' title='bbox 282 880 463 928; x_wconf 79' lang='lat' dir='ltr'>spire‘lus,</span> <span class='ocrx_word' id='word_1_99' title='bbox 497 880 534 915; x_wconf 75' lang='lat' dir='ltr'>se·</span> <span class='ocrx_word' id='word_1_100' title='bbox 552 892 600 915; x_wconf 65' lang='lat' dir='ltr'>ea·</span> <span class='ocrx_word' id='word_1_101' title='bbox 624 879 690 915; x_wconf 80' lang='lat' dir='ltr'>(leo</span> <span class='ocrx_word' id='word_1_102' title='bbox 709 883 808 914; x_wconf 73' lang='lat' dir='ltr'>smel.</span> <span class='ocrx_word' id='word_1_103' title='bbox 874 873 922 914; x_wconf 76' lang='lat' dir='ltr'>Et</span> <span class='ocrx_word' id='word_1_104' title='bbox 945 888 1120 914; x_wconf 81' lang='lat' dir='ltr'>rursum:</span> <span class='ocrx_word' id='word_1_105' title='bbox 1154 876 1328 913; x_wconf 36' lang='lat' dir='ltr'>[fudistis</span> <span class='ocrx_word' id='word_1_106' title='bbox 1350 876 1436 925; x_wconf 82' lang='lat' dir='ltr'>qm&#39;a</span> <span class='ocrx_word' id='word_1_107' title='bbox 1459 875 1719 912; x_wconf 47' lang='lat' dir='ltr'>⁴·lultrlzlvlslus·</span> 
     </span>
     <span class='ocr_line' id='line_1_12' title="bbox 179 943 1719 993; baseline -0.003 -9"><span class='ocrx_word' id='word_1_108' title='bbox 179 949 277 985; x_wconf 76' lang='lat' dir='ltr'>veui!</span> <span class='ocrx_word' id='word_1_109' title='bbox 289 963 300 993; x_wconf 84' lang='lat'>,·</span> <span class='ocrx_word' id='word_1_110' title='bbox 335 953 371 984; x_wconf 81' lang='lat' dir='ltr'>el</span> <span class='ocrx_word' id='word_1_111' title='bbox 390 960 488 983; x_wconf 77' lang='lat' dir='ltr'>mmo</span> <span class='ocrx_word' id='word_1_112' title='bbox 509 947 745 984; x_wconf 75' lang='lat' dir='ltr'>Aule&#39;eln·z&#39;slz&#39;</span> <span class='ocrx_word' id='word_1_113' title='bbox 763 946 873 982; x_wconf 72' lang='lat' dir='ltr'>mulli</span> <span class='ocrx_word' id='word_1_114' title='bbox 889 951 987 982; x_wconf 77' lang='lat' dir='ltr'>smel.</span> <span class='ocrx_word' id='word_1_115' title='bbox 1041 945 1076 981; x_wconf 85' lang='lat' dir='ltr'><em>E</em></span> <span class='ocrx_word' id='word_1_116' title='bbox 1095 943 1198 981; x_wconf 71' lang='lat' dir='ltr'>nubis</span> <span class='ocrx_word' id='word_1_117' title='bbox 1218 944 1406 987; x_wconf 64' lang='lat' dir='ltr'>arserunt,</span> <span class='ocrx_word' id='word_1_118' title='bbox 1434 944 1501 980; x_wconf 75' lang='lat' dir='ltr'>sed</span> <span class='ocrx_word' id='word_1_119' title='bbox 1518 957 1590 980; x_wconf 74' lang='lat' dir='ltr'>uon</span> <span class='ocrx_word' id='word_1_120' title='bbox 1612 950 1719 980; x_wconf 77' lang='lat' dir='ltr'>eran!</span> 
     </span>
     <span class='ocr_line' id='line_1_13' title="bbox 178 1011 1720 1064; baseline -0.004 -11"><span class='ocrx_word' id='word_1_121' title='bbox 178 1030 198 1053; x_wconf 86' lang='lat' dir='ltr'>e</span> <span class='ocrx_word' id='word_1_122' title='bbox 223 1015 342 1053; x_wconf 76' lang='lat' dir='ltr'>nobis.</span> <span class='ocrx_word' id='word_1_123' title='bbox 408 1016 455 1052; x_wconf 75' lang='lat' dir='ltr'>Si</span> <span class='ocrx_word' id='word_1_124' title='bbox 471 1016 565 1052; x_wconf 71' lang='lat' dir='ltr'>enim</span> <span class='ocrx_word' id='word_1_125' title='bbox 585 1028 604 1051; x_wconf 80' lang='lat' dir='ltr'>e</span> <span class='ocrx_word' id='word_1_126' title='bbox 621 1014 726 1052; x_wconf 76' lang='lat' dir='ltr'>nobis</span> <span class='ocrx_word' id='word_1_127' title='bbox 744 1014 924 1064; x_wconf 70' lang='lat' dir='ltr'>ficissent,</span> <span class='ocrx_word' id='word_1_128' title='bbox 960 1013 1181 1050; x_wconf 62' lang='lat' dir='ltr'>vinastis-seul</span> <span class='ocrx_word' id='word_1_129' title='bbox 1200 1013 1326 1062; x_wconf 71' lang='lat' dir='ltr'>ulique</span> <span class='ocrx_word' id='word_1_130' title='bbox 1350 1011 1557 1048; x_wconf 73' lang='lat' dir='ltr'>vobiscum:</span> <span class='ocrx_word' id='word_1_131' title='bbox 1591 1013 1657 1048; x_wconf 77' lang='lat' dir='ltr'>secl</span> <span class='ocrx_word' id='word_1_132' title='bbox 1681 1018 1720 1048; x_wconf 81' lang='lat' dir='ltr'>ul</span> 
     </span>
     <span class='ocr_line' id='line_1_14' title="bbox 179 1079 1719 1135; baseline -0.003 -14"><span class='ocrx_word' id='word_1_133' title='bbox 179 1083 505 1135; x_wconf 62' lang='lat' dir='ltr'>mangsestifimzl,</span> <span class='ocrx_word' id='word_1_134' title='bbox 540 1084 712 1133; x_wconf 73' lang='lat' dir='ltr'>quoniam</span> <span class='ocrx_word' id='word_1_135' title='bbox 737 1096 809 1120; x_wconf 79' lang='lat' dir='ltr'>non</span> <span class='ocrx_word' id='word_1_136' title='bbox 835 1088 921 1119; x_wconf 77' lang='lat' dir='ltr'>sunl</span> <span class='ocrx_word' id='word_1_137' title='bbox 943 1095 961 1118; x_wconf 83' lang='grc' dir='ltr'><em>ε</em></span> <span class='ocrx_word' id='word_1_138' title='bbox 984 1080 1112 1126; x_wconf 66' lang='lat' dir='ltr'>nobis,</span> <span class='ocrx_word' id='word_1_139' title='bbox 1149 1081 1290 1117; x_wconf 75' lang='lat' dir='ltr'>idcirco</span> <span class='ocrx_word' id='word_1_140' title='bbox 1315 1079 1438 1117; x_wconf 71' lang='lat' dir='ltr'>scribo</span> <span class='ocrx_word' id='word_1_141' title='bbox 1466 1080 1587 1126; x_wconf 67' lang='lat' dir='ltr'>vobis,</span> <span class='ocrx_word' id='word_1_142' title='bbox 1617 1081 1719 1130; x_wconf 68' lang='lat' dir='ltr'>filio—</span> 
     </span>
     <span class='ocr_line' id='line_1_15' title="bbox 179 1147 1719 1202; baseline -0.003 -12"><span class='ocrx_word' id='word_1_143' title='bbox 179 1153 211 1190; x_wconf 73' lang='lat' dir='ltr'>li</span> <span class='ocrx_word' id='word_1_144' title='bbox 237 1158 307 1190; x_wconf 82' lang='lat' dir='ltr'>ele.</span> <span class='ocrx_word' id='word_1_145' title='bbox 373 1148 567 1202; x_wconf 81' lang='lat' dir='ltr'>Quocirca</span> <span class='ocrx_word' id='word_1_146' title='bbox 595 1163 727 1190; x_wconf 91' lang='lat' dir='ltr'>verum</span> <span class='ocrx_word' id='word_1_147' title='bbox 755 1156 813 1189; x_wconf 87' lang='lat' dir='ltr'>est</span> <span class='ocrx_word' id='word_1_148' title='bbox 838 1149 922 1188; x_wconf 91' lang='lat' dir='ltr'>illos</span> <span class='ocrx_word' id='word_1_149' title='bbox 949 1162 970 1188; x_wconf 90' lang='lat' dir='ltr'>e</span> <span class='ocrx_word' id='word_1_150' title='bbox 997 1154 1218 1188; x_wconf 87' lang='lat' dir='ltr'>sanctorum</span> <span class='ocrx_word' id='word_1_151' title='bbox 1243 1160 1363 1200; x_wconf 84' lang='lat' dir='ltr'>grege</span> <span class='ocrx_word' id='word_1_152' title='bbox 1391 1161 1465 1186; x_wconf 91' lang='lat' dir='ltr'>non</span> <span class='ocrx_word' id='word_1_153' title='bbox 1491 1160 1593 1187; x_wconf 89' lang='lat' dir='ltr'>esse.</span> <span class='ocrx_word' id='word_1_154' title='bbox 1657 1147 1719 1186; x_wconf 85' lang='lat' dir='ltr'>Ab</span> 
     </span>
     <span class='ocr_line' id='line_1_16' title="bbox 178 1214 1718 1267; baseline -0.003 -8"><span class='ocrx_word' id='word_1_155' title='bbox 178 1219 226 1260; x_wconf 89' lang='lat' dir='ltr'>iis</span> <span class='ocrx_word' id='word_1_156' title='bbox 263 1219 366 1259; x_wconf 90' lang='lat' dir='ltr'>enim</span> <span class='ocrx_word' id='word_1_157' title='bbox 399 1218 656 1259; x_wconf 85' lang='lat' dir='ltr'>contendendi</span> <span class='ocrx_word' id='word_1_158' title='bbox 690 1217 816 1257; x_wconf 90' lang='lat' dir='ltr'>studio</span> <span class='ocrx_word' id='word_1_159' title='bbox 851 1223 1124 1267; x_wconf 82' lang='lat' dir='ltr'>recesserunt,</span> <span class='ocrx_word' id='word_1_160' title='bbox 1173 1222 1211 1256; x_wconf 87' lang='lat' dir='ltr'>et</span> <span class='ocrx_word' id='word_1_161' title='bbox 1247 1214 1393 1256; x_wconf 85' lang='lat' dir='ltr'>erroris</span> <span class='ocrx_word' id='word_1_162' title='bbox 1427 1229 1472 1255; x_wconf 87' lang='lat' dir='ltr'>ae</span> <span class='ocrx_word' id='word_1_163' title='bbox 1507 1215 1718 1255; x_wconf 77' lang='lat' dir='ltr'>fabularum</span> 
     </span>
     <span class='ocr_line' id='line_1_17' title="bbox 180 1286 928 1342; baseline -0.004 -14"><span class='ocrx_word' id='word_1_164' title='bbox 180 1294 360 1328; x_wconf 83' lang='lat' dir='ltr'>auctores</span> <span class='ocrx_word' id='word_1_165' title='bbox 393 1286 551 1342; x_wconf 87' lang='lat' dir='ltr'>spiritus</span> <span class='ocrx_word' id='word_1_166' title='bbox 583 1286 793 1326; x_wconf 84' lang='lat' dir='ltr'>consectati</span> <span class='ocrx_word' id='word_1_167' title='bbox 825 1293 928 1326; x_wconf 91' lang='lat' dir='ltr'>sunt.</span> 
     </span>
    </p>
   </div>
   <div class='ocr_carea' id='block_1_3' title="bbox 177 1421 1722 2231">
    <p class='ocr_par' dir='ltr' id='par_1_3' title="bbox 177 1421 1722 2231">
     <span class='ocr_line' id='line_1_18' title="bbox 294 1421 1718 1478; baseline -0.002 -14"><span class='ocrx_word' id='word_1_168' title='bbox 294 1423 399 1465; x_wconf 84' lang='lat' dir='ltr'>Ecce</span> <span class='ocrx_word' id='word_1_169' title='bbox 423 1423 489 1464; x_wconf 89' lang='lat' dir='ltr'>tibi</span> <span class='ocrx_word' id='word_1_170' title='bbox 515 1424 576 1464; x_wconf 85' lang='lat' dir='ltr'>vel</span> <span class='ocrx_word' id='word_1_171' title='bbox 600 1438 645 1464; x_wconf 90' lang='lat' dir='ltr'>eo</span> <span class='ocrx_word' id='word_1_172' title='bbox 668 1423 767 1478; x_wconf 79' lang='lat' dir='ltr'>ipsu,</span> <span class='ocrx_word' id='word_1_173' title='bbox 801 1423 899 1477; x_wconf 83' lang='lat' dir='ltr'>quod</span> <span class='ocrx_word' id='word_1_174' title='bbox 923 1422 993 1462; x_wconf 92' lang='lat' dir='ltr'>sibi</span> <span class='ocrx_word' id='word_1_175' title='bbox 1018 1422 1254 1477; x_wconf 84' lang='lat' dir='ltr'>propositum</span> <span class='ocrx_word' id='word_1_176' title='bbox 1278 1421 1435 1472; x_wconf 79' lang='lat' dir='ltr'>liabent,</span> <span class='ocrx_word' id='word_1_177' title='bbox 1469 1429 1601 1476; x_wconf 87' lang='lat' dir='ltr'>aperte</span> <span class='ocrx_word' id='word_1_178' title='bbox 1627 1436 1718 1461; x_wconf 89' lang='lat' dir='ltr'>cou-</span> 
     </span>
     <span class='ocr_line' id='line_1_19' title="bbox 179 1489 1719 1546; baseline -0.003 -12"><span class='ocrx_word' id='word_1_179' title='bbox 179 1492 390 1534; x_wconf 88' lang='lat' dir='ltr'>vincuntnr</span> <span class='ocrx_word' id='word_1_180' title='bbox 424 1506 662 1546; x_wconf 84' lang='lat' dir='ltr'>nequaquam</span> <span class='ocrx_word' id='word_1_181' title='bbox 697 1492 794 1532; x_wconf 90' lang='lat' dir='ltr'>istud</span> <span class='ocrx_word' id='word_1_182' title='bbox 830 1491 974 1545; x_wconf 86' lang='lat' dir='ltr'>ipsum,</span> <span class='ocrx_word' id='word_1_183' title='bbox 1018 1491 1117 1544; x_wconf 89' lang='lat' dir='ltr'>quod</span> <span class='ocrx_word' id='word_1_184' title='bbox 1145 1489 1388 1531; x_wconf 75' lang='lat' dir='ltr'>contentiosa</span> <span class='ocrx_word' id='word_1_185' title='bbox 1420 1490 1482 1530; x_wconf 93' lang='lat' dir='ltr'>illa</span> <span class='ocrx_word' id='word_1_186' title='bbox 1511 1489 1719 1530; x_wconf 85' lang='lat' dir='ltr'>ambitione</span> 
     </span>
     <span class='ocr_line' id='line_1_20' title="bbox 180 1557 1719 1617; baseline -0.003 -15"><span class='ocrx_word' id='word_1_187' title='bbox 180 1575 273 1617; x_wconf 88' lang='lat' dir='ltr'>prae</span> <span class='ocrx_word' id='word_1_188' title='bbox 295 1575 338 1601; x_wconf 88' lang='lat' dir='ltr'>se</span> <span class='ocrx_word' id='word_1_189' title='bbox 362 1562 504 1610; x_wconf 80' lang='lat' dir='ltr'>lerunt,</span> <span class='ocrx_word' id='word_1_190' title='bbox 533 1559 710 1600; x_wconf 88' lang='lat' dir='ltr'>obtinere</span> <span class='ocrx_word' id='word_1_191' title='bbox 731 1573 858 1614; x_wconf 84' lang='lat' dir='ltr'>posse.</span> <span class='ocrx_word' id='word_1_192' title='bbox 903 1558 1008 1599; x_wconf 74' lang='lat' dir='ltr'>Nam</span> <span class='ocrx_word' id='word_1_193' title='bbox 1031 1559 1062 1599; x_wconf 90' lang='lat' dir='ltr'>si</span> <span class='ocrx_word' id='word_1_194' title='bbox 1085 1558 1271 1599; x_wconf 85' lang='lat' dir='ltr'>coelestia</span> <span class='ocrx_word' id='word_1_195' title='bbox 1293 1558 1355 1598; x_wconf 87' lang='lat' dir='ltr'>illa</span> <span class='ocrx_word' id='word_1_196' title='bbox 1378 1558 1478 1598; x_wconf 88' lang='lat' dir='ltr'>dona</span> <span class='ocrx_word' id='word_1_197' title='bbox 1498 1557 1719 1612; x_wconf 87' lang='lat' dir='ltr'>recipienda</span> 
     </span>
     <span class='ocr_line' id='line_1_21' title="bbox 179 1624 1718 1683; baseline -0.003 -13"><span class='ocrx_word' id='word_1_198' title='bbox 179 1637 292 1679; x_wconf 85' lang='lat' dir='ltr'>sunt,</span> <span class='ocrx_word' id='word_1_199' title='bbox 326 1630 449 1683; x_wconf 88' lang='lat' dir='ltr'>iisque</span> <span class='ocrx_word' id='word_1_200' title='bbox 475 1629 686 1683; x_wconf 81' lang='lat' dir='ltr'>praeditam</span> <span class='ocrx_word' id='word_1_201' title='bbox 711 1628 912 1668; x_wconf 83' lang='lat' dir='ltr'>ecclesiam</span> <span class='ocrx_word' id='word_1_202' title='bbox 936 1641 1022 1667; x_wconf 89' lang='lat' dir='ltr'>esse</span> <span class='ocrx_word' id='word_1_203' title='bbox 1047 1627 1254 1676; x_wconf 79' lang='lat' dir='ltr'>convenit,</span> <span class='ocrx_word' id='word_1_204' title='bbox 1288 1640 1356 1666; x_wconf 87' lang='lat' dir='ltr'>cur</span> <span class='ocrx_word' id='word_1_205' title='bbox 1380 1633 1466 1680; x_wconf 79' lang='lat' dir='ltr'>post</span> <span class='ocrx_word' id='word_1_206' title='bbox 1487 1624 1718 1666; x_wconf 83' lang='lat' dir='ltr'>Montanum</span> 
     </span>
     <span class='ocr_line' id='line_1_22' title="bbox 179 1692 1720 1748; baseline -0.005 -8"><span class='ocrx_word' id='word_1_207' title='bbox 179 1713 224 1740; x_wconf 85' lang='lat' dir='ltr'>ac</span> <span class='ocrx_word' id='word_1_208' title='bbox 249 1697 467 1739; x_wconf 80' lang='lat' dir='ltr'>Priscillam</span> <span class='ocrx_word' id='word_1_209' title='bbox 500 1705 538 1736; x_wconf 92' lang='lat' dir='ltr'>et</span> <span class='ocrx_word' id='word_1_210' title='bbox 561 1695 819 1736; x_wconf 73' lang='lat' dir='ltr'>Maximillam</span> <span class='ocrx_word' id='word_1_211' title='bbox 848 1696 972 1735; x_wconf 89' lang='lat' dir='ltr'>nullos</span> <span class='ocrx_word' id='word_1_212' title='bbox 1001 1695 1142 1735; x_wconf 77' lang='lat' dir='ltr'>liabent</span> <span class='ocrx_word' id='word_1_213' title='bbox 1166 1694 1328 1748; x_wconf 88' lang='lat' dir='ltr'>amplius</span> <span class='ocrx_word' id='word_1_214' title='bbox 1355 1694 1591 1748; x_wconf 82' lang='lat' dir='ltr'>prophetas?</span> <span class='ocrx_word' id='word_1_215' title='bbox 1650 1692 1720 1734; x_wconf 85' lang='lat' dir='ltr'>Di-</span> 
     </span>
     <span class='ocr_line' id='line_1_23' title="bbox 179 1762 1719 1808; baseline -0.004 -1"><span class='ocrx_word' id='word_1_216' title='bbox 179 1767 364 1808; x_wconf 86' lang='lat' dir='ltr'>vinumne</span> <span class='ocrx_word' id='word_1_217' title='bbox 388 1773 449 1806; x_wconf 88' lang='lat' dir='ltr'>est</span> <span class='ocrx_word' id='word_1_218' title='bbox 474 1779 610 1805; x_wconf 88' lang='lat' dir='ltr'>munus</span> <span class='ocrx_word' id='word_1_219' title='bbox 637 1765 897 1805; x_wconf 73' lang='lat' dir='ltr'>exhaustum?</span> <span class='ocrx_word' id='word_1_220' title='bbox 956 1763 1009 1804; x_wconf 89' lang='lat' dir='ltr'>At</span> <span class='ocrx_word' id='word_1_221' title='bbox 1035 1762 1072 1803; x_wconf 88' lang='lat' dir='ltr'>in</span> <span class='ocrx_word' id='word_1_222' title='bbox 1098 1762 1264 1803; x_wconf 85' lang='lat' dir='ltr'>ecclesia</span> <span class='ocrx_word' id='word_1_223' title='bbox 1290 1762 1479 1803; x_wconf 83' lang='lat' dir='ltr'>catholica</span> <span class='ocrx_word' id='word_1_224' title='bbox 1503 1762 1659 1802; x_wconf 86' lang='lat' dir='ltr'>minime</span> <span class='ocrx_word' id='word_1_225' title='bbox 1683 1762 1719 1801; x_wconf 92' lang='lat' dir='ltr'>id</span> 
     </span>
     <span class='ocr_line' id='line_1_24' title="bbox 180 1822 1722 1890; baseline -0.004 -15"><span class='ocrx_word' id='word_1_226' title='bbox 180 1836 331 1890; x_wconf 89' lang='lat' dir='ltr'>quidem</span> <span class='ocrx_word' id='word_1_227' title='bbox 356 1841 417 1875; x_wconf 86' lang='lat' dir='ltr'>est</span> <span class='ocrx_word' id='word_1_228' title='bbox 439 1833 688 1874; x_wconf 82' lang='lat' dir='ltr'>exhaustum.</span> <span class='ocrx_word' id='word_1_229' title='bbox 749 1832 879 1873; x_wconf 84' lang='lat' dir='ltr'>Absit.</span> <span class='ocrx_word' id='word_1_230' title='bbox 942 1822 1056 1886; x_wconf 79' lang='lat' dir='ltr'>Quod</span> <span class='ocrx_word' id='word_1_231' title='bbox 1082 1832 1114 1871; x_wconf 89' lang='lat' dir='ltr'>si</span> <span class='ocrx_word' id='word_1_232' title='bbox 1137 1830 1263 1885; x_wconf 86' lang='lat' dir='ltr'>aliquo</span> <span class='ocrx_word' id='word_1_233' title='bbox 1288 1837 1399 1871; x_wconf 88' lang='lat' dir='ltr'>tenus</span> <span class='ocrx_word' id='word_1_234' title='bbox 1422 1830 1633 1885; x_wconf 86' lang='lat' dir='ltr'>prophetae</span> <span class='ocrx_word' id='word_1_235' title='bbox 1654 1844 1722 1870; x_wconf 80' lang='lat' dir='ltr'>va-</span> 
     </span>
     <span class='ocr_line' id='line_1_25' title="bbox 179 1897 1722 1953; baseline -0.003 -10"><span class='ocrx_word' id='word_1_236' title='bbox 179 1902 325 1944; x_wconf 88' lang='lat' dir='ltr'>ticinati</span> <span class='ocrx_word' id='word_1_237' title='bbox 350 1910 463 1951; x_wconf 85' lang='lat' dir='ltr'>sunt,</span> <span class='ocrx_word' id='word_1_238' title='bbox 508 1910 545 1942; x_wconf 87' lang='lat' dir='ltr'>et</span> <span class='ocrx_word' id='word_1_239' title='bbox 569 1901 771 1942; x_wconf 84' lang='lat' dir='ltr'>vaticinari</span> <span class='ocrx_word' id='word_1_240' title='bbox 796 1901 908 1941; x_wconf 92' lang='lat' dir='ltr'>modo</span> <span class='ocrx_word' id='word_1_241' title='bbox 934 1901 1137 1950; x_wconf 88' lang='lat' dir='ltr'>desinunt,</span> <span class='ocrx_word' id='word_1_242' title='bbox 1178 1912 1423 1953; x_wconf 87' lang='lat' dir='ltr'>consequens</span> <span class='ocrx_word' id='word_1_243' title='bbox 1449 1906 1528 1949; x_wconf 91' lang='lat' dir='ltr'>est,</span> <span class='ocrx_word' id='word_1_244' title='bbox 1565 1912 1612 1938; x_wconf 90' lang='lat' dir='ltr'>ne</span> <span class='ocrx_word' id='word_1_245' title='bbox 1636 1897 1722 1938; x_wconf 79' lang='lat' dir='ltr'>Pri-</span> 
     </span>
     <span class='ocr_line' id='line_1_26' title="bbox 178 1966 1722 2026; baseline -0.003 -14"><span class='ocrx_word' id='word_1_246' title='bbox 178 1971 324 2013; x_wconf 83' lang='lat' dir='ltr'>scillam</span> <span class='ocrx_word' id='word_1_247' title='bbox 357 1970 507 2026; x_wconf 88' lang='lat' dir='ltr'>quidem</span> <span class='ocrx_word' id='word_1_248' title='bbox 539 1978 653 2025; x_wconf 86' lang='lat' dir='ltr'>atque</span> <span class='ocrx_word' id='word_1_249' title='bbox 680 1969 961 2019; x_wconf 75' lang='lat' dir='ltr'>Maximillam,</span> <span class='ocrx_word' id='word_1_250' title='bbox 1006 1969 1217 2009; x_wconf 88' lang='lat' dir='ltr'>seeundum</span> <span class='ocrx_word' id='word_1_251' title='bbox 1247 1967 1509 2022; x_wconf 89' lang='lat' dir='ltr'>apostolorum</span> <span class='ocrx_word' id='word_1_252' title='bbox 1538 1966 1722 2007; x_wconf 83' lang='lat' dir='ltr'>vaticinia</span> 
     </span>
     <span class='ocr_line' id='line_1_27' title="bbox 179 2034 1720 2095; baseline -0.004 -14"><span class='ocrx_word' id='word_1_253' title='bbox 179 2055 276 2095; x_wconf 85' lang='lat' dir='ltr'>quae</span> <span class='ocrx_word' id='word_1_254' title='bbox 300 2040 338 2080; x_wconf 92' lang='lat' dir='ltr'>in</span> <span class='ocrx_word' id='word_1_255' title='bbox 359 2039 526 2080; x_wconf 83' lang='lat' dir='ltr'>ecclesia</span> <span class='ocrx_word' id='word_1_256' title='bbox 549 2047 703 2093; x_wconf 86' lang='lat' dir='ltr'>recepta</span> <span class='ocrx_word' id='word_1_257' title='bbox 722 2046 826 2088; x_wconf 89' lang='lat' dir='ltr'>sunt,</span> <span class='ocrx_word' id='word_1_258' title='bbox 855 2037 1050 2078; x_wconf 81' lang='lat' dir='ltr'>oraculum</span> <span class='ocrx_word' id='word_1_259' title='bbox 1072 2037 1186 2077; x_wconf 88' lang='lat' dir='ltr'>ullum</span> <span class='ocrx_word' id='word_1_260' title='bbox 1209 2035 1393 2076; x_wconf 86' lang='lat' dir='ltr'>edidisse.</span> <span class='ocrx_word' id='word_1_261' title='bbox 1457 2034 1720 2089; x_wconf 81' lang='lat' dir='ltr'>Quamobrem</span> 
     </span>
     <span class='ocr_line' id='line_1_28' title="bbox 177 2101 1722 2163; baseline -0.005 -14"><span class='ocrx_word' id='word_1_262' title='bbox 177 2109 370 2163; x_wconf 83' lang='lat' dir='ltr'>utrimque</span> <span class='ocrx_word' id='word_1_263' title='bbox 395 2108 547 2148; x_wconf 88' lang='lat' dir='ltr'>illorum</span> <span class='ocrx_word' id='word_1_264' title='bbox 570 2107 720 2147; x_wconf 88' lang='lat' dir='ltr'>insania</span> <span class='ocrx_word' id='word_1_265' title='bbox 745 2106 1037 2161; x_wconf 86' lang='lat' dir='ltr'>constringitur.</span> <span class='ocrx_word' id='word_1_266' title='bbox 1084 2103 1186 2145; x_wconf 85' lang='lat' dir='ltr'>Nam</span> <span class='ocrx_word' id='word_1_267' title='bbox 1211 2111 1276 2144; x_wconf 87' lang='lat' dir='ltr'>aut</span> <span class='ocrx_word' id='word_1_268' title='bbox 1300 2103 1506 2158; x_wconf 87' lang='lat' dir='ltr'>prophetas</span> <span class='ocrx_word' id='word_1_269' title='bbox 1527 2111 1614 2159; x_wconf 83' lang='lat' dir='ltr'>post</span> <span class='ocrx_word' id='word_1_270' title='bbox 1632 2101 1722 2144; x_wconf 81' lang='lat' dir='ltr'>Ma-</span> 
     </span>
     <span class='ocr_line' id='line_1_29' title="bbox 177 2171 1719 2231; baseline -0.003 -14"><span class='ocrx_word' id='word_1_271' title='bbox 177 2176 362 2218; x_wconf 86' lang='lat' dir='ltr'>ximillam</span> <span class='ocrx_word' id='word_1_272' title='bbox 393 2176 541 2231; x_wconf 88' lang='lat' dir='ltr'>aliquos</span> <span class='ocrx_word' id='word_1_273' title='bbox 574 2176 802 2225; x_wconf 86' lang='lat' dir='ltr'>ostendant,</span> <span class='ocrx_word' id='word_1_274' title='bbox 845 2188 892 2215; x_wconf 87' lang='lat' dir='ltr'>ne</span> <span class='ocrx_word' id='word_1_275' title='bbox 923 2188 991 2224; x_wconf 82' lang='lat' dir='ltr'>ea,</span> <span class='ocrx_word' id='word_1_276' title='bbox 1037 2188 1149 2228; x_wconf 86' lang='lat' dir='ltr'>quam</span> <span class='ocrx_word' id='word_1_277' title='bbox 1179 2173 1231 2213; x_wconf 88' lang='lat' dir='ltr'>illi</span> <span class='ocrx_word' id='word_1_278' title='bbox 1260 2172 1455 2223; x_wconf 78' lang='lat' dir='ltr'>iactitant,</span> <span class='ocrx_word' id='word_1_279' title='bbox 1499 2171 1623 2226; x_wconf 81' lang='lat' dir='ltr'>gratia</span> <span class='ocrx_word' id='word_1_280' title='bbox 1649 2185 1719 2212; x_wconf 83' lang='lat' dir='ltr'>ex-</span> 
     </span>
    </p>
   </div>
   <div class='ocr_carea' id='block_1_4' title="bbox 178 2239 1729 2296">
    <p class='ocr_par' dir='ltr' id='par_1_4' title="bbox 178 2239 1729 2296">
     <span class='ocr_line' id='line_1_30' title="bbox 178 2239 1729 2296; baseline -0.005 -10"><span class='ocrx_word' id='word_1_281' title='bbox 178 2246 298 2286; x_wconf 85' lang='lat' dir='ltr'>tincta</span> <span class='ocrx_word' id='word_1_282' title='bbox 322 2246 519 2296; x_wconf 84' lang='lat' dir='ltr'>videatur,</span> <span class='ocrx_word' id='word_1_283' title='bbox 553 2253 618 2286; x_wconf 88' lang='lat' dir='ltr'>aut</span> <span class='ocrx_word' id='word_1_284' title='bbox 641 2243 857 2285; x_wconf 74' lang='lat' dir='ltr'>Maximilla</span> <span class='ocrx_word' id='word_1_285' title='bbox 883 2257 967 2284; x_wconf 87' lang='lat' dir='ltr'>cum</span> <span class='ocrx_word' id='word_1_286' title='bbox 993 2242 1072 2283; x_wconf 91' lang='lat' dir='ltr'>suis</span> <span class='ocrx_word' id='word_1_287' title='bbox 1102 2242 1222 2282; x_wconf 85' lang='lat' dir='ltr'>falsae</span> <span class='ocrx_word' id='word_1_288' title='bbox 1249 2241 1348 2282; x_wconf 76' lang='lat' dir='ltr'>vatis</span> <span class='ocrx_word' id='word_1_289' title='bbox 1374 2239 1528 2281; x_wconf 84' lang='lat' dir='ltr'>nomine</span> <span class='ocrx_word' id='word_1_290' title='bbox 1556 2253 1729 2280; x_wconf 86' lang='lat' dir='ltr'>censen-.</span> 
     </span>
    </p>
   </div>
   <div class='ocr_carea' id='block_1_5' title="bbox 176 2309 1719 2848">
    <p class='ocr_par' dir='ltr' id='par_1_5' title="bbox 176 2309 1719 2848">
     <span class='ocr_line' id='line_1_31' title="bbox 178 2309 1719 2369; baseline -0.004 -14"><span class='ocrx_word' id='word_1_291' title='bbox 178 2315 249 2355; x_wconf 90' lang='lat' dir='ltr'>dae</span> <span class='ocrx_word' id='word_1_292' title='bbox 283 2320 396 2364; x_wconf 83' lang='lat' dir='ltr'>sunt,</span> <span class='ocrx_word' id='word_1_293' title='bbox 443 2327 540 2368; x_wconf 87' lang='lat' dir='ltr'>qnae</span> <span class='ocrx_word' id='word_1_294' title='bbox 572 2320 657 2369; x_wconf 91' lang='lat' dir='ltr'>post</span> <span class='ocrx_word' id='word_1_295' title='bbox 687 2312 966 2368; x_wconf 82' lang='lat' dir='ltr'>praescriptum</span> <span class='ocrx_word' id='word_1_296' title='bbox 993 2310 1204 2366; x_wconf 84' lang='lat' dir='ltr'>prophetici</span> <span class='ocrx_word' id='word_1_297' title='bbox 1238 2309 1325 2350; x_wconf 88' lang='lat' dir='ltr'>doni</span> <span class='ocrx_word' id='word_1_298' title='bbox 1355 2309 1543 2362; x_wconf 82' lang='lat' dir='ltr'>officiique</span> <span class='ocrx_word' id='word_1_299' title='bbox 1571 2315 1719 2363; x_wconf 86' lang='lat' dir='ltr'>tempus</span> 
     </span>
     <span class='ocr_line' id='line_1_32' title="bbox 177 2376 1718 2437; baseline -0.005 -14"><span class='ocrx_word' id='word_1_300' title='bbox 177 2397 255 2423; x_wconf 91' lang='lat' dir='ltr'>non</span> <span class='ocrx_word' id='word_1_301' title='bbox 289 2382 412 2423; x_wconf 85' lang='lat' dir='ltr'>sancti</span> <span class='ocrx_word' id='word_1_302' title='bbox 446 2382 630 2437; x_wconf 86' lang='lat' dir='ltr'>spiritus,</span> <span class='ocrx_word' id='word_1_303' title='bbox 673 2382 738 2422; x_wconf 88' lang='lat' dir='ltr'>sed</span> <span class='ocrx_word' id='word_1_304' title='bbox 767 2380 928 2420; x_wconf 84' lang='lat' dir='ltr'>immissi</span> <span class='ocrx_word' id='word_1_305' title='bbox 956 2394 977 2419; x_wconf 88' lang='lat' dir='ltr'>a</span> <span class='ocrx_word' id='word_1_306' title='bbox 1007 2379 1260 2419; x_wconf 87' lang='lat' dir='ltr'>daemonibus</span> <span class='ocrx_word' id='word_1_307' title='bbox 1291 2377 1436 2419; x_wconf 83' lang='lat' dir='ltr'>erroris</span> <span class='ocrx_word' id='word_1_308' title='bbox 1461 2376 1624 2417; x_wconf 85' lang='lat' dir='ltr'>alIlatum</span> <span class='ocrx_word' id='word_1_309' title='bbox 1653 2378 1718 2416; x_wconf 93' lang='lat' dir='ltr'>ad-</span> 
     </span>
     <span class='ocr_line' id='line_1_33' title="bbox 177 2443 1719 2499; baseline -0.005 -7"><span class='ocrx_word' id='word_1_310' title='bbox 177 2451 332 2492; x_wconf 86' lang='lat' dir='ltr'>mittere</span> <span class='ocrx_word' id='word_1_311' title='bbox 352 2465 426 2491; x_wconf 88' lang='lat' dir='ltr'>non</span> <span class='ocrx_word' id='word_1_312' title='bbox 451 2458 540 2492; x_wconf 93' lang='lat' dir='ltr'>sunt</span> <span class='ocrx_word' id='word_1_313' title='bbox 565 2450 729 2499; x_wconf 84' lang='lat' dir='ltr'>veritae,</span> <span class='ocrx_word' id='word_1_314' title='bbox 763 2464 807 2490; x_wconf 87' lang='lat' dir='ltr'>ac</span> <span class='ocrx_word' id='word_1_315' title='bbox 828 2448 908 2491; x_wconf 91' lang='lat' dir='ltr'>suis</span> <span class='ocrx_word' id='word_1_316' title='bbox 930 2448 1170 2489; x_wconf 88' lang='lat' dir='ltr'>auditoribus</span> <span class='ocrx_word' id='word_1_317' title='bbox 1191 2447 1368 2487; x_wconf 86' lang='lat' dir='ltr'>illudere.</span> <span class='ocrx_word' id='word_1_318' title='bbox 1430 2443 1646 2485; x_wconf 83' lang='lat' dir='ltr'>Enimvero</span> <span class='ocrx_word' id='word_1_319' title='bbox 1668 2459 1719 2485; x_wconf 78' lang='lat' dir='ltr'>ex</span> 
     </span>
     <span class='ocr_line' id='line_1_34' title="bbox 176 2511 1717 2575; baseline -0.006 -14"><span class='ocrx_word' id='word_1_320' title='bbox 176 2520 225 2561; x_wconf 88' lang='lat' dir='ltr'>iis</span> <span class='ocrx_word' id='word_1_321' title='bbox 257 2520 373 2575; x_wconf 89' lang='lat' dir='ltr'>ipsis,</span> <span class='ocrx_word' id='word_1_322' title='bbox 419 2533 517 2574; x_wconf 87' lang='lat' dir='ltr'>quae</span> <span class='ocrx_word' id='word_1_323' title='bbox 549 2526 754 2569; x_wconf 88' lang='lat' dir='ltr'>asserunt,</span> <span class='ocrx_word' id='word_1_324' title='bbox 799 2532 932 2558; x_wconf 88' lang='lat' dir='ltr'>eorum</span> <span class='ocrx_word' id='word_1_325' title='bbox 965 2516 1165 2556; x_wconf 89' lang='lat' dir='ltr'>mendacia</span> <span class='ocrx_word' id='word_1_326' title='bbox 1200 2515 1443 2555; x_wconf 77' lang='lat' dir='ltr'>refellentur.</span> <span class='ocrx_word' id='word_1_327' title='bbox 1513 2511 1580 2554; x_wconf 85' lang='lat' dir='ltr'>Sic</span> <span class='ocrx_word' id='word_1_328' title='bbox 1616 2513 1717 2553; x_wconf 92' lang='lat' dir='ltr'>enim</span> 
     </span>
     <span class='ocr_line' id='line_1_35' title="bbox 177 2583 1717 2641; baseline -0.006 -12"><span class='ocrx_word' id='word_1_329' title='bbox 177 2596 288 2630; x_wconf 86' lang='lat' dir='ltr'>vates</span> <span class='ocrx_word' id='word_1_330' title='bbox 311 2588 463 2629; x_wconf 87' lang='lat' dir='ltr'>illorum</span> <span class='ocrx_word' id='word_1_331' title='bbox 485 2586 703 2628; x_wconf 80' lang='lat' dir='ltr'>Maximilla</span> <span class='ocrx_word' id='word_1_332' title='bbox 724 2586 943 2641; x_wconf 88' lang='lat' dir='ltr'>praedicat:</span> <span class='ocrx_word' id='word_1_333' title='bbox 977 2588 1066 2624; x_wconf 73' lang='lat' dir='ltr'>Post</span> <span class='ocrx_word' id='word_1_334' title='bbox 1085 2600 1140 2624; x_wconf 78' lang='lat' dir='ltr'>me</span> <span class='ocrx_word' id='word_1_335' title='bbox 1160 2586 1264 2624; x_wconf 70' lang='lat' dir='ltr'>nulla</span> <span class='ocrx_word' id='word_1_336' title='bbox 1287 2585 1445 2634; x_wconf 73' lang='lat' dir='ltr'>amplius</span> <span class='ocrx_word' id='word_1_337' title='bbox 1468 2585 1541 2621; x_wconf 71' lang='lat' dir='ltr'>erit</span> <span class='ocrx_word' id='word_1_338' title='bbox 1554 2583 1717 2634; x_wconf 77' lang='lat' dir='ltr'>prophe-</span> 
     </span>
     <span class='ocr_line' id='line_1_36' title="bbox 178 2650 1717 2709; baseline -0.005 -12"><span class='ocrx_word' id='word_1_339' title='bbox 178 2660 290 2705; x_wconf 79' lang='lat' dir='ltr'>tissa,</span> <span class='ocrx_word' id='word_1_340' title='bbox 333 2659 399 2696; x_wconf 80' lang='lat' dir='ltr'>sed</span> <span class='ocrx_word' id='word_1_341' title='bbox 414 2658 513 2709; x_wconf 77' lang='lat' dir='ltr'>stm&#39;s</span> <span class='ocrx_word' id='word_1_342' title='bbox 541 2664 729 2708; x_wconf 76' lang='lat' dir='ltr'>seqetelur.</span> <span class='ocrx_word' id='word_1_343' title='bbox 795 2653 914 2695; x_wconf 81' lang='lat' dir='ltr'>Vides</span> <span class='ocrx_word' id='word_1_344' title='bbox 941 2661 982 2694; x_wconf 71' lang='lat' dir='ltr'>ut,</span> <span class='ocrx_word' id='word_1_345' title='bbox 1005 2653 1170 2708; x_wconf 90' lang='lat' dir='ltr'>undique</span> <span class='ocrx_word' id='word_1_346' title='bbox 1199 2666 1241 2692; x_wconf 89' lang='lat' dir='ltr'>se</span> <span class='ocrx_word' id='word_1_347' title='bbox 1268 2651 1403 2706; x_wconf 89' lang='lat' dir='ltr'>prodat</span> <span class='ocrx_word' id='word_1_348' title='bbox 1430 2650 1577 2691; x_wconf 85' lang='lat' dir='ltr'>erroris</span> <span class='ocrx_word' id='word_1_349' title='bbox 1605 2651 1717 2705; x_wconf 84' lang='lat' dir='ltr'>spiri-</span> 
     </span>
     <span class='ocr_line' id='line_1_37' title="bbox 178 2719 1714 2779; baseline -0.005 -13"><span class='ocrx_word' id='word_1_350' title='bbox 178 2726 269 2766; x_wconf 83' lang='lat' dir='ltr'>tus?</span> <span class='ocrx_word' id='word_1_351' title='bbox 325 2723 428 2765; x_wconf 65' lang='lat' dir='ltr'>‘Nam</span> <span class='ocrx_word' id='word_1_352' title='bbox 465 2738 726 2779; x_wconf 88' lang='lat' dir='ltr'>quaecumque</span> <span class='ocrx_word' id='word_1_353' title='bbox 763 2723 971 2778; x_wconf 84' lang='lat' dir='ltr'>prophetae</span> <span class='ocrx_word' id='word_1_354' title='bbox 1003 2721 1119 2762; x_wconf 87' lang='lat' dir='ltr'>locuti</span> <span class='ocrx_word' id='word_1_355' title='bbox 1149 2727 1259 2770; x_wconf 84' lang='lat' dir='ltr'>sunt,</span> <span class='ocrx_word' id='word_1_356' title='bbox 1306 2733 1349 2758; x_wconf 81' lang='lat' dir='ltr'>ea</span> <span class='ocrx_word' id='word_1_357' title='bbox 1377 2719 1546 2760; x_wconf 87' lang='lat' dir='ltr'>scientes</span> <span class='ocrx_word' id='word_1_358' title='bbox 1574 2719 1714 2759; x_wconf 90' lang='lat' dir='ltr'>intelli-</span> 
     </span>
     <span class='ocr_line' id='line_1_38' title="bbox 177 2787 1716 2848; baseline -0.005 -13"><span class='ocrx_word' id='word_1_359' title='bbox 177 2800 391 2848; x_wconf 85' lang='lat' dir='ltr'>gentesque</span> <span class='ocrx_word' id='word_1_360' title='bbox 414 2793 620 2844; x_wconf 74' lang='lat' dir='ltr'>dixerunt,</span> <span class='ocrx_word' id='word_1_361' title='bbox 655 2793 842 2848; x_wconf 89' lang='lat' dir='ltr'>planeque</span> <span class='ocrx_word' id='word_1_362' title='bbox 868 2791 919 2832; x_wconf 91' lang='lat' dir='ltr'>uti</span> <span class='ocrx_word' id='word_1_363' title='bbox 941 2790 1116 2831; x_wconf 83' lang='lat' dir='ltr'>nuntiata</span> <span class='ocrx_word' id='word_1_364' title='bbox 1141 2795 1230 2829; x_wconf 91' lang='lat' dir='ltr'>sunt</span> <span class='ocrx_word' id='word_1_365' title='bbox 1252 2787 1490 2839; x_wconf 86' lang='lat' dir='ltr'>acciderunt,</span> <span class='ocrx_word' id='word_1_366' title='bbox 1525 2795 1563 2828; x_wconf 80' lang='lat' dir='ltr'>et</span> <span class='ocrx_word' id='word_1_367' title='bbox 1585 2787 1716 2828; x_wconf 87' lang='lat' dir='ltr'>hodie-</span> 
     </span>
    </p>
   </div>
   <div class='ocr_carea' id='block_1_6' title="bbox 177 2912 1717 3054">
    <p class='ocr_par' dir='ltr' id='par_1_6' title="bbox 177 2912 1717 3054">
     <span class='ocr_line' id='line_1_39' title="bbox 221 2912 1717 2956; baseline -0.005 -5"><span class='ocrx_word' id='word_1_368' title='bbox 221 2919 254 2951; x_wconf 73' lang='lat'>2.</span> <span class='ocrx_word' id='word_1_369' title='bbox 278 2921 398 2951; x_wconf 83' lang='lat' dir='ltr'>Parum</span> <span class='ocrx_word' id='word_1_370' title='bbox 421 2921 564 2950; x_wconf 78' lang='lat' dir='ltr'>accurate</span> <span class='ocrx_word' id='word_1_371' title='bbox 588 2919 663 2950; x_wconf 79' lang='lat' dir='ltr'>haec</span> <span class='ocrx_word' id='word_1_372' title='bbox 685 2921 780 2951; x_wconf 80' lang='lat' dir='ltr'>verba</span> <span class='ocrx_word' id='word_1_373' title='bbox 803 2927 926 2950; x_wconf 71' lang='lat' dir='ltr'>conver·</span> <span class='ocrx_word' id='word_1_374' title='bbox 974 2914 1075 2946; x_wconf 85' lang='lat' dir='ltr'>modo</span> <span class='ocrx_word' id='word_1_375' title='bbox 1101 2925 1138 2944; x_wconf 82' lang='lat' dir='ltr'>ex</span> <span class='ocrx_word' id='word_1_376' title='bbox 1163 2912 1201 2944; x_wconf 87' lang='lat' dir='ltr'>iis</span> <span class='ocrx_word' id='word_1_377' title='bbox 1221 2912 1298 2956; x_wconf 85' lang='lat' dir='ltr'>ipsis</span> <span class='ocrx_word' id='word_1_378' title='bbox 1318 2924 1400 2956; x_wconf 84' lang='lat' dir='ltr'>quae</span> <span class='ocrx_word' id='word_1_379' title='bbox 1421 2919 1568 2945; x_wconf 84' lang='lat' dir='ltr'>asserunt</span> <span class='ocrx_word' id='word_1_380' title='bbox 1587 2912 1717 2944; x_wconf 81' lang='lat' dir='ltr'>illorum</span> 
     </span>
     <span class='ocr_line' id='line_1_40' title="bbox 177 2958 1368 3005; baseline -0.004 -9"><span class='ocrx_word' id='word_1_381' title='bbox 177 2967 277 2996; x_wconf 80' lang='lat' dir='ltr'>terunt</span> <span class='ocrx_word' id='word_1_382' title='bbox 299 2967 485 3005; x_wconf 79' lang='lat' dir='ltr'>interpretes.</span> <span class='ocrx_word' id='word_1_383' title='bbox 536 2966 641 2996; x_wconf 73' lang='lat' dir='ltr'>Verte:</span> <span class='ocrx_word' id='word_1_384' title='bbox 666 2971 699 2996; x_wconf 85' lang='lat' dir='ltr'>et</span> <span class='ocrx_word' id='word_1_385' title='bbox 720 2963 927 2996; x_wconf 79' lang='lat' dir='ltr'>audientibus</span> <span class='ocrx_word' id='word_1_386' title='bbox 971 2958 1142 2992; x_wconf 84' lang='lat' dir='ltr'>mendacia</span> <span class='ocrx_word' id='word_1_387' title='bbox 1165 2958 1368 2992; x_wconf 75' lang='lat' dir='ltr'>refelluntur.</span> 
     </span>
     <span class='ocr_line' id='line_1_41' title="bbox 178 3009 924 3054; baseline 0.003 -14"><span class='ocrx_word' id='word_1_388' title='bbox 178 3009 335 3050; x_wconf 85' lang='lat' dir='ltr'>illudere,</span> <span class='ocrx_word' id='word_1_389' title='bbox 372 3009 541 3042; x_wconf 84' lang='lat' dir='ltr'>audientes</span> <span class='ocrx_word' id='word_1_390' title='bbox 570 3009 682 3054; x_wconf 87' lang='lat' dir='ltr'>utique</span> <span class='ocrx_word' id='word_1_391' title='bbox 718 3009 816 3042; x_wconf 85' lang='lat' dir='ltr'>etiam</span> <span class='ocrx_word' id='word_1_392' title='bbox 841 3019 924 3052; x_wconf 92' lang='lat' dir='ltr'>quo-</span> 
     </span>
    </p>
   </div>
   <div class='ocr_carea' id='block_1_7' title="bbox 1740 815 1882 952">
    <p class='ocr_par' dir='ltr' id='par_1_7' title="bbox 1740 815 1882 952">
     <span class='ocr_line' id='line_1_42' title="bbox 1740 815 1882 843; baseline 0.007 -2"><span class='ocrx_word' id='word_1_393' title='bbox 1740 815 1761 841; x_wconf 91' lang='lat' dir='ltr'>l.</span> <span class='ocrx_word' id='word_1_394' title='bbox 1784 815 1882 843; x_wconf 87' lang='lat' dir='ltr'>loann.</span> 
     </span>
     <span class='ocr_line' id='line_1_43' title="bbox 1772 852 1841 882; baseline -0.014 -6"><span class='ocrx_word' id='word_1_395' title='bbox 1772 852 1798 882; x_wconf 68' lang='grc' dir='ltr'>«Ι,</span> <span class='ocrx_word' id='word_1_396' title='bbox 1822 852 1841 877; x_wconf 88' lang='grc'>1.</span> 
     </span>
     <span class='ocr_line' id='line_1_44' title="bbox 1741 885 1882 911; baseline 0.007 -1"><span class='ocrx_word' id='word_1_397' title='bbox 1741 885 1761 910; x_wconf 90' lang='lat' dir='ltr'>l.</span> <span class='ocrx_word' id='word_1_398' title='bbox 1783 885 1882 911; x_wconf 77' lang='lat' dir='ltr'>loann-</span> 
     </span>
     <span class='ocr_line' id='line_1_45' title="bbox 1768 920 1853 952; baseline 0.012 -7"><span class='ocrx_word' id='word_1_399' title='bbox 1768 920 1793 952; x_wconf 79' lang='lat'>2,</span> <span class='ocrx_word' id='word_1_400' title='bbox 1816 920 1853 946; x_wconf 73' lang='grc' dir='ltr'>ΙΗ.</span> 
     </span>
    </p>
   </div>
   <div class='ocr_carea' id='block_1_8' title="bbox 1746 1429 1888 1473">
    <p class='ocr_par' dir='ltr' id='par_1_8' title="bbox 1746 1429 1888 1473">
     <span class='ocr_line' id='line_1_46' title="bbox 1746 1429 1888 1473; baseline 0.007 -13"><span class='ocrx_word' id='word_1_401' title='bbox 1746 1429 1823 1473; x_wconf 77' lang='lat' dir='ltr'>Cap.</span> <span class='ocrx_word' id='word_1_402' title='bbox 1851 1432 1888 1462; x_wconf 84' lang='lat' dir='ltr'>lt.</span> 
     </span>
    </p>
   </div>
  </div>
 </body>
</html>
