2066 3319
553 180 733 212 PANAnn
758 179 841 212 Lm.
860 180 902 211 Π.
928 179 1036 212 ΤοΜ.
1057 181 1081 211 1.
1108 180 1239 212 HAER.
1260 181 1385 214 LX1v.
1659 174 1738 214 343

202 260 345 301 nullum
372 259 434 313 qui
460 272 531 299 nos
562 259 608 298 ad
633 258 750 299 animi
778 259 1091 314 perturbationes
1119 261 1287 302 attrahat
1317 262 1420 315 (nam
1448 262 1519 302 hoc
1543 262 1656 302 modo
1688 262 1740 302 ci-

202 336 259 369 tra
279 327 460 368 sudorem
485 341 531 367 ac
555 327 729 367 laborem
755 327 916 367 salutem
943 327 1118 369 obtinere
1145 330 1379 384 potuimus),
1414 331 1480 371 sed
1505 331 1603 385 quod
1633 331 1741 371 volu-

199 410 283 437 mus
319 396 357 436 id
394 395 551 436 minime
588 396 649 447 lit,
695 395 773 435 imo
802 396 837 436 id
871 396 997 451 potius
1029 398 1128 451 quod
1170 398 1362 440 nolumus.
1434 398 1598 440 Probari
1637 401 1737 439 enim

199 479 292 515 nos,
342 464 395 504 uti
435 464 627 514 diximus,
677 472 844 518 oportet.
926 462 1024 505 Cum
1066 466 1159 506 llaec
1200 465 1317 519 igitur
1358 467 1408 507 ita
1449 468 1549 519 sint,
1597 482 1740 535 nequa-

198 548 334 588 quam,
370 548 391 572 o
420 532 572 583 anima,
617 533 902 587 improbissimo
937 535 1120 575 cedamus
1154 534 1278 585 hosti,
1321 536 1388 575 scd
1420 539 1482 575 dec·
1510 545 1739 577 armaturam
1762 546 1878 583 Eph.13‚
1895 549 1933 574 ιι.

195 610 401 650 sumentes,
438 616 535 656 quae
569 616 640 642 uos
677 607 806 642 tuetur
838 616 881 642 ac
917 602 1106 656 protegit,
1147 606 1312 642 iustitiae
1342 606 1495 643 lot-leam
1527 608 1735 654 induamus,

196 680 232 711 el
264 673 469 710 ealeeemlts
496 673 610 722 pedes
643 674 680 710 lle
708 675 999 723 praeparatione
1028 674 1217 723 emmgelz't'
1238 675 1368 724 pacis,
1411 676 1448 711 in
1479 676 1646 713 omnibus
1676 690 1739 713 su-

196 748 332 779 mentes
356 747 501 779 seztlltm
524 741 644 791 fidei,
690 743 726 778 2'12
755 755 826 792 quo
853 743 1039 792 possimus
1069 743 1190 778 omm'a
1222 743 1345 780 zucula
1374 745 1593 793 nequissimi
1622 745 1738 781 lzoslcls·

194 811 318 860 egnz'ta
352 811 585 860 reslre'ngere
598 826 609 847 :
656 817 692 847 et
719 810 868 860 galeam
906 811 1041 847 salutis
1072 811 1249 860 aecipite,
1297 817 1335 848 ec
1364 811 1533 860 gladium
1563 814 1734 862 spiritus,

194 880 294 930 quod
311 885 367 916 est
388 878 536 916 verbum
558 880 637 924 dei,
674 885 717 915 ut
733 880 888 929 possitis
908 885 1012 916 stare
1034 880 1213 916 adversas
1238 880 1394 916 instillas
1416 879 1576 925 diaboli,
1610 893 1654 917 ae
1678 894 1737 917 eo-

191 949 396 998 gz‘late'ones
435 949 628 985 destruere
664 953 701 984 el
734 960 873 984 omnem
909 948 1165 994 altitudinem,
1208 960 1303 998 quae
1334 949 1532 985 eoetolle'tzlr
1560 949 1940 991 aslue1²32132.c‹nr.10‚5.

193 1018 386 1054 scientiam
412 1017 483 1054 dei.
551 1017 730 1065 Quoniam
754 1030 826 1053 non
858 1022 915 1053 est
938 1016 1044 1054 nobis
1069 1017 1285 1054 colluctatio
1310 1014 1489 1055 adversus
1519 1019 1738 1067 sanguinem
1759 1025 1835 1062 Eph.
1854 1028 1879 1061 6,
1900 1027 1940 1054 12.

193 1092 229 1123 et
249 1098 410 1123 earnem.
475 1082 584 1123 Haec
611 1090 739 1123 autem
762 1083 849 1122 ideo
876 1083 961 1123 dico
986 1084 1085 1137 quod
1109 1097 1152 1123 ea
1182 1084 1231 1123 sit
1254 1083 1422 1124 omnium
1453 1084 1616 1139 apostoli
1640 1084 1737 1124 scri-

195 1160 344 1208 ptorum
372 1152 484 1192 ratio.
547 1150 672 1192 Multa
697 1151 836 1207 quippe
860 1158 972 1202 sunt,
1009 1167 1106 1206 quae
1133 1152 1177 1192 de
1202 1167 1278 1192 uno
1303 1166 1452 1207 quoque
1477 1166 1609 1192 eorum
1639 1167 1736 1207 quae

194 1223 230 1262 in
254 1221 317 1262 illa
338 1220 501 1276 epistola
523 1219 824 1276 pronuntiantur
845 1220 1103 1261 demonstrari
1125 1228 1302 1276 possunt,
1331 1228 1370 1262 ut
1391 1221 1436 1260 ad
1458 1228 1602 1261 rectam
1626 1221 1737 1261 fidem

191 1290 367 1346 apposite
393 1296 652 1344 accurateque
681 1289 780 1329 dicta
806 1288 1027 1330 videantur.
1091 1288 1168 1331 Sed
1196 1290 1353 1344 longum
1382 1297 1442 1331 est
1465 1290 1565 1331 bunc
1587 1290 1627 1331 in
1655 1305 1736 1331 mo-

192 1361 279 1400 dum
311 1359 462 1414 singula
496 1371 747 1413 percensere.
810 1356 994 1398 Formam
1022 1358 1123 1398 enim
1154 1359 1344 1399 duntaxat
1374 1359 1475 1399 illius
1508 1374 1552 1399 ac
1578 1366 1737 1400 senten-

193 1428 282 1468 tiam
305 1428 343 1468 iu
376 1427 596 1482 praesentia
624 1426 824 1467 declarare
848 1427 979 1467 statui.
1041 1430 1127 1467 Non
1159 1431 1253 1467 enim
1285 1431 1384 1481 qnod
1407 1431 1488 1467 volo
1520 1430 1588 1467 hoc
1608 1430 1732 1482 sac-io,
1755 1439 1879 1474 Roma,
1899 1441 1938 1469 15.

191 1500 259 1537 sed
277 1499 376 1549 quod
397 1499 462 1535 ode'
479 1497 690 1549 leoesaee'o:
726 1494 880 1535 divinae
901 1495 1053 1549 quidem
1076 1496 1150 1550 legi
1174 1497 1385 1548 assentior,
1420 1511 1464 1536 ac
1485 1496 1625 1537 bonam
1648 1511 1736 1538 esse

195 1566 334 1606 fateor.
398 1563 477 1605 lam
505 1578 600 1604 vero
627 1577 704 1604 non
729 1563 822 1604 illud
855 1564 979 1619 ipsum
1012 1578 1085 1619 ego
1117 1565 1337 1616 committo,
1370 1568 1436 1604 sed
1467 1569 1567 1618 quod
1593 1567 1737 1605 habitat

191 1638 228 1674 in
254 1650 310 1673 me
333 1642 553 1686 peccatum:
586 1636 663 1672 scio
687 1635 780 1672 enim
805 1636 904 1686 quod
934 1649 1006 1673 non
1033 1635 1178 1673 habitat
1200 1638 1237 1673 ile
1260 1649 1315 1673 me
1325 1665 1335 1682 ,
1371 1636 1440 1673 hoe
1469 1642 1528 1673 est
1554 1638 1591 1673 z'tz
1624 1649 1737 1674 earne

190 1718 290 1751 mea,
327 1704 472 1743 bonum.
537 1700 748 1742 Praeclare
781 1701 882 1742 istud
913 1702 1082 1757 quidem.
1145 1701 1375 1744 Meminisse
1401 1717 1473 1744 vos
1499 1703 1600 1743 enim
1633 1703 1736 1743 arbi-

192 1779 274 1812 tror
298 1772 384 1826 quid
408 1786 429 1812 a
453 1770 564 1811 nobis
589 1784 707 1826 supra
730 1771 980 1811 constitutum
1007 1771 1136 1812 fuerit.
1185 1771 1362 1812 Tametsi
1389 1772 1475 1812 dum
1500 1772 1627 1812 omnia
1648 1786 1735 1827 per-

190 1840 300 1896 sequi
325 1841 485 1890 studeo,
520 1839 633 1895 paulo
660 1838 731 1880 sim
760 1839 933 1894 longior,
969 1840 1232 1895 maioremque
1263 1840 1352 1880 mihi
1388 1855 1500 1894 quam
1529 1840 1731 1894 sperabam

189 1909 226 1950 in
254 1910 435 1950 ambitum
463 1908 727 1948 circumducta
754 1908 803 1948 sit
836 1909 984 1958 oratio,
1030 1923 1140 1963 quem
1173 1923 1244 1949 nos
1279 1923 1508 1964 percurrere
1539 1924 1584 1950 ac
1616 1910 1734 1949 confi-

189 1992 278 2019 cere
304 1977 544 2018 conabimur.
606 1976 764 2032 Alioqui
791 1977 934 2018 nullum
958 1979 996 2018 in
1025 1977 1224 2033 proposito
1253 1985 1483 2032 argumento
1514 1978 1628 2019 finem
1662 1992 1732 2018 ex-

188 2047 403 2104 pediemus.

298 2114 354 2156 Ita
379 2115 512 2169 igitur,
547 2114 577 2154 si
603 2114 879 2165 recordamini,
915 2114 1219 2170 disputabamus.
1264 2114 1331 2156 Ex
1352 2130 1426 2171 quo
1450 2116 1595 2171 primus
1619 2116 1732 2156 bomo

189 2186 480 2226 circumventus
503 2183 720 2224 mandatum
746 2183 805 2224 dei
832 2183 1009 2235 violavit,
1044 2184 1131 2224 inde
1156 2191 1356 2239 peccatum
1385 2199 1438 2225 ex
1463 2198 1507 2225 ea
1534 2192 1734 2225 contuma-

189 2254 246 2295 cia
282 2259 536 2309 propagatum
562 2252 598 2292 iu
622 2266 669 2292 eo
691 2253 822 2292 sedem
849 2252 1114 2294 constituisse.
1180 2251 1247 2294 Sic
1274 2253 1374 2294 enim
1401 2253 1562 2308 primum
1594 2261 1734 2294 exorta

189 2322 328 2364 seditio
355 2329 438 2372 est,
472 2336 517 2362 ac
549 2335 620 2361 nos
652 2320 885 2362 turbulentis
908 2321 1184 2376 agitationibus
1209 2337 1254 2363 ae
1287 2322 1503 2377 peregrinis
1530 2322 1733 2376 cogitatio-

188 2393 300 2433 nibus
322 2390 510 2447 implicari
536 2390 749 2445 coepimus.
811 2389 914 2430 Nam
939 2391 1072 2431 divino
1093 2391 1159 2432 illo
1184 2391 1313 2432 afflatu
1337 2391 1558 2440 destitutos,
1593 2405 1637 2431 ac
1665 2405 1731 2446 pe-

189 2462 292 2501 nitus
321 2460 534 2500 exhaustos
567 2459 780 2499 lutulentae
807 2459 894 2500 illae
927 2459 1158 2515 cupiditates
1188 2460 1466 2516 oppleverant,
1501 2473 1595 2514 quas
1628 2460 1731 2500 calti-

189 2531 257 2571 dus
281 2530 317 2570 in
343 2543 413 2569 nos
438 2542 600 2584 serpens
620 2542 664 2567 ac
688 2535 888 2569 veterator
908 2529 1082 2580 immisit,
1117 2544 1201 2570 cum
1227 2529 1344 2569 divini
1371 2527 1513 2582 alioqui
1536 2529 1730 2583 praecepti

188 2599 293 2639 velut
318 2598 451 2638 orbem
485 2597 595 2638 brevi
619 2596 805 2652 temporis
830 2598 955 2653 spatio
986 2612 1321 2653 peragrassemus.
1386 2594 1598 2651 Propterea
1629 2612 1730 2637 mor-

188 2674 262 2708 tem
289 2668 383 2708 dens
414 2667 459 2707 ad
487 2666 792 2721 extinguendum
825 2674 1024 2720 peccatum
1055 2674 1191 2707 nostra
1228 2679 1363 2706 caussa
1399 2665 1566 2720 reperit,
1600 2680 1647 2706 ne
1679 2680 1732 2706 ex

187 2736 469 2777 immortalibus
503 2735 639 2786 nobis,
674 2735 728 2775 uti
762 2735 904 2776 dictum
937 2743 1019 2786 est,
1055 2736 1303 2777 efflorescens
1335 2734 1550 2775 immortale
1581 2749 1731 2790 perma-

1759 2123 1835 2167 Cap.
1859 2124 1935 2156 LX.

190 2812 316 2845 neret.
380 2803 481 2844 Hinc
506 2804 685 2845 nimirum
714 2804 939 2859 apostolus,
975 2808 1084 2852 Seio,
1119 2804 1265 2857 inquit,
1301 2806 1472 2855 quomam
1492 2819 1565 2843 non
1587 2805 1731 2843 habitat
1749 2816 1871 2851 nomn,
1893 2816 1932 2844 is.

190 2877 226 2912 ite
248 2889 316 2922 me,
352 2877 420 2913 lzoe
445 2882 500 2912 est
522 2877 559 2913 ln
583 2889 696 2913 carne
717 2888 817 2921 mea,
853 2875 998 2913 bonum.
1065 2872 1216 2926 Quibus
1240 2871 1370 2911 vorbis
1395 2880 1591 2927 peccatum
1616 2873 1729 2913 modo

190 2941 403 2996 significat,
440 2943 539 2997 quod
563 2956 616 2982 ex
639 2943 700 2983 illa
730 2942 849 2983 divini
876 2941 1043 2983 mandati
1078 2940 1286 2981 violatione
1319 2955 1387 2995 per
1413 2943 1659 2997 cupiditatem
1691 2942 1729 2982 in

234 3031 266 3065 3.
289 3030 492 3078 πολύτροπος
515 3035 652 3067 Photius.
1030 3030 1059 3064 4.
1085 3029 1247 3075 ἀνεύρατο
1270 3033 1405 3065 Photius.
