2066 3319
1642 175 1664 187 ,-

541 185 722 218 PANARH
746 185 828 218 Lm.
849 186 886 218 u.
911 186 1017 218 Totis.
1037 186 1060 218 ι.
1086 185 1214 217 HAER.
1239 185 1293 217 LI.
1649 175 1692 213 15

157 268 196 308 in
222 264 564 322 Capliarna'l'ticum
601 278 733 319 agrum
764 265 960 320 profectus
996 265 1134 306 ibidem
1167 264 1375 315 habitavit,
1411 277 1461 304 ex
1493 277 1567 318 quo
1599 269 1695 302 tem-

157 349 251 391 pore
286 334 361 376 alia
394 333 575 389 deinceps
605 332 788 373 miracula
825 333 947 388 coepit
986 333 1125 386 edere,
1159 341 1200 374 ut
1233 347 1318 373 cum
1353 333 1495 372 ιιι-ἰιΙιιιι
1530 330 1694 370 bominis

158 417 312 444 manum
348 402 502 443 sanitati
541 401 726 442 restituit.
787 400 887 441 Tum
923 399 1030 441 Petri
1067 416 1219 442 socrum
1258 401 1423 441 curavit.
1488 399 1561 440 llic
1593 398 1693 438 euim
1716 406 1810 432 Marc
1830 406 1853 432 3

156 469 369 512 Bethsaida
397 470 582 510 oriundus
616 483 667 509 ex
700 469 839 524 oppido
865 466 1138 524 Capliarnanm
1174 482 1337 510 uxorem
1374 469 1498 508 duxei
1501 474 1563 517 ;,ιῑ
1598 479 1694 520 quie
1711 441 1848 508 itlitilijlss
1861 473 1900 500 14-

158 540 232 580 duo
269 539 403 593 oppida
440 538 537 578 haud
573 537 706 592 procul
736 551 756 576 a
789 551 831 576 se
870 537 1035 577 invicem
1064 537 1198 577 dissita
1233 543 1337 577 sunt.
1401 534 1548 576 Socrus
1580 536 1615 588 ig
1613 535 1696 574 itur
1715 495 1901 576 {iuno-“kl'atgo'

157 605 266 648 Petri
299 620 321 647 a
352 605 523 646 febribus
547 606 711 646 liberata
744 612 903 660 repente
928 605 1177 645 ministravit.
1242 602 1308 645 Sic
1335 604 1434 643 enim
1461 603 1697 643 n·n·rati0nis

160 675 257 715 ordo
284 674 519 730 pertexitur.
582 673 654 714 His
688 673 763 713 ista
793 672 915 728 gestis
941 671 1210 723 Nazaretum,
1244 672 1306 713 ubi
1335 672 1521 711 educatus
1555 673 1695 721 fuerat,

158 743 285 783 denuo
309 742 534 782 revertitur.
571 741 674 782 Tum
696 742 846 781 demum
872 740 997 782 isaiae
1017 741 1226 796 prophetae
1249 741 1385 781 librum
1408 739 1515 793 legit,
1543 740 1695 794 quando
1715 747 1786 776 Luc.
1799 748 1825 781 4,
1843 746 1884 773 1⁷-

159 818 198 852 et
217 810 470 866 occupatione
496 810 658 864 quadam
679 810 735 849 sic
758 810 842 849 illos
864 809 1054 850 allocutus
1074 817 1155 849 est:
1196 812 1327 863 Utique
1345 811 1475 848 dicetis
1495 811 1587 847 ηιίΙιί
1602 810 1697 847 lmnc

152 881 400 933 parabolam:
439 881 597 926 Medico,
630 892 722 917 cura
754 881 923 929 teipsum.
989 880 1136 928 Quanla
1159 881 1367 917 audivimus
1387 880 1497 929 signa
1545 884 1629 915 acta
1660 879 1697 916 in

161 949 434 1000 Capharnmcm,
458 948 531 1000 sac
554 949 614 985 hie
639 949 676 985 in
698 949 828 998 patria
860 954 937 985 ίιια.
1003 944 1036 987 V
1042 946 1144 986 iden'
1171 960 1283 1001 quam
1316 946 1365 987 sit
1396 945 1573 986 veritatis
1606 959 1699 985 con-

158 1023 263 1057 serta
290 1015 588 1069 continuataque
612 1015 764 1055 series?
825 1012 1008 1055 Ceterum
1033 1014 1177 1055 nullum
1200 1014 1251 1055 ibi
1275 1021 1432 1070 propter
1462 1014 1613 1054 illorum
1641 1014 1699 1053 in-

159 1084 423 1125 credulitatem
450 1083 603 1136 signum
630 1083 761 1123 edidit.
825 1081 920 1123 Inde
946 1080 1218 1138 Capharnaum
1252 1084 1448 1138 profectus
1480 1083 1516 1122 in
1551 1096 1597 1123 eo
1630 1097 1698 1137 op-

159 1152 247 1208 pido
272 1151 433 1192 resedit.
494 1149 592 1191 Post
619 1151 664 1191 ad
690 1150 882 1191 maritima
910 1151 992 1191 loca
1017 1151 1262 1206 digrediens,
1297 1159 1456 1192 auctore
1479 1149 1695 1201 Mattliaeo,

158 1224 255 1260 vidit
275 1223 459 1260 Simonem
485 1223 634 1259 Petrum
666 1227 705 1258 et
720 1223 914 1259 Andreanz
934 1221 1103 1273 fratrem
1135 1224 1215 1260 eius
1248 1223 1432 1260 nn'llenles
1463 1223 1559 1259 retia
1573 1237 1584 1259 .·
1619 1226 1696 1259 tum

159 1287 341 1330 Iacobum
365 1295 404 1329 et
430 1286 615 1328 loannem
646 1288 743 1328 lilios
769 1287 989 1338 Zebedaei,
1023 1303 1067 1329 ac
1096 1290 1269 1344 perfecte
1303 1289 1454 1329 demum
1485 1288 1573 1328 illos
1607 1302 1652 1327 ev
1659 1302 1699 1328 o-

159 1357 286 1398 cavit:
328 1359 403 1408 Que'
427 1358 568 1396 retibus
592 1358 746 1396 abiectis
767 1361 890 1396 secuti
907 1365 997 1396 sunt
1017 1361 1150 1410 ipsum.
1215 1355 1288 1411 Qu
1282 1372 1340 1397 un
1372 1371 1453 1397 rem
1485 1357 1698 1396 accuratis·
1713 1360 1902 1425 {efflam-

159 1426 256 1466 sime
277 1423 408 1466 Lucas
435 1426 655 1479 expressit,
689 1439 757 1465 cur
779 1425 831 1466 ita
862 1425 986 1467 secuti
1014 1426 1113 1477 sint,
1148 1440 1341 1480 nunquam
1366 1433 1406 1466 ut
1431 1425 1591 1480 amplius
1623 1425 1699 1464 dis-
1821 1417 1829 1432 '

159 1494 368 1545 cesserint,
401 1507 473 1534 nec
494 1494 620 1534 vocati
645 1493 880 1535 distulerint.
939 1493 996 1535 lta
1022 1494 1159 1549 quippe
1186 1494 1364 1549 scripsit:
1400 1497 1488 1533 Cum
1510 1496 1560 1533 ad
1580 1496 1700 1532 lacum

161 1565 387 1603 Genesaram
418 1565 598 1610 venisset,
643 1565 735 1601 vidit
764 1566 949 1602 Simonem
981 1571 1020 1602 et
1046 1566 1239 1602 Andr-eam
1271 1564 1481 1614 reficientes
1511 1566 1606 1602 retia
1620 1593 1630 1610 ,
1665 1569 1703 1601 et

158 1634 328 1670 ascendit
344 1634 381 1670 in
402 1634 537 1678 navim,
572 1645 666 1683 quae
685 1639 769 1670 erat
790 1634 953 1671 Sz'mom's
971 1634 1079 1671 Pelre’
1095 1639 1131 1670 et
1153 1634 1344 1670 Andreae.
1410 1629 1522 1684 Quod
1548 1630 1701 1685 quidem

159 1699 332 1740 declarat
351 1699 426 1739 iam
447 1699 549 1739 inter
571 1699 678 1754 ipsos
700 1699 865 1753 aliquam
893 1700 1165 1740 intercessisse
1192 1700 1381 1740 notitiam.
1445 1699 1559 1740 Hnnc
1582 1699 1702 1754 igitur

159 1774 317 1823 propter
344 1766 641 1808 familiaritatem
665 1767 873 1822 accipiunt,
903 1775 942 1809 et
962 1768 995 1809 is
1014 1782 1231 1809 conscenso
1258 1768 1413 1822 navigio
1437 1769 1552 1808 sedit.
1597 1767 1699 1808 Tum

159 1843 202 1877 ut
224 1837 365 1877 docere
388 1836 566 1891 populum
592 1836 727 1886 desiit,
759 1834 920 1877 Petrum
944 1837 996 1877 ita
1019 1837 1246 1892 compellat:
1280 1839 1404 1876 Reduc
1427 1840 1464 1876 z‘n
1489 1839 1628 1884 altena,
1664 1844 1703 1876 et

160 1907 287 1944 laxate
315 1908 423 1944 retia.
484 1909 542 1945 At
574 1907 636 1944 z'lle'
664 1907 865 1944 dixerunt:
907 1908 1144 1958 Praeceptor.
1209 1903 1288 1945 lam
1325 1904 1424 1945 enim
1461 1905 1507 1945 ob
1542 1903 1699 1945 loannis

161 1972 421 2014 testimonium
457 1980 748 2028 praeceptorem
780 1973 884 2013 illum
918 1974 1132 2024 vocabant,
1167 1988 1252 2014 cum
1281 1973 1327 2014 ab
1359 1988 1404 2014 eo
1439 1974 1600 2029 primum
1633 1987 1700 2013 au-

160 2041 346 2092 diissent,
378 2044 477 2081 Eece
510 2056 633 2093 agnus
660 2044 740 2089 dei,
775 2045 843 2094 qm·
872 2044 971 2081 tollit
995 2051 1189 2095 peceatum
1221 2046 1370 2091 mnndi,
1406 2050 1444 2083 et
1474 2043 1605 2083 eadem
1639 2041 1904 2090 dieloann.1‚2⁹.

161 2123 246 2150 cum
274 2123 320 2150 eo
345 2110 571 2150 commorati
595 2110 780 2165 postridie
803 2110 1079 2151 recessissent.
1139 2109 1236 2151 Post
1262 2111 1357 2152 haec
1383 2111 1420 2152 in
1455 2111 1603 2166 piscatu
1633 2124 1701 2150 ve-

159 2177 362 2218 hementer
384 2177 490 2218 illum
517 2179 818 2229 admirantibus,
852 2193 896 2219 ac
927 2179 1078 2220 dicente
1103 2178 1247 2231 Petro,
1280 2182 1438 2219 Discede
1457 2194 1479 2218 α
1501 2195 1575 2226 nze,
1611 2181 1699 2231 quia
1718 2190 1791 2219 Luc.
1804 2191 1830 2227 5,
1846 2191 1870 2218 8.

159 2249 265 2286 homo
293 2255 472 2299 pecealor
501 2262 581 2286 snm
613 2246 811 2302 (fortassis
844 2247 944 2287 enim
980 2248 1204 2303 poenitebat
1237 2249 1385 2303 ipsum,
1423 2249 1520 2302 quod
1555 2247 1600 2286 ab
1636 2247 1700 2287 illo

160 2321 322 2356 vocatus
343 2315 452 2356 initio
474 2316 519 2356 ad
541 2316 773 2371 piscaturam
800 2317 925 2357 denuo
946 2317 1160 2369 rediisset),
1195 2317 1247 2358 ita
1269 2317 1445 2357 dominus
1470 2315 1697 2370 alloquitur:

159 2386 255 2424 Nole'
284 2387 434 2432 timere,·
478 2391 517 2424 ut
548 2384 651 2424 illum
679 2384 724 2425 ab
761 2398 808 2424 eo
842 2393 945 2426 metu
981 2385 1252 2436 confirmaret,
1289 2400 1359 2425 nec
1391 2399 1432 2424 se
1460 2384 1698 2439 repudiatum

161 2451 316 2493 omnino
339 2459 493 2508 putaret
517 2467 629 2503 esse,
671 2453 739 2492 sed
767 2453 953 2508 pristinae
979 2454 1174 2495 vocationi
1207 2453 1414 2494 inhaerere
1443 2466 1557 2507 posse
1583 2452 1701 2493 conli-

161 2522 285 2561 deret.
349 2518 505 2574 Quare,
546 2524 610 2561 Ex
642 2524 733 2569 hoe,
778 2521 922 2576 inquit,
966 2526 1041 2562 eris
1074 2526 1145 2562 iam
1178 2525 1341 2562 homines
1376 2524 1538 2573 voluens.
1611 2519 1700 2574 Quo

160 2597 334 2645 tempore
361 2590 501 2640 sociis,
536 2590 597 2644 qui
627 2591 665 2630 in
699 2590 821 2630 altera
854 2591 941 2630 navi
974 2598 1106 2643 erant,
1142 2592 1374 2640 innuerunt,
1409 2597 1449 2629 ut
1477 2589 1522 2630 ad
1557 2604 1701 2630 conve·

160 2658 324 2700 bendum
359 2658 548 2714 piscatum
579 2658 652 2699 sibi
681 2659 869 2699 auxilium
897 2660 1058 2700 ferrent.
1121 2659 1245 2700 Erant
1271 2658 1371 2699 enim
1400 2656 1550 2699 Simoni
1585 2658 1698 2709 socii,

204 2781 234 2817 4.
261 2784 451 2816 Carnarius.-
485 2783 558 2827 ipso
591 2783 632 2816 de
658 2791 769 2816 cetero
803 2795 902 2828 prae-
995 2786 1025 2819 7.
1052 2782 1166 2822 αὐτοῖς
1194 2786 1381 2816 coniectabat
1408 2786 1562 2816 Pelovins.

161 2835 349 2882 occupante
368 2829 456 2871 ipsos
483 2841 521 2861 ac
547 2829 688 2862 dicente.
996 2831 1027 2863 ὅ.
1054 2828 1168 2867 οἱλείας
1201 2831 1268 2861 cod.
1295 2831 1420 2870 Rhediy.
1470 2832 1556 2861 Initio
1591 2832 1701 2871 capitis

204 2876 237 2907 ὃ.
263 2870 304 2908 δι’
332 2869 349 2908 ὃ
372 2877 492 2907 volebat
516 2878 672 2908 Pelauius.
952 2879 1080 2918 legimus
1106 2874 1136 2907 ἐν
1162 2875 1203 2917 τῇ
1231 2872 1307 2919 ἁλίᾳ
1334 2873 1523 2918 ἐσχόλαζον.

205 2919 236 2952 6.
261 2922 502 2960 Transponenda
519 2923 744 2974 suspicor-haec
761 2931 823 2954 esse
841 2924 904 2954 ila:
996 2923 1027 2954 ἒ).
1054 2924 1096 2953 lta
1122 2922 1251 2951 cornuti.
1300 2923 1378 2951 Nam
1403 2923 1472 2952 libri
1495 2922 1604 2953 haben!
1640 2919 1698 2954 σὺν

160 2961 394 3018 ηκολούὲῐησαο
409 2964 818 3019 μηκέτιοὶναβαλλόμενοι,
840 2969 904 3002 λοι·
951 2971 1020 3004 τοῖς
1041 2962 1204 3008 μετόχοις.
1254 2968 1345 3006 Apud
1369 2968 1487 2998 Lucam
1506 2967 1545 2999 ξι,
1568 2967 1598 2999 7.
1622 2969 1697 3008 legi-

162 3007 222 3044 πόι
247 3006 310 3053 οἶμε
299 3007 489 3052 roi-:peram
511 3013 576 3056 τῆς
600 3011 765 3055 κλησεως
953 3017 1002 3045 tur
1026 3010 1095 3045 Καὶ
1122 3009 1322 3045 κατένευσαν
1347 3015 1416 3051 τοῖς
1441 3010 1604 3056 μετόχοις.
