2066 3319
537 185 715 217 PANARH
742 185 884 216 LlB.1l.
911 185 1017 217 ToM.
1037 186 1061 216 Ι.
1088 185 1220 216 HAER.
1240 185 1310 217 LV.
1621 177 1693 214 141

159 266 276 308 filium
301 266 399 306 hunc
423 264 653 305 existimant
676 263 902 304 Abrabamo
928 272 1004 304 tum
1033 265 1197 306 lnnnana
1226 264 1357 319 specie
1382 278 1471 305 sese
1493 263 1699 303 videndum

159 334 362 374 obtulisse.
428 332 573 374 Verum
596 333 649 373 illi
676 333 828 387 penitus
851 333 1056 373 aberrasse
1080 334 1276 373 videntur.
1340 331 1480 387 'Neque
1503 332 1603 373 enim
1628 332 1699 371 sibi

158 402 230 457 ipsi
251 401 387 442 similis
415 402 598 456 appellari
625 401 812 456 quispiam
842 408 982 456 potest,
1017 417 1102 442 rum
1125 403 1170 441 de
1193 400 1482 441 Melcliisedeco
1508 401 1699 455 scriptura

158 470 259 511 hunc
288 471 326 510 in
351 471 502 510 modum
531 470 732 524 loquatur:
777 474 852 520 Qui
869 473 1098 509 assimilatas
1119 472 1210 522 fillo
1232 473 1294 507 dee·
1315 478 1436 508 manet
1457 473 1632 509 sacerdos
1663 473 1700 509 in

156 547 360 578 aeternum.
428 536 612 579 Ceterum
657 553 791 578 verum
830 539 919 579 illnd
956 546 1037 590 cst,
1083 552 1194 587 eum,
1242 538 1351 577 cuius
1384 552 1432 578 ex
1467 539 1558 592 ipsis
1590 539 1700 591 origo

157 606 314 647 minime
337 608 559 656 duceretur,
595 607 777 647 decumas
803 607 847 646 ab
873 607 1100 647 Abraliamo
1125 605 1298 660 cepisse,
1333 607 1511 658 quoniam
1537 622 1588 646 ex
1615 608 1701 647 aliis

158 675 376 716 hominibus
401 690 513 729 quam
544 674 732 716 Israelitis
755 690 879 729 genus
903 676 1004 715 illins
1032 675 1266 729 pertexitnr.
1329 673 1436 714 llaec
1463 676 1588 714 omnia
1616 690 1701 729 pro-

156 751 241 799 pter
266 744 445 785 haeresin
470 745 581 784 istam
608 760 629 784 a
655 744 765 784 nobis
792 751 1092 784 commemorata
1122 750 1227 793 sunt,
1263 756 1307 782 ac
1331 743 1436 782 velut
1459 743 1701 797 digressione

157 812 317 866 quadam
350 813 527 853 instituta
557 813 747 853 narratio.

270 879 349 921 Iam
383 896 478 922 vero
513 882 549 921 in
591 881 762 921 eiusdem
797 879 1099 920 Melebisedecis
1137 880 1292 919 nomine
1330 880 1445 919 etiam
1480 879 1697 921 oblationes

156 963 248 990 suas
270 950 402 990 eadem
430 957 538 990 secta
560 949 748 1000 celebrat,
783 963 894 1003 quem
919 949 1015 1003 apud
1042 949 1154 989 deum
1178 947 1455 988 internuntium
1481 962 1569 988 esse
1591 963 1700 1003 prae-

157 1019 274 1059 dicat.
338 1017 600 1072 Quamobrem
639 1017 773 1069 huius,
811 1018 940 1069 aiunt,
984 1017 1211 1057 interventu
1247 1017 1388 1057 offerre
1421 1017 1492 1056 deo
1525 1031 1594 1071 par
1625 1025 1699 1066 est,

156 1101 203 1128 eo
231 1088 331 1142 quod
359 1086 528 1128 iustitiae
555 1087 605 1127 sit
630 1087 834 1141 princepS,
869 1093 907 1125 et
931 1086 976 1126 ad
998 1086 1032 1126 id
1063 1086 1187 1140 ipsum
1213 1100 1232 1124 a
1259 1087 1331 1126 deo
1358 1086 1394 1125 in
1425 1085 1534 1125 coelo
1558 1087 1701 1125 consti-

158 1163 282 1206 tutus,
317 1162 450 1210 utpote
474 1155 660 1210 spiritalis
694 1169 738 1196 ac
764 1155 822 1195 dei
850 1155 964 1195 filius.
1032 1153 1165 1208 ltaque
1192 1154 1353 1207 primum
1380 1154 1413 1194 ei
1438 1154 1622 1194 debemus
1645 1157 1702 1194 ol'-

157 1225 284 1275 serre,
317 1232 358 1265 ut
381 1238 451 1279 per
477 1225 640 1264 eundem
668 1238 737 1279 pro
766 1223 877 1264 nobis
901 1231 1268 1279 repraesententur,
1304 1237 1347 1264 ac
1372 1224 1491 1264 vitam
1516 1237 1584 1278 per
1614 1237 1699 1263 eum

156 1307 456 1347 consequamur.
520 1292 675 1333 Etenim
704 1290 913 1344 Christus,
947 1293 1077 1342 aiunt,
1113 1292 1159 1332 ob
1193 1292 1228 1331 id
1262 1292 1408 1332 electus
1437 1299 1518 1343 est,
1561 1300 1599 1332 ut
1632 1306 1702 1333 nos

155 1362 201 1402 ad
231 1376 345 1402 unam
372 1362 470 1402 banc
496 1362 698 1402 seientiam
723 1376 766 1402 ac
793 1361 991 1416 multiplici
1018 1361 1168 1401 viarum
1201 1360 1368 1401 divortio
1400 1368 1628 1411 revocaret,
1665 1368 1703 1400 et

154 1430 300 1470 ideirco
322 1445 342 1470 a
365 1431 436 1471 deo
469 1438 607 1471 unctus
632 1438 670 1471 et
691 1431 860 1471 selectus
884 1437 966 1479 est,
1001 1430 1181 1484 quoniam
1208 1444 1277 1469 nos
1304 1444 1324 1469 a
1346 1430 1450 1470 cultu
1475 1430 1703 1470 simulacro-

156 1514 240 1540 rum
269 1500 412 1540 avertit
442 1505 480 1539 et
508 1498 585 1539 iter
610 1499 794 1539 ostendit.
857 1497 970 1540 [nde
993 1506 1031 1538 et
1056 1498 1255 1553 apostolus
1279 1512 1300 1538 a
1325 1499 1397 1538 deo
1428 1499 1568 1538 missus
1600 1498 1701 1538 istud

155 1568 279 1623 ipsum
314 1567 425 1608 nobis
455 1568 628 1622 aperuit:
663 1571 845 1619 Magnum
871 1582 950 1606 esse
973 1569 1305 1614 xllelelzzls‘edecnln,
1340 1575 1378 1606 et
1405 1569 1633 1606 sacerdotem
1664 1570 1700 1605 in

157 1645 347 1676 aeternum
370 1651 531 1676 manere.
594 1639 815 1683 Intuemini,
851 1635 994 1689 iuquit,
1030 1643 1207 1688 quantum
1233 1643 1290 1674 est
1311 1638 1386 1674 ille.
1453 1634 1573 1686 Tum,
1608 1650 1702 1689 qno-

158 1705 259 1746 niam
284 1706 382 1760 quod
409 1706 534 1745 minus
556 1711 616 1745 est
637 1719 656 1745 a
681 1705 828 1745 maiore
853 1704 1109 1744 benedicitur.
1174 1700 1235 1744 Ob
1260 1704 1312 1754 id,
1346 1703 1539 1757 inquiunt,
1574 1704 1702 1743 Abra-

155 1774 269 1815 hamo
305 1773 548 1829 patriarchae
579 1773 803 1823 benedixit,
846 1779 976 1827 utpote
1010 1786 1056 1812 eo
1090 1772 1228 1812 maior.
1291 1769 1416 1813 Cuius
1448 1786 1518 1812 nos
1552 1780 1702 1828 mystae

155 1856 314 1894 sumus,
350 1850 392 1883 ut
421 1843 468 1882 ab
499 1842 565 1882 illo
596 1842 906 1882 benedictionem
939 1841 1207 1896 impetremus.

273 1910 351 1953 Sed
379 1925 489 1966 quam
518 1910 643 1951 inanis
672 1919 732 1951 est
766 1911 979 1951 haereseon
1007 1909 1175 1950 omnium
1202 1910 1365 1949 sensus!
1427 1908 1533 1950 Nam
1568 1916 1605 1949 et
1636 1909 1698 1949 isti

156 1980 351 2022 domiuum
377 1995 488 2020 suum
518 1980 782 2034 abnegarunt,
818 1979 879 2033 qui
907 1979 993 2019 illos
1018 1993 1089 2019 suo
1115 1978 1306 2032 sanguine
1339 1978 1525 2028 redemit,
1560 1979 1700 2033 quique

155 2064 234 2091 non
255 2063 277 2090 a
299 2047 455 2100 Maria,
489 2056 531 2089 ut
553 2048 606 2088 illi
629 2055 777 2102 putant,
812 2047 959 2088 initium
989 2047 1122 2097 traxit,
1158 2047 1224 2087 sed
1249 2047 1347 2101 apud
1372 2054 1519 2101 patrem
1547 2061 1702 2102 semper

157 2118 311 2169 extitit,
345 2118 440 2158 deus
461 2117 647 2168 verbum,
682 2131 703 2156 a
730 2123 838 2171 patre
866 2116 950 2156 sine
978 2116 1054 2156 ullo
1083 2116 1193 2156 initio
1219 2122 1286 2156 aut
1309 2122 1483 2169 tempore
1508 2117 1697 2169 genitum,

157 2194 197 2227 ut
222 2187 406 2227 universa
432 2186 625 2240 scriptura
656 2186 843 2226 declarat.
906 2183 973 2226 Sic
998 2184 1099 2225 enim
1133 2183 1324 2239 loquitur:
1356 2187 1553 2223 Faciamus
1583 2186 1700 2223 leomi-

156 2270 237 2295 nem
258 2258 309 2294 ad
335 2258 554 2307 imaginem,
591 2263 628 2293 et
653 2257 930 2293 similitudinem
962 2261 1141 2293 nostram.
1204 2251 1297 2293 Nou
1320 2251 1613 2293 Melcllisedeco
1645 2252 1700 2292 di—

156 2326 238 2376 xit3
273 2325 335 2379 qui
359 2323 514 2364 tametsi
537 2323 599 2363 dei
627 2323 804 2363 altissimi
830 2322 1012 2363 sacerdos
1039 2329 1168 2362 aetate
1201 2336 1271 2362 sua
1307 2321 1443 2370 t'nerit,
1478 2334 1549 2361 nec
1585 2321 1699 2362 ullum

156 2400 243 2448 post
265 2407 307 2434 se
333 2406 604 2433 successorem
628 2391 826 2441 babuerit,
861 2391 1017 2431 minime
1041 2399 1168 2431 tamen
1193 2404 1212 2430 e
1240 2389 1431 2445 supremis
1457 2397 1539 2440 est,
1575 2404 1699 2444 neque

158 2476 178 2502 e
206 2462 316 2502 coelo
345 2461 560 2502 descendit.
622 2459 793 2500 Proinde
818 2461 1010 2515 scriptura
1037 2474 1112 2499 non
1149 2459 1268 2508 dixit,
1302 2461 1461 2496 Ileme'sz't
1481 2459 1699 2497 Abi-alzamo

151 2545 287 2583 panem
312 2538 348 2570 et
370 2534 514 2578 vinnm,
550 2529 616 2570 sed
641 2531 826 2577 Protulit,
861 2535 936 2569 tam
966 2529 1035 2583 ipsi
1061 2542 1174 2583 quam
1200 2528 1246 2567 iis
1279 2526 1341 2581 qui
1374 2540 1458 2566 eum
1491 2539 1537 2566 eo
1570 2534 1696 2576 erant,

159 2606 200 2639 ut
230 2613 250 2639 a
285 2612 417 2653 regum
458 2598 727 2654 profligatione
765 2597 985 2638 venientem
1025 2596 1279 2652 patriarcham
1318 2594 1533 2649 exciperet.
1597 2593 1699 2635 Huic

157 2667 276 2721 igitur
298 2682 366 2722 pro
390 2681 435 2708 ea
457 2681 531 2721 qua
550 2666 747 2721 praeditus
767 2673 851 2706 erat
870 2666 1017 2707 iustitia
1041 2679 1086 2707 ae
1108 2665 1179 2705 lide
1203 2671 1240 2704 et
1265 2662 1455 2717 religione
1477 2663 1695 2704 benedixit.

160 2734 356 2790 Quoniam
388 2737 426 2776 iu
461 2736 636 2776 omnibus
666 2734 848 2789 probatus
881 2735 985 2775 nulla
1011 2734 1123 2774 officii
1152 2733 1210 2772 sni
1237 2739 1345 2786 parte
1377 2731 1424 2771 ab
1456 2731 1600 2773 iustitia
1633 2746 1698 2787 pa-

161 2804 328 2845 triarcha
353 2804 564 2845 deciderat.
618 2801 841 2857 Quinetiam
866 2803 976 2844 deum
1001 2802 1038 2842 in
1063 2802 1127 2842 illa
1153 2799 1402 2855 expeditione
1427 2800 1697 2854 opitulatorem

208 2975 387 3009 cmviii.
412 2994 456 3000 —
495 2977 521 3008 1.
546 2978 603 3010 δεῖ
622 2979 816 3008 restituerunt
834 2977 908 3008 Cor·
953 2971 1059 3015 ἡμᾶς·

164 3023 274 3053 narius
310 3026 336 3054 et
368 3023 526 3054 Petavius.
582 3023 668 3054 Libri
710 3023 820 3054 habent
866 3015 907 3054 δι’
999 3022 1030 3050 ’2.
1055 3019 1140 3050 Libri
1164 3018 1275 3050 habent
1298 3016 1411 3060 φησὶν.

1721 477 1813 506 Hebr.
1827 479 1853 511 2⁴,
1871 482 1894 506 3.

1726 892 1803 935 Cap.
1818 894 1904 926 Vlll.

1723 1578 1813 1608 Hebr.
1826 1580 1850 1610 Ἰ,
1865 1583 1888 1608 -1.

1726 1912 1806 1957 Cap.
1832 1916 1887 1946 tx.

1726 2197 1802 2226 Gen.
1821 2200 1845 2233 1,
1861 2199 1903 2228 26.

1719 2473 1796 2501 Gen.
1808 2476 1849 2509 1⁴,
1866 2476 1901 2502 te.
