2066 3319
506 208 688 240 PANARH
713 207 796 240 LtB.
818 209 857 240 Π.
885 209 991 241 Toxi.
1016 210 1052 241 u.
1079 209 1350 242 HAER.LXV1.
1628 204 1706 242 523

155 288 218 328 ille
245 287 429 343 splendor
452 286 643 327 illuxerit.
690 286 821 341 Atque
847 288 941 328 haec
967 289 1046 344 ipsa
1069 290 1254 344 pecuniae
1278 291 1465 346 cupiditas
1492 305 1567 331 non
1594 291 1707 331 modo

158 354 289 396 ludam
314 355 568 406 excaecavit,
603 356 670 396 sed
699 363 737 395 et
760 357 938 396 Ananiae
970 371 1102 397 nerem
1134 359 1283 409 attulit,
1319 366 1353 398 ct
1378 360 1585 414 plerosque
1611 359 1708 400 alios

154 424 340 464 extinxit.
404 423 479 464 Hic
503 431 561 464 est
586 424 738 478 inquam
775 424 887 464 huius
915 426 1034 465 set-nli
1064 427 1179 477 deus,
1217 441 1327 481 quem
1357 442 1424 482 pro
1447 428 1518 467 deo
1543 428 1613 468 sibi
1643 428 1709 468 ad-

153 499 332 547 optantes
357 492 557 542 homines,
592 507 676 531 rum
702 491 736 531 el
760 492 987 533 honorando
1015 494 1279 545 studuissent,
1315 496 1510 535 dominum
1535 503 1708 536 contem-

154 568 338 615 pserunt3
383 560 482 614 quod
510 560 567 599 his
603 561 685 615 ipse
719 561 849 600 vrrhis
886 561 1051 601 indit-at:
1101 565 1217 601 l'num
1247 566 1512 615 (amelec-lenm,
1548 567 1706 603 alteram

155 636 384 667 conlemnel:
431 644 503 667 nou
532 633 691 680 polesle's
727 632 793 667 den
826 633 968 668 servit-1·
998 639 1034 667 e!
1069 633 1316 669 Manmmmae.
1385 630 1558 671 Videsne
1593 647 1705 686 quain

151 696 297 737 diserte
323 697 604 752 perspicueque
629 711 692 737 res
717 704 794 737 tota
820 698 1066 737 declaretur?
1109 696 1209 738 Nam
1238 700 1364 739 nullus
1389 700 1487 739 alter
1514 701 1607 740 deus
1629 708 1703 751 est,

151 778 223 805 uec
249 765 285 804 in
310 765 443 815 coelo,
491 779 562 804 nec
599 765 633 804 in
668 772 795 815 terra,
846 779 916 804 nec
945 766 1030 805 ullis
1060 766 1144 805 aliis
1174 767 1208 805 in
1235 767 1355 817 locis,
1402 776 1557 821 practer
1590 783 1704 809 {tinum

150 839 324 887 patrem,
370 847 420 872 ex
458 848 532 887 quo
570 833 721 883 omnia,
768 840 806 873 et
840 847 954 872 unum
992 834 1186 874 dominum
1229 833 1354 875 lesum
1383 834 1605 886 Christum,
1641 851 1709 892 per

151 914 263 954 quem
293 901 446 952 onmia,
490 909 528 941 et
563 915 677 941 unum
714 901 889 956 spiritum
917 909 1117 953 sanctum,
1153 903 1187 942 in
1216 917 1290 957 quo
1322 904 1473 954 omnia3
1520 918 1617 958 quae
1650 912 1709 945 est

149 969 387 1024 sempiterna
422 969 598 1018 trinitas,
651 976 686 1009 et
724 983 796 1008 nna
830 969 1035 1019 divinitas,
1081 970 1140 1010 rui
1181 985 1251 1011 nec
1287 973 1476 1012 accedere.
1513 973 1706 1027 quidpiam

150 1045 299 1093 potest,
336 1051 407 1078 nec
440 1037 646 1077 decedere.

264 1104 342 1147 Sed
368 1106 441 1146 iam
473 1105 519 1146 ad
545 1105 619 1146 alia
647 1113 916 1155 transeamus,
961 1113 1076 1160 atque
1101 1107 1213 1147 huius
1241 1107 1386 1148 hestiae
1414 1115 1450 1147 et
1482 1108 1625 1148 inimici
1651 1115 1706 1148 at·
1753 1105 1866 1180 LQQ'

149 1188 221 1229 que
246 1174 484 1215 insecutoris
511 1174 672 1228 laqueos
702 1174 996 1228 discerpamus,
1032 1190 1053 1214 o
1081 1175 1299 1226 carissimi,
1335 1177 1432 1216 adeo
1465 1184 1501 1216 nt
1537 1191 1633 1230 quae
1661 1177 1706 1216 ab
1783 1174 1792 1180 ⁴
1820 1171 1829 1180 ⁴
1872 1175 1878 1182 '

149 1243 214 1283 illo
237 1243 417 1283 affectata
442 1242 650 1282 verborum
677 1243 851 1282 novitate
879 1243 1072 1298 disputata
1100 1251 1189 1284 sunt.
1212 1245 1256 1284 ad
1281 1245 1457 1285 veritatis
1484 1258 1706 1285 sermonem

150 1312 457 1362 transferamus,
505 1311 540 1350 in
575 1324 708 1350 eorum
735 1311 900 1364 gratiam
927 1311 988 1365 qui
1019 1312 1194 1353 veritatis
1229 1314 1528 1367 cognoscendae
1556 1313 1708 1354 deside-

149 1379 207 1419 rio
245 1386 451 1430 tenentur,
496 1386 610 1432 atque
640 1379 686 1418 ah
724 1379 838 1433 impia
875 1379 1091 1420 haereseon
1122 1383 1292 1421 omnium
1325 1382 1501 1422 doctrina
1537 1383 1706 1422 animum

148 1455 346 1488 avertere.
411 1446 547 1501 Pergit
572 1447 690 1501 igitur
722 1448 844 1501 legem
879 1463 922 1487 ac
951 1448 1156 1503 prophetas
1191 1450 1461 1504 perstringens
1489 1450 1602 1489 homo
1633 1458 1708 1490 tam

149 1516 326 1556 veritatis
354 1529 464 1570 quam
490 1515 650 1570 spiritus
675 1515 824 1561 sancti,
870 1516 931 1570 qui
960 1516 995 1556 in
1022 1517 1108 1571 lege.
1139 1531 1183 1557 ac
1214 1517 1410 1572 prophetis
1444 1519 1596 1558 loeutus
1631 1527 1704 1569 cst,

149 1584 352 1635 inimicus,
388 1592 502 1638 atque
525 1584 715 1624 adversus
741 1584 910 1624 omnium
945 1584 1185 1625 conditorem
1214 1587 1352 1637 deum,
1387 1587 1448 1641 qui
1480 1587 1516 1626 in
1552 1587 1637 1641 lege
1664 1601 1707 1626 ac

150 1652 347 1707 prophetis
369 1653 520 1692 locutus
542 1660 623 1703 est,
660 1652 902 1706 eundemque
931 1653 1073 1692 domini
1105 1654 1226 1693 nostri
1256 1652 1344 1694 lesu
1368 1652 1515 1695 Christi
1539 1662 1701 1710 patrem,

149 1737 198 1760 az·
230 1736 302 1774 qm)
333 1724 451 1760 omnis*
481 1724 695 1772 paternitas
720 1724 757 1759 e'n
784 1724 885 1760 coelo
909 1731 945 1760 et
968 1726 1005 1760 ιἸι
1032 1730 1133 1761 terra
1158 1726 1394 1771 navabatur,
1432 1723 1563 1764 laxata
1588 1724 1703 1764 effre-
1725 1733 1894 1770 Eph.3,15.

150 1797 263 1830 natae
298 1789 453 1843 linguae
489 1789 698 1844 petulantia
735 1789 860 1829 omnis
894 1790 997 1830 illum
1026 1790 1246 1843 rupiditatis
1278 1798 1504 1841 auctorem,
1547 1806 1591 1832 ac
1617 1805 1704 1832 cae-

150 1858 252 1898 dium
280 1857 595 1912 reliquorumque
628 1858 842 1897 facinorum
877 1858 1059 1898 extitisse.
1091 1859 1223 1910 docet,
1259 1859 1397 1914 quippe
1423 1859 1484 1913 qui
1514 1867 1551 1899 et
1574 1867 1707 1900 vestes

149 1926 358 1981 Aegyptiis
390 1926 542 1980 eripere
573 1925 753 1976 iusserit,
798 1933 836 1965 et
872 1940 956 1965 cum
994 1926 1184 1967 sacrificia
1220 1928 1376 1967 sibimet
1410 1928 1578 1978 offerre,
1625 1935 1868 1970 tnmExod.11,
1888 1942 1913 1968 2.

148 2008 402 2049 quaecunque
425 1994 498 2034 alia
525 1994 622 2048 legis
654 1994 895 2049 praescripto
919 1995 1171 2046 mandantur,
1206 1996 1295 2050 quin
1322 2004 1359 2036 et
1385 1996 1615 2036 homicidam
1649 1997 1706 2037 in-

147 2063 352 2112 terlicere,
401 2076 526 2117 nequo
555 2062 673 2117 priori
710 2063 829 2102 caede
861 2070 1068 2104 contentos
1102 2064 1288 2115 alteram,
1324 2065 1433 2119 quasi
1461 2065 1504 2105 ad
1533 2066 1703 2120 priorem

147 2131 442 2181 vindicandam,
491 2138 733 2185 perpetrare.
799 2130 901 2170 Tum
942 2146 1036 2171 vero
1072 2133 1302 2187 cupiditates
1335 2134 1530 2174 hominum
1563 2133 1702 2173 animis

146 2200 291 2250 iniicit,
334 2213 378 2239 ac
412 2200 456 2239 de
486 2199 713 2239 mulieribus
744 2201 962 2254 ceterisque
997 2201 1080 2240 cius
1113 2201 1271 2255 generis
1302 2202 1485 2257 disputat.
1553 2200 1702 2242 Callide

147 2282 266 2319 vero,
300 2268 447 2322 inquit,
483 2267 527 2307 dc
558 2264 718 2308 Christo
753 2281 870 2322 pauca
898 2269 1118 2323 praedixit,
1163 2270 1215 2310 uti
1248 2271 1380 2325 paucis
1417 2271 1490 2311 illis
1526 2270 1704 2324 quaesito

145 2336 217 2376 sibi
249 2336 382 2376 colore
409 2336 520 2375 fidem
546 2336 706 2376 faceret.
772 2335 858 2376 Hae
884 2345 974 2377 sunt
1007 2338 1204 2378 temerarii
1237 2339 1402 2378 hominis
1427 2353 1572 2387 voces,
1608 2353 1702 2392 quas

145 2404 184 2444 in
211 2404 407 2444 dominum
435 2418 546 2443 suum
576 2404 796 2458 procaciter
824 2405 972 2445 effudit.
1038 2404 1148 2459 Quas
1179 2408 1210 2446 si
1240 2407 1324 2460 quis
1353 2406 1577 2460 diligentius
1610 2422 1702 2447 con-

145 2472 350 2522 siderarit,
387 2472 479 2512 nihil
504 2472 540 2512 in
569 2472 627 2512 his
654 2472 753 2512 aliud
781 2481 1051 2528 praeterquam
1079 2475 1291 2529 phrenetici
1320 2474 1486 2515 hominis
1512 2476 1612 2515 sacta
1637 2491 1703 2530 ap-

146 2555 286 2596 parere
308 2548 537 2595 cognoscet.
604 2539 651 2582 Ut
684 2540 784 2580 enim
820 2541 1035 2596 phrenitide
1062 2543 1269 2593 laborans,
1304 2544 1334 2582 si
1364 2543 1532 2596 gladium
1566 2552 1703 2585 nactus

148 2610 286 2660 fuerit,
322 2617 459 2649 contra
493 2609 663 2663 seipsum
691 2616 886 2659 armatur,
931 2625 975 2650 ac
1010 2625 1102 2665 prae
1129 2611 1299 2651 amentia
1332 2625 1423 2652 suas
1449 2612 1529 2667 ipse
1564 2627 1703 2653 earnes

145 2678 358 2718 concidens
384 2677 517 2718 ulcisci
543 2691 586 2717 se
607 2678 740 2717 hostes
766 2677 992 2728 existimat,
1029 2687 1062 2718 ot
1091 2679 1177 2733 quid
1203 2687 1292 2733 agat
1320 2680 1495 2733 ignorat,
1540 2680 1595 2720 sic
1628 2680 1702 2721 iste

145 2746 183 2786 in
208 2746 379 2800 seipsum
405 2760 512 2787 arma
531 2746 748 2796 convertit,
783 2747 871 2786 dum
897 2761 1015 2788 voces
1041 2747 1148 2797 illas,
1184 2761 1278 2801 quas
1302 2755 1437 2788 contra
1464 2762 1506 2789 se
1532 2751 1698 2804 profert,

147 2828 222 2855 non
253 2815 449 2870 iutelligit.
515 2813 670 2854 Etenim
705 2814 736 2853 si
766 2815 988 2869 cupiditatis
1023 2822 1159 2855 auctor
1191 2815 1254 2856 ille
1292 2817 1438 2857 veteris
1479 2819 1700 2858 testamenti

146 2882 241 2924 deus
270 2890 352 2932 cst,
388 2897 432 2922 ac
457 2897 555 2938 qnae
583 2889 673 2922 sunt
698 2882 918 2938 cupiditatis
945 2883 1098 2938 propria
1124 2883 1302 2933 molitur,
1338 2899 1408 2925 cur
1431 2885 1571 2940 ubique
1596 2886 1703 2940 cupi-

191 2982 223 3015 2.
248 2981 342 3027 ὑμῶν
367 2987 415 3017 ed.
439 2987 545 3017 Petav.
946 2995 1010 3025 ⁸9⁰·
1048 2986 1135 3017 Libri
1157 2987 1269 3018 habent
1288 2986 1346 3020 καὶ
1368 2985 1598 3031 διηγούμενες.
1626 2990 1701 3021 Pos-

190 3027 221 3060 3.
248 3029 305 3062 καὶ
348 3029 547 3074 γλιχομένας
591 3032 701 3074 (intell.
736 3031 898 3074 διανοίας)
946 3033 983 3061 sit
1006 3033 1098 3062 etiam
1125 3032 1399 3075 κατορεγομένας.
