2066 3319
541 227 720 260 PANAnn
745 229 829 260 Lm.
847 229 888 260 n.
913 229 1020 262 ToM.
1042 230 1065 262 1.
1090 230 1221 264 HAER.
1242 230 1363 262 wa.
1640 221 1716 262 331

301 306 415 361 Quod
440 307 471 348 si
496 306 688 348 interesse
712 307 883 348 nonnihil
907 322 1047 363 corpus
1070 310 1171 350 inter
1199 324 1244 350 ac
1268 324 1424 350 carnem
1457 310 1720 365 suspicentur,
1747 315 1824 359 Cap.
1840 316 1924 348 LIV.

185 383 227 418 ut
252 376 316 416 vel
346 375 524 416 subtilius
554 375 625 415 boc
657 375 744 415 illos
779 377 892 416 modo
927 376 1150 418 ratiocinari
1180 378 1374 428 sinamus,
1418 379 1515 419 adeo
1550 386 1592 419 nt
1622 379 1723 419 aliud

185 458 273 485 esse
300 457 442 498 corpus
465 450 674 493 censeant,
707 443 814 484 velut
844 444 962 498 ipsius
988 445 1140 486 animae
1167 446 1384 501 proprium,
1419 447 1517 500 quod
1545 447 1723 502 usurpari

185 512 307 553 oculis
333 517 522 566 nequeat,
557 524 712 551 carnem
737 520 865 552 autem
890 520 1095 553 externum
1122 513 1212 554 illud
1244 527 1331 553 esse
1361 515 1459 568 quod
1485 516 1606 555 oculis
1638 529 1722 556 cer-

184 580 312 630 nitur,
346 580 402 620 sic
426 593 494 619 eos
518 579 698 619 refellere
723 581 930 634 oportebit.
993 580 1084 621 Non
1111 583 1224 621 modo
1247 580 1405 622 Paulum
1438 597 1482 623 ac
1515 584 1722 638 prophetas

183 648 360 704 corporis
381 646 679 702 appellationem
704 647 791 688 buic
813 650 918 689 carni
946 649 1140 699 tribuere,
1174 650 1241 690 sed
1262 650 1358 690 alios
1381 666 1531 705 quoque
1556 652 1722 706 pbiloso-

183 716 294 772 phos,
329 730 350 756 a
375 715 511 770 quibus
537 723 720 756 accurata
743 716 779 756 in
807 717 941 772 primis
966 717 1096 757 baberi
1122 717 1220 757 ratio
1247 718 1442 758 nominum
1466 719 1580 759 solet.
1629 719 1722 760 Ete—

183 784 260 825 nim
293 784 420 824 carnis
447 783 729 838 appellatione,
766 785 797 825 si
825 785 918 825 haec
943 785 987 824 ad
1017 793 1194 825 exactam
1219 785 1408 826 scientiae
1433 801 1605 827 normam
1638 789 1723 828 exi-

182 866 277 907 gere
301 851 444 902 velint‚
478 867 554 893 non
588 853 772 893 universa
806 854 960 907 proprie
993 853 1127 903 buius,
1162 860 1203 893 ut
1227 854 1279 893 ita
1305 854 1449 905 dicam,
1484 855 1722 896 tabernaculi

181 920 304 962 moles
335 919 583 974 intelligitur,
629 921 696 961 sed
732 922 917 974 quaedam
957 921 1073 961 totius
1106 935 1219 976 pars,
1262 923 1580 976 quemadmodum
1615 937 1720 973 ossa,

182 988 293 1030 nervi
322 995 437 1043 atque
464 1002 614 1042 venae3
649 1003 788 1043 corpus
821 996 946 1030 autem
984 997 1102 1030 totum
1136 989 1291 1030 dicitur.
1355 989 1466 1031 Unde
1499 998 1538 1031 et
1567 991 1720 1041 medici,

181 1057 243 1112 qui
269 1057 315 1097 dc
339 1064 476 1097 natura
497 1071 702 1112 corporum
729 1064 908 1098 accurate
934 1058 1152 1112 disputant,
1186 1058 1257 1098 lioc
1280 1059 1403 1113 ipsum
1428 1059 1526 1112 quod
1550 1067 1724 1113 aspecta-

181 1125 257 1166 bile
283 1132 345 1165 est
369 1139 511 1180 corpus
537 1139 625 1166 esse
657 1125 844 1166 sentiunt.
909 1124 1014 1180 Quin
1045 1126 1127 1181 ipse
1152 1124 1264 1166 Plato
1294 1126 1394 1167 istud
1427 1126 1551 1182 ipsum
1584 1142 1724 1183 corpus

181 1207 269 1234 esse
293 1207 368 1234 non
393 1194 562 1248 ignorat.
626 1191 732 1235 Sane
757 1194 794 1234 in
818 1192 1027 1234 Phaedone
1054 1193 1266 1244 Socrates,
1301 1195 1364 1234 An
1390 1210 1466 1235 non
1494 1196 1618 1246 idem,
1652 1196 1721 1246 ait,

181 1276 269 1303 esse
303 1269 466 1302 mortem
502 1262 812 1303 existimabimus
842 1263 940 1317 quod
974 1263 1125 1303 animae
1149 1278 1169 1303 a
1197 1277 1360 1318 corpore
1395 1263 1635 1316 discessum,
1667 1272 1723 1305 at-

181 1344 254 1386 que
288 1330 359 1371 hoc
393 1331 545 1371 demum
577 1345 666 1371 csse
697 1331 820 1381 mori,
862 1345 1003 1386 corpus
1038 1331 1084 1371 ab
1117 1331 1242 1372 anima
1274 1332 1504 1372 disiunctum
1539 1348 1606 1388 per
1636 1347 1724 1374 sese

180 1399 302 1454 ipsum
325 1398 515 1448 existere,
549 1399 758 1454 itidemque
782 1400 948 1439 animam
973 1414 994 1440 a
1016 1414 1181 1455 corpore
1203 1402 1453 1455 separatam?
1506 1399 1606 1454 Quid
1634 1402 1724 1442 bea-

182 1474 242 1508 tus
268 1467 332 1507 ille
356 1465 550 1522 Moyses?
583 1475 622 1507 ut
649 1468 693 1507 ad
720 1467 872 1508 divinas
898 1482 1050 1522 qnoque
1077 1468 1209 1510 literas
1232 1468 1450 1519 veniamus,
1485 1483 1614 1510 nonne
1640 1484 1727 1510 cor-

178 1550 249 1591 pus
271 1535 370 1575 idem
395 1535 576 1590 intelligit
597 1549 708 1586 esse,
741 1536 841 1590 quod
867 1550 937 1576 nos
960 1536 1120 1576 dicimus
1137 1568 1146 1586 ‚
1182 1551 1266 1577 cum
1292 1538 1342 1577 ita
1368 1538 1559 1592 loquitur:
1592 1542 1645 1578 Et
1667 1541 1884 1585 la-Levi1.14‚
1901 1552 1926 1579 8.

180 1606 281 1643 vabit
312 1607 525 1643 vestimenta
556 1604 594 1644 in
627 1603 944 1659 purgationibus,
978 1608 1045 1656 qui
1073 1609 1241 1656 tetigerit
1267 1609 1490 1645 immundum
1521 1614 1558 1645 et
1587 1608 1726 1646 lavabit

180 1687 315 1725 corpus
335 1687 442 1711 suum
463 1687 582 1725 aqua,
617 1681 654 1712 et
676 1675 883 1712 immundus
905 1676 980 1712 erit
998 1676 1048 1711 ad
1071 1688 1257 1725 vesperam
1274 1680 1292 1713 ?
1351 1672 1454 1728 Quid
1478 1675 1523 1715 de
1549 1673 1644 1715 lobo
1669 1675 1724 1715 di-

181 1742 340 1782 cemus?
379 1755 507 1781 nonne
540 1749 578 1781 et
612 1741 642 1781 is
676 1741 709 1781 id
741 1741 862 1795 ipsum
897 1741 996 1794 qnod
1032 1742 1273 1796 extinguitur
1302 1750 1425 1783 morte
1461 1758 1602 1798 corpus
1635 1758 1722 1784 esse

180 1809 401 1863 significat?
461 1813 663 1857 Versatur,
710 1809 855 1863 inquit,
896 1825 1032 1862 eorpus
1068 1825 1184 1849 meum
1220 1814 1257 1850 in
1291 1814 1490 1863 putredine
1527 1815 1718 1851 vermium.
1742 1824 1802 1852 lob.
1823 1826 1848 1860 ⁷,
1868 1828 1890 1854 5.

180 1875 392 1918 Praeterea
418 1875 627 1928 Salomon,
669 1880 712 1917 In
737 1880 973 1926 malevolam,
1008 1877 1154 1932 inquit,
1188 1882 1346 1919 animum
1374 1895 1446 1919 non
1470 1882 1642 1920 introibit
1662 1895 1723 1920 sa·
1742 1894 1812 1931 Sap.
1830 1895 1856 1930 1,
1876 1896 1900 1923 4.

177 1949 344 1999 pientia,
379 1961 446 1985 nee
471 1947 654 1985 habitabit
675 1950 711 1985 in
739 1962 894 1998 corpore
918 1948 1076 1986 obnooee'o
1103 1956 1272 1999 peecata.
1339 1946 1416 1989 Sed
1450 1958 1489 1988 ct
1518 1950 1615 2004 apud
1646 1947 1721 1989 Da-

180 2015 318 2055 nielem
341 2015 394 2055 ita
421 2015 467 2055 de
490 2015 725 2070 martyribus
749 2015 932 2070 scriptum
959 2022 1040 2056 est:
1074 2018 1159 2055 Non
1182 2019 1392 2056 dominatus
1415 2025 1470 2056 est
1500 2021 1536 2056 in
1569 2020 1719 2057 illorum
1738 2032 1813 2059 nan.
1828 2033 1861 2067 3,
1882 2032 1924 2060 2⁴1.

181 2098 316 2136 corpus
337 2087 457 2135 ignis,
493 2092 529 2122 et
551 2085 710 2135 capillus
736 2087 869 2135 eapitis
891 2086 1041 2123 illorum
1063 2099 1134 2124 non
1158 2089 1267 2124 arsit.
1334 2083 1429 2125 Item
1453 2086 1491 2125 in
1516 2086 1722 2140 evangelio

181 2153 382 2192 dominus:
416 2155 617 2204 Propterea
640 2154 722 2190 dico
744 2153 858 2200 vobis,
893 2155 1020 2192 Nolite
1045 2155 1203 2192 solliciti
1221 2169 1300 2193 esse
1324 2157 1415 2206 quid
1434 2156 1718 2201 manducabitis,
1734 2167 1834 2196 Mami
1848 2170 1923 2204 6‚25.

180 2229 247 2260 aut
267 2224 358 2274 quid
375 2223 598 2260 induemini:
633 2236 754 2260 nonne
773 2225 895 2260 unium
913 2224 1038 2273 pluris
1057 2230 1115 2261 est
1131 2237 1238 2274 quam
1263 2237 1361 2270 esea,
1397 2231 1431 2262 et
1455 2238 1589 2275 eorpus
1614 2238 1720 2275 quam

181 2293 462 2330 vestimentum?
520 2287 608 2329 Nec
630 2288 755 2329 minus
777 2290 975 2344 apostolus
1000 2290 1058 2330 bis
1081 2290 1235 2342 verbis,
1269 2294 1328 2330 Ne
1345 2295 1465 2343 igitur
1486 2299 1617 2342 regne!
1633 2306 1720 2343 pec-
1741 2306 1865 2342 nome,
1885 2307 1923 2335 12.

181 2366 302 2397 catum
327 2361 364 2397 in
391 2359 546 2397 mortali
565 2366 685 2397 vestro
707 2373 881 2410 corpore,
917 2373 1056 2414 corpus
1079 2373 1120 2399 se
1146 2360 1192 2399 de
1219 2373 1265 2400 eo
1299 2375 1373 2414 quo
1401 2360 1624 2400 circumdati
1657 2374 1721 2400 su-

181 2440 264 2467 mus
286 2426 465 2481 accipere
487 2427 750 2478 demonstrat3
785 2441 828 2467 ac
851 2440 1025 2468 rursum:
1062 2431 1169 2479 Quod
1189 2431 1226 2467 si
1241 2432 1399 2480 spei-itus
1421 2431 1513 2475 eius,
1549 2433 1617 2480 qui
1637 2444 1721 2468 sus-
1741 2444 1825 2472 Rom.
1839 2445 1865 2479 e,
1885 2446 1924 2473 11.

181 2498 309 2535 citavit
329 2498 470 2542 Iesum,
505 2497 650 2534 habitat
673 2499 710 2534 in
746 2496 869 2543 vobis,-
911 2499 979 2548 qui
1001 2500 1198 2536 suscitavit
1220 2499 1406 2535 Christum
1433 2511 1455 2535 (ι
1482 2501 1638 2536 mortuis
1669 2501 1721 2537 vi-

182 2565 348 2616 vz'ficabtt
366 2572 403 2603 et
423 2566 598 2603 mortalia
623 2578 781 2616 corpora
808 2573 944 2603 vestra.
1012 2564 1114 2606 Tum
1141 2565 1217 2605 alio
1244 2565 1351 2605 loco:
1397 2568 1443 2603 St
1469 2568 1613 2605 diret-it
1632 2581 1922 2618 peS,1.cor.12‚15.

183 2636 362 2684 Quoniam
387 2648 459 2672 non
482 2647 561 2672 sum
587 2647 738 2680 mamm,
773 2648 845 2672 non
875 2648 954 2672 sum
985 2649 1033 2673 οφ
1058 2649 1236 2686 corpore,-
1270 2649 1342 2672 non
1373 2636 1453 2672 ideo
1484 2649 1556 2673 non
1587 2644 1644 2674 est
1671 2652 1719 2674 er

182 2716 350 2754 corpore.
417 2699 534 2742 item:
576 2704 628 2740 Et
657 2717 729 2741 non
762 2703 974 2753 infirmatus
1000 2703 1193 2741 Abraham
1213 2704 1319 2753 side,
1355 2716 1426 2741 non
1457 2706 1718 2744 animadvertit
1737 2718 1822 2745 Rom.
1837 2720 1861 2755 4,
1883 2719 1922 2746 19.

183 2784 316 2822 eorpus
341 2784 447 2809 suum
477 2777 673 2810 mortuum.
735 2768 908 2811 Deinde:
953 2773 1049 2809 Nam
1078 2786 1144 2809 nos
1167 2785 1290 2809 omues
1313 2772 1551 2824 manifestari
1577 2782 1721 2824 oportet
1737 2787 1922 2822 2.Cor.5‚10.

183 2845 268 2877 ante
291 2839 460 2878 tribunal
479 2841 644 2887 Christi,-
686 2847 728 2878 ut
749 2841 893 2892 reserat
915 2842 1166 2892 unusquisque
1189 2853 1282 2890 quae
1308 2853 1378 2890 per
1399 2853 1553 2891 corpus,
1588 2856 1718 2881 seeun-

186 2908 269 2945 dum
290 2921 383 2958 quae
401 2910 534 2958 gessit.
594 2905 714 2948 ltem:
748 2910 940 2960 Epistolae
961 2911 1103 2960 quidem
1123 2921 1261 2958 graves
1279 2908 1474 2959 etsortes;
1502 2914 1718 2960 praesentia
1730 2924 1919 2957 2.Cor.1o,1o.

230 3006 260 3039 3.
286 3010 424 3040 Fortasse
439 3009 688 3052 νενεκρωμένον.
731 3012 832 3050 Quam
853 3013 928 3043 scri·
974 3011 1051 3041 {iani
1072 3011 1266 3047 amiotalam,
1288 3010 1371 3049 quod
1391 3019 1483 3050 penes
1502 3021 1550 3044 me
1570 3016 1621 3044 est.
1669 3023 1717 3045 νε·

181 3056 306 3092 plur-am
318 3055 554 3094 deprehendam
564 3065 664 3096 mary.
679 3058 928 3096 exempliSchot-
975 3052 1140 3096 κρώμενον
1165 3055 1211 3085 ed.
1232 3057 1330 3093 princ.
