2030 3324
493 180 675 213 PANAnu
699 181 781 212 ΜΒ.
805 181 845 212 ιι.
871 181 980 213 TOM.
1002 182 1041 213 11.
1066 180 1198 213 ΗΑΕΒ.
1219 181 1347 213 inx.
1620 173 1696 212 6-11

147 260 214 300 lux
241 260 337 299 deus
362 259 585 299 nominatur
619 261 709 298 Luat
739 274 824 300 vera
850 275 925 300 non
953 261 1107 301 dicitur.
1173 260 1322 314 Ecquid
1360 260 1477 314 igitur
1508 259 1553 299 de
1592 266 1700 314 patre

146 326 388 368 sentiemus?
448 325 521 366 Est
547 327 649 367 enim
675 328 806 382 utique
829 343 924 369 vera
950 329 1017 368 lux
1039 330 1149 379 deus,
1187 343 1311 382 ncquc
1342 344 1519 371 mancum
1545 339 1611 371 aut
1637 332 1701 371 dc-

147 396 291 435 feetum
329 395 500 436 divinum
537 409 627 436 esse
667 411 810 436 numen
848 397 1174 437 existimabimus.
1239 396 1289 436 Et
1330 401 1507 450 ‹piuinvis
1544 399 1700 439 minime

145 462 330 517 scriptum
359 463 410 503 sit
440 477 574 504 veram
604 465 708 504 illum
737 479 825 505 esse
853 465 1001 514 lucem,
1047 479 1123 504 non
1155 472 1282 504 tamen
1315 467 1601 507 committemus
1635 482 1702 507 vc-

146 545 228 572 ram
252 538 290 571 ut
315 545 402 572 csse
423 531 548 572 lucem
573 533 811 583 inficIemur,
860 532 1090 587 pracsertim
1128 548 1213 572 cuni
1251 534 1295 572 dc
1324 534 1400 572 lilio
1433 535 1618 588 scriptum
1654 536 1704 574 sit

147 599 264 639 filium
300 612 388 639 esse
423 600 560 640 deum:
605 604 657 640 Et
680 610 764 640 era!
787 604 877 639 deas
907 603 1009 652 apud
1031 603 1250 639 emi-stentem
1274 609 1445 652 patrem:
1494 611 1576 641 era!
1608 607 1702 641 em'm

145 669 236 707 deus
271 669 435 707 verbum.
500 667 593 709 Non
621 670 740 718 dixit,
789 667 898 708 Deus
939 670 1078 708 sactum
1117 675 1177 708 cst
1214 669 1400 719 verbum,
1447 670 1540 719 scd,
1595 669 1703 710 Dens

147 741 245 775 erat.
310 733 576 788 Quamobrem
601 751 652 777 ex
679 737 736 777 liis
765 736 914 777 duobus
941 737 1077 776 cadem
1103 744 1217 790 atque
1244 737 1421 790 aequalia
1450 738 1700 790 colligentur,

146 816 199 844 ex
224 817 287 854 eo,
315 803 488 858 iuquam,
524 806 623 859 quod
649 809 766 844 Verus
787 808 877 844 deus
895 805 1111 859 appellatur
1136 812 1260 858 pater,
1297 813 1335 845 ct
1359 809 1447 846 [Λικ-
1472 821 1557 844 vera
1585 806 1701 855 lilius,

147 871 320 926 aequalis
348 874 551 927 utriusque
584 873 750 927 dignitas
786 880 960 927 apparet.
1027 871 1200 927 ltemque
1238 888 1290 913 ex
1325 888 1371 913 eo
1399 875 1498 927 quod
1539 881 1577 914 et
1609 875 1703 913 deus

147 939 248 980 filius
272 947 308 980 et
337 940 406 981 lux
432 955 521 981 esse
544 943 639 982 deus
663 941 805 981 dicitur
825 956 894 996 par
919 941 1132 995 eademque
1157 942 1356 982 amborum
1383 942 1508 995 gloria
1533 943 1705 997 reperie-

145 1014 229 1060 tur,
273 1009 370 1049 adeo
403 1018 443 1049 ut
466 1009 557 1049 niliil
585 1009 740 1049 intersit
774 1010 957 1059 omnino,
1003 1023 1075 1049 nec
1099 1010 1259 1050 veritati
1294 1011 1485 1063 reli-agari
1512 1010 1701 1064 quispiam

145 1077 230 1116 iure
264 1077 410 1131 possit,
445 1077 612 1132 denique
644 1085 683 1118 et
713 1091 833 1118 verus
866 1078 960 1118 deus
993 1085 1124 1132 pater,
1160 1092 1278 1120 verus
1308 1079 1468 1133 perinde
1493 1078 1591 1118 lilius
1622 1078 1706 1118 uni-

146 1144 302 1199 genitus
336 1152 552 1186 asseratur.

262 1212 322 1254 De
346 1214 485 1268 spiritu
514 1228 610 1254 vero
638 1221 775 1255 sancto
812 1228 976 1255 necesse
1011 1222 1071 1255 est
1101 1214 1241 1269 aliquid
1271 1216 1344 1255 hoc
1375 1215 1461 1255 loco
1488 1215 1702 1270 disputare,
1748 1215 1853 1271 styp-

148 1296 220 1333 ne,
255 1282 287 1322 si
311 1283 398 1336 quid
426 1282 729 1337 praetermisero
746 1315 755 1332 ,
791 1297 858 1323 sua
887 1283 1062 1323 hostibus
1088 1284 1234 1324 nostris
1259 1292 1489 1338 argumenta
1522 1300 1566 1324 ac
1591 1297 1704 1339 prac-
1727 1261 1897 1291 “XXMH'

147 1350 244 1391 sidia
269 1351 422 1405 integra
449 1351 656 1405 reliquisse
679 1351 828 1392 videar.
876 1351 1024 1392 Eodem
1050 1352 1168 1405 igitur
1194 1353 1308 1392 modo
1336 1353 1380 1392 de
1404 1353 1543 1407 spiritu
1569 1360 1707 1393 sancto

149 1418 298 1460 sentire
331 1434 401 1460 uos
430 1427 585 1474 oportet
608 1420 928 1474 quemadmodum
955 1421 1134 1461 dominus
1159 1421 1241 1475 ipse
1271 1428 1459 1471 testatur,
1503 1437 1587 1462 cum
1617 1425 1703 1474 δρί-
1741 1422 1849 1485 {2³⁰1}-

147 1492 264 1528 ritum
291 1491 482 1536 veritatis,
517 1503 562 1527 ac
586 1490 770 1539 Spiritum
796 1492 921 1541 pall-[s
947 1489 1136 1544 appellat,
1171 1490 1370 1544 apostolus
1400 1504 1494 1530 vcro
1520 1494 1703 1542 Spei-llum
1729 1480 1853 1537 Roine,
1872 1504 1897 1530 9.

150 1558 308 1596 Christi.
374 1555 449 1597 Est
480 1555 601 1610 igitur
631 1559 801 1608 Spe'l·e‘lus
826 1561 1018 1605 veritates,
1065 1560 1234 1609 Spiritus
1259 1561 1339 1606 clei,
1387 1559 1438 1598 uti
1473 1562 1592 1598 l'erus
1617 1562 1708 1598 deus

149 1639 237 1664 vera
261 1627 353 1672 lux,
396 1627 566 1676 Spiritus
583 1628 709 1677 patris
739 1629 898 1677 spiritns
916 1627 1015 1678 fille.
1080 1625 1154 1666 Est
1181 1626 1282 1666 euim
1315 1641 1389 1666 una
1419 1628 1592 1678 trinitas,
1631 1642 1707 1668 una

148 1693 296 1748 gloria,
332 1692 514 1733 divinitas
539 1708 638 1744 una,
672 1708 748 1734 una
772 1694 1009 1746 dominatio,
1044 1701 1156 1749 pater
1177 1702 1310 1749 pater,
1347 1695 1450 1735 filius
1477 1696 1595 1747 silius,
1630 1696 1710 1750 spi-

153 1762 253 1802 ritus
290 1769 449 1802 sanctus
493 1761 653 1817 spiritus
686 1770 872 1814 sanctus3
919 1763 1021 1803 nulla
1057 1763 1095 1803 in
1133 1762 1306 1804 trinitate
1345 1765 1600 1816 commixtio,
1646 1765 1708 1804 vel

154 1829 358 1882 confusio,
403 1844 474 1871 nec
510 1830 556 1870 ab
583 1830 732 1871 unitate
769 1846 838 1871 sua
867 1831 1052 1882 dissidet,
1099 1846 1171 1872 nec
1207 1833 1253 1873 ad
1284 1832 1566 1887 perfectionem
1600 1833 1711 1873 deest

152 1897 208 1939 illi
234 1898 453 1954 quippiam,
487 1913 560 1939 nec
589 1906 649 1940 est
677 1914 698 1940 a
725 1900 963 1955 proprietate
987 1915 1055 1941 sua
1085 1901 1266 1951 diversa,
1311 1902 1379 1941 sed
1407 1901 1592 1941 universa
1624 1915 1711 1956 pcr-

153 1967 271 2008 l'ectio
308 1975 495 2023 occupat,
540 1975 581 2008 ut
616 1975 655 2008 et
680 1969 852 2023 perfecta
879 1969 954 2010 tria
987 1969 1088 2020 sint,
1131 1976 1170 2009 et
1205 1969 1317 2009 trium
1354 1969 1604 2009 nihilominus
1636 1984 1711 2010 una

153 2034 354 2077 diviuitas.
418 2033 506 2089 Qua
531 2036 683 2076 ratione
709 2037 947 2078 adversariis
971 2038 1116 2079 nostris
1140 2038 1293 2091 gladius
1319 2052 1338 2078 e
1364 2038 1544 2078 manibus
1568 2052 1712 2078 excus-

152 2118 220 2145 sus
245 2111 319 2145 cst.
383 2103 522 2159 quue
545 2105 764 2160 scripturae
796 2106 906 2146 locus
939 2106 1005 2146 ille
1032 2107 1224 2161 pertinet,
1269 2110 1444 2158 Sagittae
1459 2108 1706 2158 parvulorum
1727 2116 1775 2143 Ps.
1794 2116 1838 2152 aa,
1858 2117 1883 2143 s.

150 2173 278 2226 factae
301 2181 402 2212 smel.
466 2172 569 2213 Nam
592 2174 668 2214 tela
693 2174 782 2214 dum
811 2175 856 2214 ab
893 2174 1105 2215 infantibus
1138 2182 1356 2216 tractantur
1382 2175 1575 2215 imbecilla
1603 2182 1709 2225 sunt,

154 2255 226 2282 nec
252 2241 289 2281 iu
315 2255 449 2282 corum
476 2242 653 2282 manibus
682 2243 887 2297 quicquam
914 2244 1067 2284 efficere
1093 2251 1271 2297 possunt.
1337 2243 1450 2296 Quod
1478 2244 1509 2283 si
1535 2250 1713 2283 conster-

155 2309 234 2349 nati
260 2309 481 2363 turbatique
508 2310 672 2360 luerint,
707 2311 859 2365 seipsos
889 2311 1088 2366 iugulant,
1135 2320 1201 2352 ant
1227 2312 1300 2351 sibi
1327 2313 1506 2351 damnum
1541 2312 1714 2352 inserunt

155 2377 284 2432 potius
312 2392 424 2431 quam
451 2384 491 2417 ut
517 2378 615 2419 alios
649 2379 724 2419 illis
758 2379 919 2434 aggredi
959 2388 997 2420 et
1031 2387 1216 2435 appetere
1254 2387 1411 2434 queant.
1477 2378 1544 2420 Sic
1580 2387 1619 2420 et
1648 2379 1712 2420 isti

155 2459 331 2486 errorem
363 2460 476 2486 suum
516 2453 650 2487 contra
679 2449 915 2503 semetipsos
948 2455 1207 2499 convertunt,
1255 2462 1380 2502 neque
1410 2447 1612 2502 quicquam
1647 2448 1713 2488 ad-

154 2527 293 2556 versus
328 2513 505 2554 veritatis
541 2514 642 2555 l'ilios
673 2515 868 2570 infligunt.

267 2581 386 2623 Nunc
418 2583 463 2622 ad
501 2582 599 2623 alios
634 2583 787 2625 illorum
821 2599 1026 2626 sermones
1059 2585 1276 2625 orationem
1312 2585 1490 2624 confero.
1554 2581 1601 2626 ln
1632 2579 1882 2657 qung'thiv

154 2651 317 2705 primum
347 2652 436 2691 illud
467 2651 726 2692 admiratione
761 2653 915 2707 plenum
941 2660 1023 2704 est,
1058 2660 1238 2707 quantam
1268 2653 1311 2692 ad
1341 2652 1706 2694 circumvenieudos
1762 2648 1770 2655 ¹
1801 2648 1809 2655 Λ
1885 2649 1891 2656 ’

154 2720 272 2760 rudes
298 2727 336 2760 et
358 2720 556 2774 simplices
587 2719 833 2761 calliditatem
861 2736 905 2762 ac
928 2721 1216 2761 simulationem
1246 2720 1470 2762 adhibeant.
1530 2720 1635 2762 Nam
1669 2729 1711 2762 ut

155 2801 319 2842 serpeus
342 2786 469 2828 Evam
499 2788 700 2829 mulierem
733 2789 947 2844 simplicem
982 2790 1156 2842 decepit,
1201 2790 1253 2830 ita
1283 2789 1333 2829 illi
1364 2803 1460 2843 quos
1495 2791 1540 2830 ad
1577 2797 1707 2845 partos
1727 2796 1803 2823 Gen.
1820 2795 1846 2822 3·

155 2868 247 2896 suas
275 2855 457 2911 pellicere
486 2856 647 2908 volunt,
682 2856 846 2911 primum
872 2857 1068 2897 blanditiis
1099 2871 1142 2898 ac
1165 2858 1432 2898 munificentia
1456 2858 1711 2913 omnibusque

204 3002 280 3037 Cn.
299 3004 463 3036 XXXIII.
490 3023 530 3029 —
576 3006 602 3037 1.
626 3005 712 3037 Editt
736 3002 856 3038 αὐτῶν.
996 3008 1025 3037 2.
1052 3002 1292 3049 ἐνσκήπτουσιν
1317 3007 1384 3039 cod.
1406 3008 1535 3047 Rhediy.

226 3057 345 3095 Corpus
364 3058 546 3087 Haereseol.
570 3059 606 3086 11.
627 3060 651 3086 2.
1385 3068 1434 3106 41
