2066 3319
358 207 437 247 268
921 210 1080 243 SANGTI
1104 211 1329 243 EP1PHAN11

358 308 451 339 νους
474 294 639 343 χιτῶνας
662 286 760 330 εἶναι
781 286 828 329 τά
853 287 1023 341 σώματα.
1082 290 1138 329 Εἰ
1157 289 1197 330 δὲ
1220 288 1500 342 ἀποδεξαίμην,
1531 286 1731 345 ὁμολογεῖν
1752 288 1821 345 χρή
1844 305 1889 343 με

356 359 422 400 καὶ
453 356 499 399 τά
531 358 721 412 εἰρημένα.

155 441 242 483 Κεφ,
269 439 334 484 ,(βῇ
477 428 522 467 Τί
555 426 614 476 δὲ,
647 423 731 478 οὐχὶ
763 423 942 475 κάκεῖνο,
975 426 1094 478 ἔφην,
1127 419 1429 480 ῶἈγλαοφῶν,
1461 427 1571 466 δοκεῖ
1593 439 1653 466 σοι
1680 423 1732 478 μὴ
1756 423 1891 479 ὀρθῶς

188 485 289 528 (μί’)
360 496 477 548 ἕχεινς
535 493 585 535 Τό
613 498 750 543 ποῖον,·
807 491 858 534 Τό
881 493 1024 547 λέγειν,
1055 487 1105 545 ἦν
1128 493 1169 534 δὲ
1192 492 1287 547 ἐγώ,
1319 491 1458 546 δεσμόν
1480 494 1547 534 καὶ
1571 493 1692 540 πέδας
1714 491 1756 533 τὸ
1780 497 1890 545 σῶμα

359 566 655 616 μεμηχανῆσθαι
677 559 776 602 κατὰ
800 565 870 613 τῆς
893 565 1046 613 ψυχῆς,
1077 561 1143 601 καὶ
1168 559 1227 601 ὅτι
1253 561 1318 602 καὶ
1343 559 1364 602 ὁ
1388 560 1596 615 προφήτης
1619 562 1800 613 δεσμίους
1820 564 1892 614 γῆς

360 633 436 683 ἔφη
461 628 584 683 ἡμᾶς,
617 628 680 670 δια
705 633 817 670 τοῦτο
844 629 911 670 καὶ
933 626 956 670 ὁ
978 629 1107 682 Δαβὶδ
1133 629 1431 681 πεπεδημένους.
1494 629 1572 669 Καὶ
1605 627 1668 678 ὃς,
1703 626 1788 669 Οὐκ
1819 629 1890 681 ἔχω

359 713 422 740 σοι
458 699 672 751 προχείρως
703 695 1017 752 άποκρίνασθαι,
1049 698 1144 749 ἔφη·
1183 695 1276 737 άλλοέ
1303 699 1338 737 τί
1363 695 1459 754 ἄλλῳ
1488 696 1534 738 οὐ
1566 696 1753 750 διαλέγει,
1812 697 1891 737 Καὶ

362 765 435 822 ἐγώ
468 764 667 824 (ᾐσθόμην
700 763 771 820 γάρ
803 766 993 819 ἐρυθριᾶν
1020 763 1156 815 αὐτὸν,
1188 763 1381 820 φεύγοντα
1410 765 1637 819 ἐλεγχθῆναι
1659 762 1727 805 τὸν
1749 762 1892 818 λόγον),

365 836 449 876 Οἴει
480 832 552 889 γάρ
583 839 662 886 1με
693 832 791 875 κατα
823 831 985 884 φθόνον
1009 834 1211 888 ἐπιχειρεῖν
1237 847 1277 874 σε
1308 833 1471 887 ἐλέγξαι,
1511 833 1631 885 ἔφην,
1671 832 1738 872 καὶ
1767 830 1820 885 μὴ
1848 830 1892 874 τό

359 905 612 957 προκείμενον
632 901 854 953 καταφανὲς
878 906 1112 953 φιλονεικεῖν
1132 905 1312 953 ποιῆσαι,-
1351 898 1458 950 Ἀλλ’,
1491 895 1521 942 ὦ
1544 898 1686 955 άγαθὲ,
1718 898 1771 953 μὴ
1794 899 1892 942 ἀπο-

359 972 502 1024 κάμοις
527 969 609 1011 ἳὸἶν
631 968 891 1024 ἐρωτώμενος.
947 967 1067 1027 Ὁρᾷς
1086 967 1158 1024 γάρ
1185 967 1237 1018 ὥς
1258 966 1305 1010 οὗ
1329 969 1418 1024 περὶ
1437 973 1587 1023 μικρῶν
1610 969 1706 1009 εἰσιν
1735 965 1828 1020 ἡμῖν
1856 969 1898 1009 οἴ

360 1038 486 1094 λόγοι,
527 1037 604 1079 ἀλλ’
629 1037 762 1080 ὅντινα
790 1036 860 1093 χρὴ
893 1036 1038 1093 τρόπον
1075 1038 1379 1078 πεπιστευκέναι.
1443 1038 1521 1077 Καὶ
1549 1035 1621 1091 γάρ
1648 1034 1763 1077 οὐδὲν
1787 1033 1894 1089 οἶμαι

366 1114 382 1137 3
397 1112 586 1149 τοσοῦτον
610 1110 742 1147 κακῶν
765 1104 968 1162 άνθρώπῳ
992 1106 1174 1160 γενέσθαι
1202 1104 1295 1146 ὅσον
1323 1103 1399 1146 ἆπὸ
1424 1109 1503 1146 τῶν
1525 1102 1766 1158 άναγκαίων,
1799 1102 1893 1146 ὁπό-

359 1193 430 1217 ταν
454 1178 587 1228 ψευδῆ
609 1176 694 1230 περὶ
718 1173 847 1215 αὐτῶν
872 1172 1035 1223 δοξάζοι.
1082 1172 1164 1214 Ἴθι
1190 1168 1261 1214 οὖν
1292 1171 1513 1227 προθύμως
1544 1172 1644 1226 πρὸς
1668 1171 1715 1213 τά
1747 1171 1895 1227 ἐρωτώ-

362 1261 457 1297 μενα
482 1242 702 1295 άποσάφει,
744 1243 810 1283 καὶ
838 1241 905 1283 ἐάν
935 1244 971 1282 τί
994 1255 1054 1282 σοι
1086 1242 1207 1296 λέγειν
1242 1239 1385 1293 άληθὲς
1412 1240 1464 1293 μή
1490 1243 1616 1291 δοκῶ,
1655 1245 1798 1293 μᾶλλον
1825 1245 1895 1293 τῆς

363 1311 549 1365 άληθείας
571 1313 783 1364 φροντίσας
803 1308 829 1362 ἢ
852 1311 950 1362 ἐμοῦ
971 1310 1132 1364 ἐ’.λεγξον
1193 1313 1343 1358 Μεῖζον
1368 1325 1439 1388 γαρ
1466 1305 1620 1362 αγαθὸν
1647 1307 1689 1350 τό
1715 1310 1894 1363 ἐλεγχθῆ-

361 1398 426 1422 ναι
449 1385 518 1421 τοῦ
542 1380 684 1433 ἐλέγξαι
707 1380 869 1430 νομίζω,
902 1376 981 1434 όσῳ
1013 1375 1141 1429 μεῖζόν
1165 1377 1244 1417 ἐστι
1268 1374 1310 1417 vd
1339 1374 1456 1416 αυτόν
1478 1373 1746 1430 ἀπαλλαγῆναι
1768 1382 1893 1418 κακοῦ

361 1453 429 1489 τοῦ
453 1446 565 1489 άλλον
588 1445 816 1495 ἀπαλλάξαι
881 1446 980 1499 Φέρε
1004 1446 1076 1485 οὐν
1105 1442 1196 1498 παρ’
1221 1442 1440 1496 4αλληλους
1463 1442 1774 1499 παραβάλλοντες
1801 1461 1896 1494 τους

360 1514 501 1570 λόγους
527 1513 785 1567 σκεπτώμεθα
806 1515 843 1554 εἷ’
862 1531 894 1555 τι
920 1515 1135 1554 διοίσουσιν
1159 1510 1342 1564 ἆλληλων.
1404 1512 1484 1552 Καὶ
1515 1529 1588 1566 γαρ
1611 1511 1786 1566 τυγχάνει
1808 1513 1896 1566 περὶ

362 1586 419 1625 (ὃν
442 1582 768 1636 ἀμφισβητοῦμεν
789 1579 836 1623 οὕ
855 1579 961 1622 πάνυ
982 1595 1122 1635 σμικρα
1146 1578 1254 1630 ὅντα,
1286 1578 1381 1620 ἄλλα
1400 1580 1488 1633 περὶ
1509 1581 1564 1620 ὡν
1585 1580 1727 1621 εἰδέναι
1747 1597 1786 1621 τε
1805 1579 1894 1622 κάλ-

359 1658 464 1706 λιον,
496 1650 548 1704 μὴ
578 1652 720 1692 εἰδέναι
749 1667 787 1691 τε
816 1648 983 1703 αἰσχρόν.
1047 1646 1206 1689 Ουκοῦν
1231 1661 1279 1688 συ
1306 1648 1373 1700 μὲν
1405 1665 1451 1689 ου
1484 1649 1648 1701 νομίζεις
1678 1645 1896 1701 αναβιῶναι

360 1719 403 1762 τὸ
427 1724 561 1773 σῶμα,
591 1722 731 1772 νομίζω
765 1718 805 1760 δὲ
831 1717 918 1773 ἐγώ.
981 1715 1099 1758 Πάνυ
1131 1716 1200 1769 μὲν
1227 1710 1319 1766 οὖν,
1355 1717 1486 1768 5ἔφη,
1527 1716 1592 1757 καὶ
1621 1713 1669 1757 δι’
1693 1715 1718 1757 ἃ
1747 1718 1894 1772 εἴρηκα.

364 1790 444 1829 Καὶ
480 1787 527 1829 σύ
559 1788 620 1838 δὲ,
662 1782 713 1840 ἦν
745 1787 813 1839 μὲν
846 1784 942 1841 ἐγώ,
984 1783 1126 1838 δεσμόν
1159 1782 1252 1825 αὗτδ
1287 1785 1352 1825 καὶ
1384 1782 1563 1836 φυλακὴν
1596 1785 1661 1825 καὶ
1695 1788 1801 1837 σῆμα
1830 1786 1896 1826 καὶ

363 1856 485 1910 α’χθος
508 1857 575 1897 καὶ
597 1856 719 1903 πέδας
745 1852 844 1895 εἶναι
867 1855 986 1906 ἔφης,
1019 1852 1092 1908 ἐγώ
1116 1853 1156 1893 δὲ
1181 1850 1229 1893 οὔ
1252 1869 1365 1905 φημι.
1423 1850 1591 1905 Ἀληθῆ,
1622 1853 1719 1904 ἔφη,
1751 1870 1816 1906 μοι
1837 1853 1895 1894 λέ-

363 1942 451 1980 γεις.
514 1925 593 1964 Καὶ
618 1921 695 1976 μὴν
719 1920 767 1964 δι’
796 1921 1003 1970 άκολασίας
1034 1921 1101 1962 καὶ
1127 1919 1274 1973 πλάνης
1301 1921 1365 1960 καὶ
1391 1918 1515 1973 λύπης
1541 1921 1607 1961 καὶ
1637 1925 1797 1973 θυμοῦ,
1827 1922 1895 1962 καὶ

363 1991 581 2045 συλλήβδην
607 1996 684 2032 τῶν
709 1989 833 2032 ἄλλων
857 1988 1041 2031 ἁπάντων
1066 1983 1122 2030 ῶν
1146 1986 1244 2030 εἶναι
1271 1990 1477 2043 παραίτιον
1508 1986 1602 2030 αὐτό
1626 1992 1760 2029 κακῶν
1783 1989 1896 2042 ἔφης,

364 2063 569 2113 ἐμποδίζον
595 2057 687 2112 ἡμῖν
708 2056 779 2111 τήν
803 2056 903 2110 πρὸς
933 2056 976 2100 τὸ
1003 2056 1157 2099 κάλλιον
1181 2054 1308 2111 ὁρμὴν
1333 2061 1402 2110 τῆς
1423 2060 1574 2109 ψυχῆς,
1606 2054 1659 2109 μὴ
1689 2057 1764 2097 ἐῶν
1791 2061 1897 2098 ὃτῶν

364 2128 486 2176 ὅντως
521 2127 645 2169 ὄντων
678 2128 732 2174 εἰς
765 2124 986 2178 κατάληψιν
1018 2123 1120 2179 ἡμᾶς
1151 2125 1217 2166 καὶ
1248 2129 1392 2179 γνῶσιν
1423 2129 1646 2177 παρελθεῖν.
1706 2122 1794 2165 Κάν
1821 2123 1894 2179 γάρ

366 2195 666 2251 ἐπιχειρήσωμεν
690 2196 885 2248 θηρεῦσαί
908 2211 943 2235 τι
963 2198 1041 2235 τῶν
1065 2192 1209 2243 ὄντων,
1240 2190 1299 2233 άεὶ
1329 2196 1611 2248 παρεμπίπτων
1632 2190 1753 2244 ζόφος
1782 2196 1902 2244 ζοφοῖ

365 2264 432 2306 τὸν
464 2262 668 2319 λογισμὸν,
709 2261 762 2316 μὴ
795 2262 1012 2316 ἐπιτρέπων
1045 2259 1147 2314 ἡμᾶς
1180 2262 1442 2314 ἐπισκοπῆσαι
1474 2259 1517 2302 τὸ
1555 2258 1701 2313 ἀληθὲς
1736 2264 1895 2315 τρανῶς.

362 2331 532 2385 Ἀπάτης
564 2330 635 2386 γάρ
669 2330 695 2384 ἦ
728 2330 792 2372 διά
823 2334 898 2371 τῶν
933 2328 1042 2370 ῶτων
1072 2327 1185 2382 ἡμῶν
1217 2328 1465 2383 πεπλήρωται
1494 2329 1652 2381 σκέψις,
1695 2325 1748 2376 ὥς
1777 2329 1894 2381 ἔφης·

197 2428 264 2456 pag.
282 2420 340 2447 566.
367 2400 521 2454 άπάτης
548 2400 588 2441 δὲ
611 2400 677 2441 καὶ
697 2397 722 2452 ἡ
744 2397 809 2440 διά
831 2403 899 2451 τῆς
924 2395 1077 2449 ὅψεως,
1109 2395 1263 2449 άπάτης
1286 2397 1327 2437 δὲ
1348 2398 1415 2438 καὶ
1441 2395 1467 2450 ἡ
1492 2395 1556 2438 διά
1579 2402 1657 2438 τῶν
1686 2395 1810 2437 ἄλλων
1840 2397 1895 2436 αι’-

365 2468 558 2521 σθήσεων.
615 2466 749 2526 Ὁρᾷς,
780 2468 871 2519 ἔφη,
905 2460 934 2506 cf)
960 2463 1168 2517 Εὗβούλιε,
1201 2463 1253 2513 ὥς
1277 2463 1350 2520 ἐγώ
1374 2464 1527 2518 ἕτοιμός
1547 2466 1623 2518 εἶμί
1646 2479 1686 2506 σε
1713 2465 1896 2515 ἐπαινεῖν,

368 2536 514 2579 ὁπόταν
544 2535 679 2592 ὀρθῶς
710 2538 907 2592 διασαφῇς
937 2531 1028 2581 τούς
1056 2531 1212 2588 λόγουςς

320 2815 329 2826 p
468 2808 487 2822 Π
626 2803 642 2821 '3'
716 2809 734 2823 e(
847 2805 856 2819 Ι
1008 2806 1016 2820 ἱ
1083 2807 1099 2814 *⁸¹
1221 2805 1232 2820 7
1340 2805 1348 2818 Ι
1511 2805 1521 2819 ’
1651 2802 1659 2816 ι
1748 2802 1756 2815 ⁸
1826 2807 1842 2814 w

165 2820 253 2861 Κεφ.
278 2830 340 2861 κγ.
482 2814 571 2863 Αρα
595 2825 685 2857 ουν,
718 2825 782 2848 ινα
807 2809 855 2859 δη
881 2823 926 2859 με
954 2823 1018 2846 και
1046 2808 1189 2858 μαλλον
1216 2818 1448 2854 επαινεσεις,
1487 2820 1519 2844 ει
1543 2806 1684 2855 δεσμος
1714 2820 1756 2844 το
1787 2817 1897 2856 σωμα

198 2862 299 2907 (μδῖ)
369 2874 460 2917 καθ’
494 2874 596 2928 ὑμᾶς
629 2878 756 2926 δοκεῖ,
798 2873 846 2916 οὗ
881 2872 1043 2914 δύναται
1077 2874 1216 2920 κακίας
1250 2869 1432 2913 ὑπαίτιον
1468 2869 1567 2912 εἶναι
1595 2873 1821 2923 νομίζεσθαι
1849 2876 1896 2929 τῇ

417 2979 494 3010 CAP.
517 2979 630 3010 XXII.
655 2997 698 3002 —
747 2980 774 3010 1.
800 2980 954 3018 Rescripsi
984 2975 1025 3020 μὲ
1055 2987 1113 3018 pro
1226 2977 1398 3007 ‚Fortasse
1422 2972 1687 3016 ἀφερωτώμενος.

372 3022 418 3068 μή
434 3049 443 3066 ,
467 3025 548 3064 quod
571 3026 640 3056 libri
663 3025 798 3055 retinent.
1203 3020 1235 3054 3.
1259 3022 1344 3053 Libri
1366 3022 1458 3061 vu190
1482 3017 1657 3054 τοσούτων.
