2066 3319
552 173 733 205 PANARH
758 173 841 205 LlB.
861 175 901 206 Π.
927 175 1034 207 ΤΟΜ.
1056 176 1095 208 Π.
1121 176 1252 208 HAER.
1272 176 1395 208 LXVI.
1670 170 1749 210 535

195 251 355 302 mentio,
389 251 455 291 sed
485 252 530 292 de
557 252 745 292 eunuchis
774 253 961 294 duntaxat
981 254 1212 295 instituitur.
1265 254 1413 296 Verum
1437 262 1477 295 ut
1502 255 1574 296 hoc
1596 256 1748 306 demus,

194 319 239 358 ad
267 318 389 373 ipsius
424 320 639 359 doctrinam
665 319 807 360 dictum
836 321 926 361 illud
960 330 1161 376 spectare:
1208 325 1293 362 Nam
1319 338 1443 362 omnes
1468 328 1641 376 capiunt,
1680 325 1752 378 igi-

196 393 257 426 tur
283 386 314 426 si
342 401 417 427 non
441 387 621 442 capiunt,
655 401 706 428 ex
733 388 887 443 propria
915 390 1031 429 animi
1054 380 1350 430 sententianon
1377 392 1549 445 capiunt.
1615 390 1750 444 Quare

193 453 304 494 laude
336 461 403 494 aut
435 455 630 509 vituperio
660 456 763 510 digni
793 470 843 496 ex
872 458 1082 497 voluntatis
1115 472 1208 497 suae
1242 457 1422 497 libertate
1446 459 1647 509 (licentur,
1683 473 1750 499 ne-

193 535 266 576 que
296 536 348 562 ex
368 529 504 563 natura
531 523 727 577 capacitas
753 524 815 564 illa
841 525 1005 578 petenda
1032 526 1173 575 l'uerit3
1207 525 1349 579 alioqui
1375 526 1462 578 quid
1487 526 1749 579 praedicanda

192 590 367 630 doctrina
398 605 465 630 sua
494 591 727 645 proliceret?
790 591 937 632 Verum
967 593 1061 632 nihil
1088 593 1245 632 omnino
1274 592 1391 642 dicit,
1436 594 1747 647 quandoquidem

193 671 270 697 nou
303 658 348 698 ad
375 658 615 709 doctrinam,
661 660 727 699 sed
761 660 805 699 ad
837 661 1032 714 spadones
1064 660 1272 700 salvatoris
1306 660 1367 699 ille
1398 673 1528 700 sermo
1563 661 1748 715 pertinet.

191 725 252 765 Ac
279 726 433 766 tametsi
465 727 510 766 de
535 727 709 766 doctrina
746 728 995 781 loqueretur,
1042 741 1118 767 non
1156 735 1282 767 tamen
1318 735 1422 768 stare
1455 736 1589 782 posset
1616 727 1746 768 Mani-

190 792 299 833 chaei
326 794 442 834 ratio.
508 794 665 835 Atenitn
688 794 971 845 Manichacus,
1007 793 1210 846 Noverat,
1246 795 1388 849 inquit,
1425 803 1598 835 nostros.
1656 799 1749 836 Oves

189 865 284 901 enim
315 877 416 901 meae
445 871 677 914 cognoscunt
703 878 779 910 me,
815 871 851 901 e!
871 877 1055 913 cognosco
1081 878 1165 902 ores
1189 878 1300 902 meas,
1369 861 1446 902 Sed
1477 863 1617 916 ubique
1639 877 1748 903 men-

189 929 296 970 titur.
361 929 466 970 Nam
500 944 585 970 cum
615 945 664 970 ex
691 945 824 970 eorum
850 943 1035 981 numer0,
1071 931 1133 984 qui
1163 938 1239 970 tum
1268 931 1319 970 illi
1348 930 1601 984 disputationi
1634 945 1746 985 prae-

188 1004 321 1038 sentes
353 999 539 1048 aderant,
584 998 801 1053 quempiam
834 998 953 1038 vellet
986 1012 1055 1053 per
1089 998 1339 1038 ambitionem
1377 1011 1421 1037 ac
1447 998 1651 1037 blanditias
1688 1012 1750 1037 ra-

189 1079 306 1120 pere,
351 1066 569 1107 istiusmodi
607 1066 768 1107 vocibus
803 1074 863 1106 est.
899 1080 1014 1116 usus,
1061 1080 1105 1106 ac
1141 1066 1247 1106 velut
1284 1080 1415 1106 escam
1453 1073 1490 1106 et
1525 1066 1750 1106 illecebram

189 1134 383 1189 aspersit,
429 1141 470 1174 ut
501 1134 570 1174 hac
605 1134 658 1174 illi
688 1134 911 1174 adulatione
945 1135 990 1174 ad
1028 1133 1113 1174 eius
1141 1148 1184 1174 se
1211 1134 1441 1174 societatem
1466 1141 1748 1187 aggregarent,

188 1209 230 1242 ut
255 1216 341 1242 cum
365 1203 533 1242 adiuncti
559 1209 716 1252 essent,
750 1203 910 1255 gloriari
938 1216 982 1243 ac
1002 1202 1148 1242 iactare
1173 1208 1308 1256 posset
1334 1215 1376 1242 se
1400 1201 1505 1251 illos,
1540 1208 1749 1255 antequam

188 1271 235 1310 ad
257 1284 300 1309 sc
324 1271 520 1322 venirent,
556 1270 736 1324 cognitos
763 1270 962 1310 habuisse.
1012 1268 1091 1310 Sed
1119 1270 1219 1309 idem
1246 1269 1298 1309 illi
1321 1269 1486 1323 contigit
1511 1269 1611 1323 quod
1630 1269 1751 1324 Apol-

190 1338 257 1378 lini
283 1339 381 1388 vati,
417 1338 506 1392 qui,
554 1346 593 1378 ut
620 1345 679 1378 est
705 1339 742 1378 in
772 1338 1015 1379 Graecorum
1043 1338 1182 1378 fabulis
1209 1352 1293 1377 cum
1327 1338 1413 1378 aliis
1440 1339 1567 1378 futura
1598 1337 1752 1391 praedi-

188 1413 318 1457 ceret,
353 1407 426 1446 sibi
455 1406 526 1461 ipsi
553 1421 627 1446 non
659 1406 895 1461 praesagiit,
930 1406 998 1447 sed
1021 1420 1092 1446 suo
1118 1404 1238 1460 ipsius
1260 1406 1421 1446 oraculo
1447 1405 1646 1446 fraudatus
1673 1411 1749 1455 est,

188 1489 273 1515 cum
302 1474 448 1515 scilicet
479 1473 665 1529 Daphnes
688 1488 821 1514 amore
848 1474 1018 1527 flagrans
1041 1473 1088 1513 ob
1120 1474 1202 1514 eius
1229 1474 1448 1514 castitatem
1479 1488 1637 1528 compos
1660 1488 1750 1515 esse

189 1557 264 1582 non
295 1543 434 1596 potuit.
503 1540 559 1582 lta
593 1541 852 1582 Manichacus
888 1556 973 1582 cum
1003 1555 1045 1581 se
1075 1556 1168 1581 suos
1205 1554 1322 1580 nosse
1356 1541 1662 1592 vaticinaretur,
1706 1555 1750 1582 ac

187 1608 367 1651 Marcelli
397 1609 577 1664 captandi
607 1610 732 1663 gratia
759 1611 957 1658 venisset,
1002 1624 1072 1650 sua
1102 1610 1206 1649 illum
1242 1610 1427 1649 frustrata
1456 1609 1645 1649 divinatio
1672 1616 1747 1650 est.

187 1677 291 1719 Nam
315 1692 440 1732 neque
459 1676 665 1728 Marcelle,
692 1691 817 1732 neque
843 1677 953 1717 alteri
983 1677 1160 1731 cuiquam
1188 1691 1256 1732 per
1278 1677 1369 1717 illud
1393 1683 1545 1732 tempus
1570 1678 1749 1731 dogmata

187 1761 256 1787 sua
289 1746 454 1801 probare
489 1747 625 1801 potuit.

301 1813 539 1863 Praeterea,
574 1813 726 1864 Nemo,
762 1814 888 1868 inquit
919 1813 1006 1864 ille,
1050 1813 1187 1868 priscis
1216 1812 1457 1867 temporibus
1484 1812 1648 1853 salutem
1682 1812 1749 1852 ad-

189 1891 300 1939 eptus
330 1890 413 1933 est,
460 1883 534 1923 nisi
571 1883 616 1922 ab
642 1897 746 1922 anno
770 1883 919 1922 decimo
945 1881 1078 1936 quinto
1107 1881 1261 1921 Tiberii
1289 1878 1475 1921 Caesaris
1506 1881 1551 1921 ad
1579 1887 1747 1920 aetatem

189 1965 312 2006 usque
335 1965 442 1991 suam
459 1983 468 2000 ,
504 1965 602 2005 quae
631 1951 667 1990 in
692 1949 809 1990 Probi
837 1957 876 1989 et
901 1949 1166 1990 antecessoris
1194 1949 1398 1990 Aureliani
1424 1948 1629 2004 imperinm
1655 1947 1751 1988 inei-

188 2021 264 2071 dit,
299 2020 370 2060 sub
398 2019 536 2074 quibus
562 2018 820 2059 Manichacus
849 2018 964 2058 vixit.
1031 2015 1072 2058 In
1109 2019 1190 2072 quo'
1215 2032 1353 2058 rursus
1380 2017 1650 2072 explodendus
1682 2030 1749 2057 ve-

188 2088 264 2138 nit,
299 2103 384 2128 cum
412 2088 458 2127 (le
489 2087 619 2127 multis
646 2087 735 2126 olim
761 2087 925 2126 salutem
952 2086 1145 2126 assecutis
1181 2093 1254 2126 tam
1283 2086 1478 2139 evangelii
1508 2099 1622 2139 quam
1656 2099 1749 2139 apo-

186 2157 374 2197 stolorum
402 2155 548 2211 scripta
571 2155 842 2206 meminerint3
887 2155 965 2195 imo
988 2163 1025 2195 et
1052 2154 1230 2195 (lominus
1261 2155 1365 2209 ipsc,
1406 2157 1651 2206 Iteqm'retm',
1688 2153 1746 2192 in-

187 2225 291 2280 quit,
325 2227 371 2264 ab
399 2227 469 2263 hae
487 2227 734 2275 generatione
762 2228 920 2275 sanguis
954 2227 1072 2262 onnn‘s
1095 2227 1238 2270 iustus,
1275 2226 1343 2275 (μή
1362 2224 1508 2277 ellicsns
1531 2229 1588 2260 est
1609 2235 1632 2259 a
1659 2235 1748 2260 san-

183 2297 302 2345 guine
326 2295 430 2333 Abel
449 2296 559 2338 lumi,
597 2307 712 2344 usquc
736 2295 786 2330 ml
806 2295 1026 2343 sanguinem
1049 2294 1285 2338 Zachariae,
1321 2294 1389 2343 qui
1407 2292 1552 2345 efflans
1573 2296 1631 2327 est
1650 2292 1749 2327 inter

188 2364 360 2413 templum
395 2369 431 2399 el
464 2363 600 2399 altare.
666 2358 851 2400 Potuitne
888 2361 1013 2400 iustus
1041 2360 1142 2400 Abel
1176 2367 1241 2400 aut
1266 2358 1481 2399 Zacharias
1515 2370 1625 2407 esse,
1673 2355 1746 2397 nisi

188 2431 263 2469 iani
291 2437 368 2469 tum
406 2429 512 2468 salus
545 2428 762 2483 comparari
798 2427 1013 2483 potuisset,
1057 2442 1220 2482 eamque
1254 2428 1361 2480 leges
1396 2440 1441 2466 ac
1471 2425 1746 2480 prophetarum

1786 795 1892 822 loann.

1786 831 1828 863 10,
1851 830 1893 857 1⁴.

1799 1828 1877 1869 Cap.

1775 1872 1937 1905 LXXIX.

1780 2159 1893 2188 Matth.

1785 2195 1830 2229 23,
1851 2196 1893 2224 36.

189 2497 378 2538 beneficio
403 2497 620 2537 tribueret?
662 2494 878 2551 Propterea
901 2496 1085 2551 scriptum
1114 2503 1195 2545 est,
1230 2499 1413 2546 Regnavit
1435 2509 1534 2533 mors
1559 2496 1606 2533 ab
1619 2497 1744 2534 Adam
1765 2510 1891 2543 uom.5‚
1914 2508 1953 2535 ιι.

189 2581 304 2618 nsque
325 2569 375 2605 ad
400 2570 588 2616 Jloysem,
638 2571 677 2604 ut
704 2565 898 2619 intelligas
935 2579 1157 2620 repressam
1193 2564 1231 2604 in
1260 2561 1404 2617 Moyse
1439 2569 1602 2602 mortem
1637 2575 1743 2611 esse,

189 2649 265 2675 non
293 2634 451 2674 omnino
480 2633 724 2674 restinctam.
760 2632 1009 2688 Expectabat
1035 2633 1173 2687 quippe
1195 2639 1550 2671 consummatorem
1577 2630 1749 2671 omnium

191 2701 343 2753 lesum,
388 2703 512 2742 donec
540 2716 607 2756 pro
643 2701 809 2742 humano
846 2716 935 2742 sese
970 2715 1116 2756 genere
1152 2707 1290 2755 sponte
1323 2699 1518 2749 traderet,
1562 2706 1677 2752 atque
1710 2704 1750 2737 et

189 2808 223 2838 m
241 2805 376 2838 animas.
415 2807 453 2837 At
474 2807 506 2837 in
525 2808 652 2844 utroque
676 2806 756 2836 edito
777 2808 861 2836 extat
879 2805 943 2844 ῴυ-
990 2814 1028 2835 ea·
1051 2805 1138 2835 libris
1173 2813 1269 2834 marm
1301 2804 1448 2834 exaratis.
1499 2803 1534 2834 1η
1558 2802 1646 2833 editis
1668 2801 1749 2832 male

189 2849 262 2894 χὴν.
990 2853 1033 2881 est
1058 2845 1180 2882 αὐτῶν.

234 2895 265 2929 6.
291 2893 383 2940 αὐτῷ
409 2897 500 2928 codd.
524 2906 597 2928 mss.
619 2899 645 2927 et.
675 2897 722 2927 ed.
743 2906 790 2936 pr.
841 2891 944 2928 αὐτοῦ
1037 2896 1069 2925 ”.’.
1095 2895 1267 2926 Articulum
1291 2891 1316 2935 ἡ
1340 2895 1457 2925 restitui
1479 2902 1518 2925 ex
1543 2894 1629 2923 libris
1650 2901 1722 2923 mss.

191 2943 237 2973 ed.
266 2944 371 2974 Petav.
1038 2938 1068 2969 3.
1095 2936 1253 2972 eluendae:
1275 2940 1321 2970 ed.
1345 2941 1443 2978 princ.

239 2986 304 3017 Ciu¹
328 2987 491 3019 LXXIX.
524 3006 565 3010 —
623 2987 647 3018 l.
674 2983 775 3019 αὐτοῦ
802 2988 945 3019 revocavi
1038 2982 1069 3016 lt.
1096 2986 1246 3024 Suspicor
1273 2982 1384 3018 αὑτὸν.
1434 2985 1543 3016 Vocem
1577 2978 1656 3017 ὅταν
1691 2983 1745 3014 de-
