2066 3319
494 194 675 226 PANAau
700 194 782 226 ΜΒ.
801 195 843 226 11.
867 194 976 226 Tou.
995 195 1018 226 1.
1044 194 1322 226 HAER.LV111.‘
1596 185 1674 225 169
1716 229 1719 232 ,

251 273 328 316 Sed
355 275 490 315 horum
513 273 680 327 insignis
704 273 890 328 quaedam
916 281 976 313 est
996 274 1173 314 stultitia.
1235 272 1337 313 Nam
1365 272 1395 313 si
1420 272 1509 314 iilud
1534 272 1674 328 exequi

1705 280 1782 323 Cap.
1812 282 1853 312 ll.

135 343 271 385 volunt
294 343 392 397 quod
420 350 479 383 est
502 343 539 382 in
564 342 769 395 evangelio
792 342 1001 397 scriptum:
1036 346 1083 382 δι’
1096 345 1414 381 scandalizaverit
1437 350 1471 381 le
1491 344 1606 381 ullum
1631 357 1679 381 ea:
1690 346 1883 379 Matth.1e,e.

135 412 307 452 membris
332 414 427 458 tuis,
470 412 644 450 abscinde
675 412 742 449 abs
773 419 829 449 le.-
872 414 1021 462 espedae'l
1051 415 1145 450 enim
1182 412 1252 449 tibi·
1277 414 1423 449 intrare
1452 414 1489 450 in
1521 426 1677 462 regnum

134 482 320 520 coelorum
349 481 543 526 claudum,
578 487 644 518 auc
674 494 863 526 maneum,
898 488 965 518 aut
991 495 1142 518 carrum
1170 486 1260 526 ele„
1297 479 1488 532 quomodo
1516 494 1677 533 regnum

135 548 330 589 coelorum
355 548 505 602 ingredi
530 548 686 587 mutilus
706 547 894 602 quispiam
920 549 1074 602 potest?
1111 546 1214 587 Nam
1241 546 1271 586 si
1294 547 1491 587 coelorum
1517 562 1678 602 regnum

135 618 306 672 perfecta
340 616 476 656 babeat
503 615 656 666 omnia,
692 615 785 655 nihil
812 616 847 655 in
876 630 919 655 se
944 616 1057 656 babet
1080 616 1363 670 imperfectum.
1428 614 1560 669 ltaque
1593 631 1677 656 eum

134 684 331 726 hominum
354 698 519 739 corpora
545 691 775 738 resurgent,
812 683 995 723 universa
1022 683 1135 723 simul
1162 683 1334 723 membra
1360 692 1589 737 resurgent,
1624 685 1680 724 sic

134 760 327 794 uteorum
353 752 496 793 nullum
522 753 673 806 penitus
696 752 952 806 relinquatur.
1011 752 1070 791 Ac
1091 752 1123 791 si
1147 751 1303 791 omnino
1328 765 1534 805 resurgere
1562 767 1680 792 mem-

134 822 243 862 brum
270 821 422 876 aliquod
449 834 653 874 negemus,
688 834 736 860 ne
761 827 881 860 totum
905 820 1056 874 quidem
1082 834 1223 875 eorpus
1247 827 1443 873 resurget.
1508 819 1621 873 Quod
1649 822 1680 861 si

133 889 346 930 membrum
380 889 471 929 illud
505 903 649 938 unum,
683 889 782 943 quod
813 889 1081 939 scandalizat,
1116 889 1409 943 relinquendum
1435 888 1507 939 sit,
1542 903 1680 929 conse-

134 972 256 1013 quens
279 965 337 998 est
360 958 503 998 nullum
527 965 567 997 ut
592 971 752 1012 prorsus
776 957 1035 1011 relinquatur.
1082 956 1237 997 Etenim
1259 957 1430 997 membra
1455 972 1526 998 nos
1552 958 1680 997 omnia

134 1026 518 1068 scandalizaverunt.
581 1023 680 1079 Quis
707 1033 835 1066 autem
870 1033 930 1066 est
956 1025 1016 1080 qui
1046 1040 1115 1066 cor
1142 1040 1253 1066 suum
1285 1026 1321 1066 iu
1357 1026 1535 1067 omnibus
1569 1041 1682 1067 seau-

135 1095 258 1136 datum
286 1094 474 1135 obiiciens
507 1094 679 1134 avellere
707 1101 821 1148 atque
847 1101 1047 1149 amputare
1072 1095 1222 1149 possit?
1282 1093 1459 1150 Quippe,
1494 1098 1557 1134 Ex
1589 1099 1682 1135 inle-

135 1165 324 1211 riorz'bus,
362 1163 508 1218 inquit,
543 1171 683 1202 erezml
693 1166 994 1217 sotw'calz'oneS,
1029 1166 1239 1211 adulteria,
1276 1165 1461 1211 libidines,
1497 1172 1534 1203 el
1558 1167 1598 1203 id
1616 1179 1683 1216 ge-

133 1248 204 1273 nus
234 1241 372 1272 cetera.
440 1231 583 1286 Ecquis
614 1232 732 1286 igitur
756 1247 824 1272 cor
848 1247 958 1273 suum
985 1232 1213 1287 abrumpet?
1273 1233 1333 1273 Ac
1359 1232 1416 1282 si,
1454 1241 1493 1272 ut
1518 1233 1682 1273 nonnul-

79 1339 82 1341 .
134 1302 258 1342 lorum
286 1302 362 1342 sert
385 1301 565 1356 impietas
596 1308 631 1340 et
660 1301 851 1352 amentia,
886 1315 1027 1356 eorpus
1056 1301 1212 1341 minime
1248 1302 1442 1355 resurgit,
1476 1302 1563 1356 quid
1597 1309 1682 1342 tan-

135 1371 220 1411 dem
259 1377 391 1410 nostra
426 1371 570 1419 refert,
617 1370 716 1424 quod
754 1369 800 1409 ab
837 1369 911 1410 illis
948 1370 1164 1410 asseritur?
1226 1367 1326 1410 Cum
1363 1371 1464 1410 enini
1501 1371 1683 1411 universa

135 1439 308 1479 membra
342 1439 514 1478 coeleste
543 1453 703 1491 regnum
739 1438 894 1478 minime
927 1438 1077 1492 ingredi
1107 1438 1281 1493 possint,
1316 1439 1403 1492 quid
1435 1440 1574 1479 attinet
1606 1455 1681 1481 uno

135 1508 260 1548 sotum
297 1507 464 1547 mutilari
500 1507 698 1557 membro,
744 1521 828 1547 cum
862 1507 897 1546 id
934 1507 1008 1547 alia
1038 1521 1278 1561 nequaquam
1313 1507 1540 1562 perficiant?
1600 1507 1681 1548 lam

138 1591 231 1617 vero
257 1576 289 1617 si
313 1590 454 1629 corpus
479 1574 674 1616 excitatur
705 1575 779 1629 <uti
807 1589 898 1615 vere
921 1575 1100 1627 accidit),
1137 1582 1246 1616 estne
1272 1582 1310 1615 ut
1342 1576 1378 1615 in
1404 1590 1527 1629 regno
1553 1577 1683 1617 coelo-

138 1659 222 1685 rum
251 1659 428 1685 mancum
460 1644 600 1698 aliquid
626 1644 672 1683 sit
701 1651 765 1684 aut
797 1644 996 1684 mutilum?
1056 1642 1201 1684 Nonne
1235 1644 1355 1699 turpis
1383 1646 1568 1698 quaedam
1594 1660 1684 1686 eoe-

137 1714 246 1754 lestis
282 1714 382 1754 iliius
412 1713 521 1767 regni
554 1714 682 1753 sutura
714 1713 866 1767 speeies
892 1719 975 1762 est,
1011 1712 1042 1751 si
1071 1720 1246 1752 truncata
1279 1713 1448 1753 membra
1474 1714 1519 1753 ad
1544 1714 1685 1769 sempi-

139 1789 288 1823 ternam
325 1782 427 1822 iiiam
466 1782 630 1835 gloriam
666 1781 944 1821 admittantur?
1009 1779 1221 1821 Praeterea
1259 1782 1291 1822 si
1329 1783 1542 1823 membrum
1574 1781 1682 1832 illud,

139 1852 240 1906 quod
274 1851 495 1892 scandalum
533 1850 714 1905 praebet,
749 1849 963 1890 abscissum
1000 1850 1140 1900 fuerit,
1176 1857 1411 1905 amputatum
1446 1850 1574 1905 utique
1607 1857 1682 1901 est,

139 1934 184 1961 ac
208 1920 370 1976 proinde
393 1933 465 1960 nec
488 1919 678 1974 peccavit.
743 1917 855 1972 Quod
881 1933 965 1958 eum
993 1918 1045 1958 ita
1069 1918 1134 1969 sit,
1170 1919 1333 1974 primum
1358 1919 1527 1959 omnium
1554 1933 1685 1960 resur—

138 2002 232 2043 gere
264 1989 388 2043 ipsum
421 1994 596 2043 oportet,
632 1987 731 2041 quod
764 1987 920 2027 minime
951 1987 1189 2042 peccaverit.

255 2056 403 2098 Verum
429 2056 661 2110 quicumque
691 2055 736 2095 ad
767 2055 838 2096 hoc
872 2057 1170 2110 perpetrandum
1200 2056 1350 2097 facinus
1380 2056 1545 2111 prompti
1577 2064 1684 2108 sunt,

139 2133 178 2167 et
209 2126 401 2173 audaces,
437 2125 482 2166 ab
511 2125 614 2164 omni
641 2138 788 2178 genere
819 2123 1014 2165 hominum
1047 2125 1197 2166 alienos
1222 2139 1264 2166 se
1289 2133 1549 2180 extorresque
1583 2126 1686 2166 sece-

140 2201 244 2235 runt.
306 2193 411 2235 Nam
438 2208 562 2248 neque
593 2193 664 2233 viri
690 2199 794 2242 sunt,
830 2200 987 2248 propter
1010 2201 1244 2249 amputatam
1272 2194 1374 2234 illam
1398 2194 1573 2248 corporis
1598 2209 1686 2249 par-

141 2270 242 2313 tem,
278 2277 403 2318 neque
438 2264 629 2312 feminae,
665 2269 905 2317 repugnante
935 2262 1086 2303 seilicet
1120 2270 1281 2303 naturae
1316 2262 1562 2313 conditione,
1597 2277 1686 2303 esse

140 2338 316 2387 possunt.
380 2330 458 2374 Sed
484 2338 519 2372 et
544 2330 762 2371 istiusmodi
789 2331 1011 2372 certaminis
1041 2346 1184 2371 corona
1209 2346 1254 2372 ac
1281 2332 1491 2387 praemium
1519 2332 1686 2386 appella-

141 2400 246 2441 tione
267 2401 370 2441 nulla
399 2400 548 2455 concipi
575 2406 717 2454 potest.
778 2397 979 2453 Siquidem
1005 2414 1055 2441 ex
1083 2400 1205 2440 tribus
1230 2401 1442 2455 spadonum
1467 2400 1683 2452 ordinibus,

140 2484 237 2524 quos
266 2469 444 2509 dominus
471 2468 685 2518 recensuit,
720 2468 764 2508 ad
791 2468 935 2509 nullum
960 2469 1117 2509 omnino
1147 2469 1324 2509 revocari
1350 2476 1526 2523 possunt.
1588 2472 1686 2509 Sunt

140 2542 249 2586 enlm,
285 2538 422 2592 inquit,
456 2540 630 2585 ezmuelee',
667 2540 735 2590 qui
750 2553 798 2576 eat
820 2546 947 2577 venlre
972 2542 1104 2577 mulmis
1124 2553 1215 2577 seme
1235 2542 1320 2577 παίί
1338 2546 1438 2576 smil.
1505 2537 1563 2578 liii
1589 2552 1684 2578 vero

141 2606 283 2648 nullam
308 2606 556 2647 castrationis
580 2620 675 2646 suae
699 2606 847 2661 eulpam
872 2607 1090 2657 sustinent,
1126 2621 1249 2661 neque
1272 2606 1348 2646 utto
1374 2620 1416 2646 se
1439 2607 1589 2647 scelere
1617 2607 1683 2647 ob-

141 2675 411 2722 strinxerunt,
447 2689 492 2716 eo
519 2676 618 2729 quod
643 2675 697 2714 ita
721 2675 758 2714 in
784 2675 906 2716 lucem
933 2675 1162 2729 prodierint.
1227 2673 1305 2715 Sed
1335 2689 1459 2730 neque
1486 2683 1685 2729 peccatum

141 2743 258 2784 ulium
282 2743 486 2784 admittere
509 2751 686 2799 possunt,
717 2744 815 2798 quod
839 2745 884 2784 ad
909 2758 988 2784 rem
1013 2744 1164 2798 quidem
1185 2757 1393 2783 veneream
1416 2743 1570 2793 attinet,
1599 2759 1684 2784 eum

142 2812 325 2852 membris
348 2812 424 2852 iltis
449 2820 607 2853 careant
636 2827 733 2867 quae
756 2813 802 2853 ad
825 2813 970 2853 sobolis
996 2812 1313 2867 propagationem
1341 2826 1360 2851 a
1386 2813 1457 2853 deo
1481 2820 1570 2853 suut
1592 2827 1685 2853 con-

144 2881 236 2921 dita.
300 2878 471 2935 Ideoque
504 2882 648 2922 nullum
683 2895 733 2922 ex
768 2896 812 2922 ea
845 2882 1079 2922 castratione
1112 2880 1221 2933 regni
1258 2880 1440 2922 eoelestis
1471 2880 1683 2936 praemium

144 2988 359 3014 teverterunt.
409 2986 444 3016 Si
466 2994 547 3016 sana
567 2987 723 3024 scriptura
743 2989 807 3024 est,
838 2994 891 3016 τιε-
937 2990 1062 3015 temere
1089 2989 1282 3025 occupatum
1311 2994 1389 3015 esse.

143 3037 220 3059 cesse
241 3032 282 3059 est
302 3030 477 3073 wokozsssetv
499 3031 553 3062 hoc
575 3032 639 3063 loco
660 3033 892 3070 interpretemur
983 3032 1014 3060 2.
1040 3030 1166 3060 Mallem
1191 3027 1369 3071 βασιλείαν.

1702 1096 1812 1123 Mauh,

1720 1131 1760 1161 15,
1780 1132 1817 1157 tu.

1714 2060 1793 2103 Cap.
1817 2061 1871 2092 111.

1710 2471 1821 2499 Matth.

1712 2507 1754 2539 19,
1774 2508 1814 2534 12.
