2066 3319
508 225 686 256 PANAan
711 225 794 256 Lm.
812 224 850 255 n.
875 224 979 256 Toxi.
1004 226 1026 255 ι.
1053 224 1181 255 naen.
1200 225 1252 255 LI.
1590 214 1644 253 97

118 307 178 347 die
203 305 410 359 legitimum
435 310 584 358 tempus
609 303 887 358 praetergressi
922 310 1032 353 sunt,
1068 310 1109 343 ut
1132 310 1220 343 ante
1253 303 1434 344 diximus.
1497 300 1642 357 Super-

118 381 207 414 sunt
230 373 331 413 enim
358 386 408 412 ex
430 372 579 412 illorum
607 371 819 411 ratiociniis
850 371 966 410 liorae
990 371 1133 424 aliquot
1156 372 1410 425 appendices,
1445 384 1541 425 quae
1567 377 1643 410 ter-

118 443 169 482 tio
203 454 352 496 quoque
380 454 481 480 anno
516 440 589 479 diei
621 440 716 494 apud
752 439 836 479 illos
868 439 979 479 unius
1011 439 1214 478 discrimen
1247 440 1428 479 allerunt.
1492 438 1643 493 Quippe

117 509 287 549 lunarem
319 510 363 548 ad
391 509 540 548 modum
566 515 721 562 praeter
746 505 950 547 CCCLIV
977 507 1079 556 dics,
1115 507 1229 546 horas
1255 507 1412 560 insuper
1438 515 1644 560 quaternas

117 577 321 626 adiiciunt,
356 591 453 630 quae
486 576 648 630 singulis
676 576 852 615 trienniis
879 574 976 614 diem
1010 575 1198 628 integrum
1233 575 1454 614 coniiciunt.
1517 573 1577 615 Ob
1609 575 1644 614 id

119 645 208 685 anni
232 643 331 685 XIV
359 658 513 685 meuses
543 644 736 698 postulant
768 644 1017 682 intercalares
1047 641 1097 692 V,
1132 656 1177 681 eo
1202 643 1299 695 qnod
1324 643 1368 681 de
1392 643 1484 682 solis
1516 657 1647 693 cursu,

119 714 181 767 qui
218 720 275 753 est
311 713 455 752 dierum
485 710 714 753 CCCLXV
749 725 831 751 cum
867 711 970 750 horis
999 708 1076 759 III,
1111 724 1224 749 unam
1258 709 1388 749 horam
1422 711 1647 762 decerpunt.

119 780 222 821 Nam
257 781 361 820 horis
399 781 537 820 additis
572 781 664 821 liunt
698 780 834 819 deinde
863 775 1091 818 CCCLXV
1131 778 1232 825 dies,
1277 792 1351 817 una
1385 778 1475 817 liora
1508 779 1648 818 minus.

119 847 229 890 Unde
257 849 307 889 illi
332 848 430 889 XIV
455 849 564 889 annis
588 849 720 889 sexies
747 847 1030 901 multiplicatis,
1065 853 1104 885 ut
1130 843 1355 886 LXXXIV
1378 845 1464 884 anni
1490 860 1651 885 consur-

120 925 226 971 gant,
253 932 354 957 auno
374 915 596 957 LXXXV.
621 929 791 955 mensem
818 929 932 955 unum
958 914 1201 964 intercalant,
1227 928 1300 967 quo
1326 914 1363 953 lit
1387 921 1425 953 ut
1447 912 1651 954 LXXXV

121 986 209 1026 anni
236 984 382 1025 XXXI
409 999 562 1025 menses
586 983 839 1033 exhauriant,
875 998 957 1023 cum
987 990 1164 1022 accurata
1190 982 1286 1022 ratio
1313 989 1468 1037 praeter
1498 995 1652 1022 meuses

120 1051 272 1105 XXX,
305 1053 386 1094 dies
419 1061 620 1108 praeterea
646 1050 790 1093 XXIV
822 1066 865 1092 ac
898 1059 976 1091 tres
1009 1051 1124 1091 horas
1158 1051 1343 1104 requirat.

230 1256 342 1313 Quae
366 1273 450 1299 eum
474 1259 548 1299 illis
571 1257 774 1298 aberrandi
797 1271 931 1298 caussa
958 1256 1108 1306 suisset,
1145 1270 1218 1296 non
1247 1256 1359 1295 modo
1383 1256 1652 1310 perturbantes

122 1329 250 1368 omnia
277 1327 390 1367 biduo
418 1327 628 1380 legitimum
654 1325 852 1366 Pascliatis
877 1333 1024 1380 tempus
1051 1331 1368 1374 anteverterunt,
1409 1325 1475 1365 sed
1508 1332 1544 1364 et
1579 1340 1653 1365 uno

122 1397 282 1450 insuper
306 1395 366 1435 die
390 1395 670 1450 praetergressi
696 1395 843 1448 magnis
867 1408 909 1434 se
934 1394 1130 1433 erroribus
1156 1393 1416 1447 implicarunt.
1481 1392 1558 1434 Sed
1587 1408 1654 1434 ve-

123 1465 248 1505 ritatis
274 1464 436 1518 sapienti
459 1465 617 1518 quadam
641 1464 905 1503 moderatione
931 1464 1068 1502 factum
1096 1469 1170 1511 est,
1205 1468 1244 1501 ut
1268 1476 1376 1515 quam
1403 1462 1654 1503 exactissima

124 1533 167 1572 ad
191 1533 353 1573 salutem
380 1540 549 1572 nostram
577 1533 820 1572 reserrentur
844 1530 1040 1570 universa.
1095 1527 1227 1582 Quare
1250 1537 1335 1583 post
1362 1536 1555 1583 peractum
1580 1529 1655 1570 Pa—

123 1601 212 1641 scha
243 1598 422 1641 Christus
448 1600 484 1639 in
510 1608 678 1640 montem
712 1599 897 1649 secessit,
932 1613 1016 1638 eum
1044 1598 1114 1637 hoc
1141 1597 1263 1652 ipsum
1286 1596 1435 1638 Pascha
1466 1599 1656 1638 comedis-

124 1677 184 1709 set
206 1669 305 1723 quod
333 1668 524 1708 desiderio
549 1668 793 1708 desiderasse
819 1681 860 1706 se
888 1668 992 1706 dicit.
1055 1664 1223 1706 Proinde
1251 1665 1399 1706 Pascha
1428 1666 1504 1706 illic
1530 1665 1654 1707 Iudai-

123 1752 210 1778 cum
245 1751 328 1776 cum
361 1736 555 1791 discipulis
587 1737 774 1785 comedit3
810 1749 880 1775 nec
908 1735 1019 1774 aliter
1043 1735 1142 1774 istud
1174 1734 1250 1787 egit
1284 1735 1388 1789 ipse,
1422 1736 1488 1774 sed
1521 1737 1653 1776 eodeni

1709 1251 1751 1282 Ca
1781 1276 1787 1282 .

1678 1296 1821 1329 XXVII.

1673 1676 1743 1705 Luc.
1757 1678 1800 1714 22,
1816 1679 1856 1707 15.

125 1819 284 1860 prorsus
316 1806 428 1845 modo
455 1819 527 1858 quo
554 1812 590 1844 et
623 1805 674 1844 illi
703 1804 1000 1858 praestiterunt,
1041 1810 1082 1842 ut
1116 1816 1162 1842 ne
1197 1803 1319 1856 legem
1347 1803 1543 1854 solveret,
1584 1805 1650 1845 scd
1666 1814 1857 1853 Matth.5‚171.

124 1874 364 1928 adimpleret.
411 1871 484 1912 Hic
505 1872 633 1926 itaque
655 1887 738 1912 cum
762 1871 955 1912 tricesimo
980 1885 1080 1910 anno
1106 1870 1178 1910 iam
1204 1871 1335 1925 elapso
1358 1872 1402 1910 ad
1426 1871 1655 1927 baptismum

125 1942 380 1991 accessisset,
413 1955 457 1980 ac
480 1949 566 1996 post
588 1941 749 1981 eundem
775 1939 1032 1988 tricesimum,
1067 1939 1228 1979 solidum
1250 1939 1353 1979 illum
1380 1940 1654 1995 acceptabilem

124 2010 322 2066 implesset
355 2024 519 2059 anuum,
562 2009 849 2049 contradicente
887 2008 1061 2058 nemine,
1105 2021 1195 2048 mox
1233 2007 1395 2047 alterum
1427 2009 1652 2061 addidisset,

125 2094 200 2134 quo
227 2088 266 2119 et
297 2084 557 2131 repugnantes
584 2076 745 2117 Iudaeos
770 2083 954 2131 expertus
980 2082 1039 2116 est
1071 2083 1109 2116 et
1134 2090 1265 2116 eorum
1293 2076 1566 2118 vexationibus
1598 2085 1654 2118 at-

126 2162 199 2202 que
224 2147 367 2187 invidia
392 2146 591 2201 plurimum
620 2153 678 2186 est
704 2145 948 2199 exagitatus,
980 2158 1024 2184 ac
1048 2151 1250 2199 practerea
1274 2145 1426 2184 tertium
1449 2145 1523 2185 iam
1548 2146 1655 2187 iniis-

125 2223 185 2257 set
208 2230 347 2257 annum
372 2215 417 2254 ab
440 2228 486 2255 eo
509 2215 569 2254 die
596 2228 669 2268 quo
701 2221 810 2253 natus
835 2219 917 2264 est,
951 2213 1021 2252 hoc
1046 2220 1105 2253 est
1134 2211 1459 2267 Epiplianiorum‚
1495 2228 1590 2267 quae
1616 2215 1653 2254 in

128 2283 200 2325 VI.
234 2282 404 2324 Ianuarii
446 2283 615 2332 mensis,
669 2281 873 2336 Aegyptiis
916 2295 1009 2321 vero
1049 2280 1150 2336 Tybi
1190 2279 1286 2322 XII.
1329 2282 1552 2332 incurrunt,
1608 2283 1654 2322 ad

125 2350 308 2393 LXXIV
340 2365 459 2406 usque
488 2352 591 2401 dies,
626 2351 712 2404 qui,
747 2358 786 2390 ut
817 2350 955 2389 dictum
987 2356 1068 2399 est,
1102 2348 1139 2389 in
1163 2347 1280 2389 XIII.
1307 2347 1393 2390 Cal.
1422 2350 1518 2404 Apr.
1555 2350 1655 2390 desi-

127 2428 245 2471 nunt,
287 2420 350 2474 qui
385 2427 445 2460 est
469 2419 674 2474 Aegyptiis
706 2417 943 2458 Pliamenotli
972 2416 1152 2468 XXIV.,
1193 2417 1285 2467 hoc,
1326 2417 1500 2471 inquam,
1543 2419 1655 2458 modo

126 2487 295 2530 XXXII
321 2488 494 2542 integros
518 2502 640 2527 annos
663 2502 707 2527 ac
732 2487 812 2526 dies
838 2493 1038 2540 praeterea
1061 2484 1242 2526 LXXIV
1267 2486 1313 2525 ab
1340 2484 1563 2539 Epiphaniis
1586 2486 1655 2526 im-

128 2558 260 2612 plevit.
322 2555 561 2597 Resurrexit
596 2569 737 2610 porro,
783 2562 894 2609 prout
928 2554 1112 2610 Aegyptii
1149 2561 1374 2604 numerant,
1414 2551 1653 2594 Pliamenoth

126 2623 308 2676 XXVI.,
342 2626 425 2680 ipso
449 2623 681 2678 aequinoctii
706 2623 788 2672 die,
822 2623 905 2663 sive
928 2621 1004 2663 XI.
1031 2621 1115 2664 Cal.
1141 2623 1238 2677 Apr.
1303 2620 1365 2661 Ex
1398 2636 1471 2675 quo
1503 2621 1653 2662 illorum

128 2693 296 2734 omnium
331 2693 535 2734 manifesta
567 2691 764 2732 mendacia
797 2697 908 2741 sunt,
943 2690 1005 2744 qui
1038 2690 1211 2731 veritatis
1244 2704 1318 2729 non
1351 2697 1440 2729 sunt
1470 2689 1550 2730 filii.

240 2760 388 2802 Horum
421 2761 565 2817 primus
601 2760 710 2801 nobis
740 2758 970 2800 Valentinus
996 2759 1185 2809 occurrit,
1226 2758 1287 2811 qui
1323 2758 1473 2812 quidem
1504 2772 1556 2799 ex
1587 2758 1654 2798 tri-

129 2909 234 2952 liquis)
270 2907 448 2954 ἐμβόλιμον
482 2907 669 2954 ἐμβολίμων
704 2907 758 2942 ἕνα
799 2910 867 2941 cod.
917 2909 1011 2947 Quem
1036 2908 1125 2940 vide,
1149 2908 1175 2937 si
1197 2907 1306 2944 placet.

132 2957 230 2987 renea.
939 2955 991 2984 lt.
1018 2949 1068 2984 καί
1095 2949 1208 2992 ἡμέρα
1233 2950 1290 2983 καὶ
1310 2946 1401 2993 ὥρας
1422 2949 1463 2994 ιγ’
1488 2953 1555 2984 cod.
1583 2954 1654 2983 Ven.

151 3003 204 3032 20.
229 2997 402 3041 τριάκοντα
434 3000 537 3042 μῆνες
560 2999 618 3033 καὶ
647 2999 752 3033 εἴκος’.
779 2996 868 3032 ὀκτώ
962 2997 1036 3027 Car.
1061 2997 1204 3027 XXth.
1229 3015 1273 3020 —
1323 2999 1351 3029 1.
1374 2997 1568 3038 προςὶῒέντες
1591 3007 1656 3029 0⁰²·-

130 3042 254 3088 ἦμέραῑ
298 3047 505 3084 reponendum
556 3048 668 3077 censuit
713 3047 868 3077 Petauius.
916 3045 993 3075 rexit
1017 3044 1173 3074 Perat-ius.

201 3100 315 3134 Corpus
337 3099 513 3126 {taen-esent.
534 3099 570 3126 ll.
589 3100 605 3125 2
1364 3103 1387 3115 ’-

1372 3116 1388 3140 d.

1724 2752 1800 2794 Cap.

1678 2797 1835 2831 XXVIII.
