2066 3319
550 200 732 233 PANARII
757 200 839 233 LIB.
859 201 897 233 11.
922 201 1029 234 ToM.
1046 202 1071 234 1.
1097 201 1226 233 HAER.
1251 201 1338 233 LIII.
1638 195 1715 234 117

173 279 294 321 oculis
316 278 521 320 illecebras
545 279 692 320 obiicit.
742 278 942 334 Siquidem
967 295 1120 321 omnem
1147 281 1200 322 illi
1226 281 1500 322 verecundiam
1528 282 1718 338 deposue-

172 354 275 398 runt,
309 361 405 401 quae
432 347 468 387 in
493 347 672 387 omuibus
697 348 821 388 sacris
845 349 1050 403 scripturis
1075 357 1132 390 est
1159 350 1309 390 laudata
1333 350 1504 404 saepius.
1566 350 1627 390 Ac
1649 364 1716 392 ve-

171 415 322 456 rissime
344 416 382 456 iu
406 414 482 456 illis
503 415 713 470 prophetae
738 416 879 457 dictum
906 417 994 457 illud
1022 418 1226 473 impletur:
1260 421 1359 457 Fons
1383 421 1713 472 merem-ebelvsaeta
1733 425 1817 453 Hier·
1836 425 1862 459 ³,
1881 424 1906 451 ³·

168 492 227 524 est
248 485 334 531 tz'be’,
365 487 545 536 pudorem
571 487 672 536 apen!
704 499 827 524 omnes
854 487 1036 525 abz‘eez'sa.
1103 484 1288 526 Ceterum
1323 494 1409 540 post
1442 488 1545 527 illam
1578 488 1712 529 horam

168 552 262 593 foris
297 566 450 592 rursum
474 560 606 593 vestes
639 553 798 593 induunt
828 561 864 594 e!
891 555 1030 595 Adami
1064 568 1150 594 esse
1180 554 1376 594 desinunt.
1438 554 1580 610 Neque
1611 557 1714 596 enim

165 621 199 661 is
224 621 390 661 vestium
419 621 581 662 subinde
606 621 754 675 copiam
794 622 947 673 babuit,
993 623 1058 663 sed
1098 623 1260 677 primum
1298 623 1391 662 Iit-us
1426 623 1541 674 solia,
1576 625 1714 665 deinde

165 690 347 745 pelliceas
369 689 536 730 tunicas.
601 688 656 730 Ita
683 705 759 731 non
788 691 860 730 nisi
885 691 1001 744 longo
1030 698 1226 746 tempore,
1261 706 1372 744 quam
1399 692 1517 731 creati
1542 693 1710 745 fuerant,

164 758 487 799 vestimentorum
522 773 631 799 nsum
660 758 789 800 divina
823 758 909 799 illos
943 758 1134 814 sapientia
1169 759 1384 814 perdocuit.
1448 758 1712 813 Quamobrem

165 826 269 868 omni
296 827 532 882 explodendi
563 826 728 868 ludibrio
759 834 851 867 sunt
877 827 1054 867 homines
1083 826 1168 878 isti,
1212 826 1275 881 qui
1305 827 1377 868 sibi
1406 827 1543 868 Adami
1580 829 1713 870 condi-

163 895 308 936 tionem
341 895 562 945 vindicant.;
597 895 731 949 inquo
760 895 899 950 partim
926 895 1189 946 mentiuntur,
1223 896 1358 950 partim
1393 910 1488 937 vera
1518 897 1708 938 iactitant.

163 962 277 1018 Quod
303 963 404 1004 enim
433 964 574 1004 Adami
600 978 676 1004 non
702 971 808 1014 sunt,
842 964 988 1014 multis,
1023 971 1063 1004 ut
1089 964 1353 1015 ostendimus,
1389 972 1450 1005 est
1472 966 1711 1020 argumentis

162 1032 432 1088 perspicuumg
467 1032 567 1087 quod
592 1038 720 1073 autem
745 1032 791 1073 ab
813 1032 1045 1087 intelligibili
1065 1040 1247 1087 serpente
1270 1033 1532 1085 ludificentur,
1556 1035 1592 1074 id
1614 1048 1710 1075 vero

162 1115 215 1142 cx
246 1101 426 1142 affectato
457 1100 611 1142 illorum
637 1101 769 1142 habitu
793 1116 838 1142 ae
865 1102 1059 1152 nuditate,
1094 1102 1349 1157 pudendoque
1383 1116 1426 1143 ac
1452 1103 1614 1143 ridendo
1646 1102 1710 1144 illo

159 1170 336 1210 instituto
372 1177 539 1211 constat.
603 1168 820 1210 Enimvero
856 1171 951 1210 tanti
985 1170 1136 1211 illorum
1170 1171 1446 1211 refutationem
1478 1172 1608 1212 Iacere
1640 1172 1709 1212 mi-

159 1238 262 1279 nime
287 1238 486 1280 convenit.
547 1237 690 1293 Neque
710 1239 812 1279 enim
841 1238 981 1279 animal
1004 1239 1120 1290 iliud,
1155 1239 1214 1280 cui
1242 1240 1388 1280 similes
1413 1248 1526 1292 suut,
1561 1241 1709 1283 bellicis

159 1306 346 1348 machinis
373 1314 439 1348 aut
464 1307 676 1349 maioribus
702 1308 819 1348 armis
854 1308 1072 1363 expugnari
1101 1308 1316 1363 confit-ique
1350 1308 1486 1360 debet,
1521 1310 1590 1351 sed
1622 1310 1708 1350 exi-

158 1390 233 1430 gua
264 1376 390 1430 aliqua
415 1376 524 1431 virga
551 1376 792 1432 profligatur.
857 1375 987 1432 Saepe
1017 1377 1133 1417 etiam
1162 1391 1247 1417 eum
1280 1391 1331 1418 ex
1359 1378 1549 1419 foramine
1581 1393 1707 1420 emer-

157 1446 269 1495 serit,
304 1445 335 1485 si
360 1445 501 1486 ibidem
525 1445 751 1486 destitutum
774 1445 904 1497 fuerit,
939 1460 1008 1501 per
1026 1459 1114 1486 sese
1137 1446 1395 1500 extinguitur,
1430 1447 1510 1488 risu
1536 1448 1706 1488 omnium

157 1527 201 1553 ac
227 1513 393 1554 ludibrio
416 1521 598 1555 vexatum
615 1546 625 1566 ‚
660 1528 732 1554 nec
755 1514 917 1569 amplius
937 1515 1156 1569 reperitur,
1192 1522 1443 1570 posteaquam
1466 1516 1523 1556 sic
1548 1516 1704 1557 illusum

158 1583 273 1623 fucrit
307 1597 350 1624 ac
384 1583 556 1624 ludicrae
592 1582 858 1637 occupationis
883 1583 1084 1623 materiem
1116 1583 1354 1639 praebuerit.
1418 1583 1497 1626 Iam
1531 1599 1625 1626 vero
1657 1585 1704 1626 ad

155 1658 307 1693 ceteras
344 1652 650 1693 considerandas
689 1651 874 1692 haereses
909 1651 1077 1693 divinam
1115 1666 1226 1707 opem
1263 1667 1399 1694 rursus
1430 1654 1697 1710 imploremus,

156 1735 230 1774 quo
263 1728 300 1761 et
325 1721 409 1761 illas
432 1721 672 1775 investigare
702 1728 815 1775 atque
841 1727 1023 1762 evertere
1048 1722 1264 1776 possimus,
1299 1729 1338 1762 et
1364 1722 1435 1763 boc
1467 1722 1592 1778 ipsum
1624 1731 1699 1764 tam

154 1788 202 1829 ad
235 1796 408 1830 nostram
441 1804 552 1844 quain
585 1790 631 1830 ad
663 1790 851 1830 lectorum
884 1790 1048 1830 salutem
1081 1791 1291 1831 referatur.

467 1950 868 2000 ADVERSUS
915 1951 1389 2014 SAMPSAEOS‚

541 2032 739 2081 haeresis
774 2033 1019 2093 XXXIII„
1055 2033 1150 2082 sive
1185 2033 1314 2082 LIII.

267 2131 572 2190 Sampsaeorum
595 2135 632 2175 in
663 2149 709 2176 ea
733 2135 896 2189 regione
924 2149 1020 2190 quae
1043 2133 1195 2176 Peraea
1219 2135 1359 2176 dicitur
1379 2135 1554 2177 haeresis
1583 2150 1699 2192 quae-
1725 2147 1803 2192 Cap.
1824 2150 1847 2181 Ι.

152 2203 236 2244 dam
261 2210 343 2254 est,
379 2204 441 2258 qui
466 2210 505 2244 et
530 2203 710 2244 Elcesaei
733 2210 944 2255 vocantur,
978 2204 1024 2244 de
1047 2204 1185 2259 quibus
1207 2204 1244 2245 in
1268 2205 1536 2260 superioribus
1562 2205 1698 2246 baere-

151 2271 258 2312 sibus
281 2272 517 2312 mentionem
546 2273 724 2313 fecimus.
788 2271 838 2312 Hi
863 2272 963 2312 ultra
991 2270 1148 2313 Salsum
1172 2273 1255 2314 sive
1276 2272 1476 2314 Mortuum
1502 2287 1608 2314 mare
1633 2273 1698 2314 ba-

150 2339 275 2381 bitant
307 2340 345 2380 in
374 2339 614 2392 Moabitide,
659 2342 704 2382 ad
741 2348 954 2382 torrentem
985 2341 1150 2393 Arnon,
1192 2348 1231 2382 et
1264 2342 1303 2383 in
1336 2342 1522 2383 ulteriore
1555 2349 1694 2395 tractu,

151 2407 331 2450 lturaeae
358 2423 404 2450 ac
428 2408 666 2462 Nabattide,
701 2411 747 2450 de
771 2425 845 2465 quo
873 2410 1027 2466 saepius
1054 2410 1128 2451 iam
1153 2411 1282 2465 egisse
1311 2425 1371 2451 me
1401 2410 1571 2452 memini.
1634 2410 1696 2453 Ia-

151 2484 257 2518 ctant
281 2478 382 2518 euim
410 2478 463 2519 illi
493 2479 733 2519 conditorem
768 2486 900 2520 sectae
930 2493 1025 2520 suae
1058 2494 1102 2520 ac
1135 2479 1360 2534 magistrum
1387 2478 1596 2522 Elxaeum.
1660 2481 1693 2523 E

151 2547 260 2588 cuius
280 2547 401 2603 stirpe
425 2548 519 2588 duas
540 2548 586 2589 ad
610 2548 682 2589 boc
706 2555 856 2604 tempus
879 2548 1126 2589 mulierculas
1150 2555 1328 2603 tanquam
1353 2549 1445 2589 deas
1464 2549 1692 2602 adorabant,

151 2617 250 2670 quod
274 2630 326 2657 ex
350 2616 555 2658 benedicto
575 2617 725 2658 semiue
753 2624 887 2659 essent
915 2617 1117 2658 oriundae.
1181 2616 1351 2659 Utuntur
1381 2617 1454 2658 boc
1483 2631 1615 2660 eorum
1648 2620 1693 2661 li-

149 2685 220 2725 bro
253 2692 291 2726 et
321 2683 465 2727 Ossaei
495 2694 535 2727 et
560 2684 751 2727 Ebionaci
783 2694 822 2727 et
852 2685 1075 2738 Nazaraei,
1111 2693 1153 2727 ut
1185 2700 1261 2726 non
1291 2686 1411 2727 semel
1441 2695 1556 2729 antea
1587 2688 1688 2741 dixi;

150 2755 217 2796 sed
241 2752 446 2811 Sampsaei
467 2755 711 2811 potissimum
731 2755 797 2797 illo
821 2756 1011 2797 nituntur.
1057 2754 1134 2809 Qui
1155 2769 1240 2795 cum
1267 2767 1338 2796 nec
1362 2752 1573 2798 Christiani
1595 2757 1688 2809 sint,

192 2902 225 2937 3.
247 2905 295 2937 lta
316 2906 534 2946 corrigendum
551 2915 614 2938 esse
633 2907 737 2938 visum
755 2910 807 2939 est.
841 2907 896 2939 Li·
941 2909 1011 2938 unte
1040 2906 1119 2937 illud
1143 2906 1328 2937 vocabulum
1339 2905 1480 2938 {lacunae
1501 2909 1625 2948 signum
1649 2911 1691 2940 est

150 2951 197 2981 bri
214 2950 325 2983 habent
344 2949 463 2995 ταύτῃ,
488 2953 571 2992 quod
591 2953 778 2984 Cornarium
800 2955 895 2984 movit
941 2954 1151 2991 conspicuum.
1176 2969 1221 2974 —
1264 2952 1306 2982 De
1327 2953 1420 2984 Elxai
1438 2955 1588 2994 propheta
1609 2956 1689 2986 eius-

152 2998 183 3026 ιιι
202 2999 272 3027 ante
293 2994 471 3040 κέχρηνται
491 2999 609 3038 aliquot
632 3000 725 3030 verba
747 3000 896 3030 excidisse
943 3007 999 3038 que
1023 2999 1100 3028 libro
1123 3006 1153 3028 v.
1177 3006 1273 3037 supra
1298 2998 1383 3029 haer.
1412 2999 1474 3039 19,
1503 3001 1529 3032 1.

149 3042 301 3072 statueret.
350 3043 435 3074 Certe
466 3044 498 3075 in
524 3045 662 3076 versione
690 3046 756 3076 eius
781 3045 897 3076 Latina
