2030 3324
452 221 632 254 PANAnu
659 222 741 253 ΗΒ.
760 223 798 254 u.
824 223 931 255 Toxi.
955 224 994 254 11.
1022 223 1152 255 HAER.
1176 223 1305 256 inx.
1578 214 1654 254 601

108 301 256 342 cundus
284 298 530 355 Pentapolis,
568 300 755 343 Theonas
779 302 1008 354 Africanus,
1044 302 1193 354 Pistus,
1229 302 1292 358 qui
1318 302 1587 343 Alexandriae
1612 302 1658 342 ab

107 369 267 410 Arianis
299 368 512 409 collocatus
545 376 621 410 est.

222 435 321 478 Cum
344 437 472 490 itaque
499 451 628 478 rerum
651 445 775 479 status
803 439 860 480 liis
888 440 1055 480 motibus
1079 440 1389 494 perturbaretur,
1425 440 1656 480 Alexander
1682 449 1762 493 Cap.
1787 449 1846 481 tx.

107 506 152 547 ad
190 503 494 547 Constantinum
529 505 803 560 imperatorem
837 508 1018 562 scripsit,
1064 508 1126 561 qui
1168 508 1306 547 Arium
1339 521 1423 547 cum
1460 508 1655 548 nonnullis

106 574 300 629 episcopis
327 588 498 614 evocans
523 574 796 628 interrogavit.
861 577 914 615 At
940 576 1002 615 ille
1025 575 1214 615 sodalium
1249 589 1408 615 suorum
1440 590 1559 629 grege
1587 576 1656 616 sti-

106 651 217 698 patus
244 642 406 697 primum
435 656 564 682 coram
592 643 826 697 imperatore
856 643 1046 683 inliciatus
1069 650 1152 693 est,
1197 658 1282 683 cnm
1308 644 1461 684 interim
1495 645 1656 684 remotis

105 710 263 752 arbitris
289 710 442 750 occulta
466 718 602 750 contra
627 711 833 751 ecclesiam
859 712 1022 751 consilia
1047 711 1264 752 moliretur.
1328 711 1542 768 lmperator
1566 711 1658 752 hea-

106 786 166 820 tae
192 779 404 819 memoriae
426 777 710 819 Constantinus
736 793 821 819 enm
848 793 1056 819 arcessens
1087 780 1193 819 velut
1218 781 1344 821 alllatu
1373 780 1535 835 quodam
1566 793 1657 820 san-

105 847 157 888 cti
178 847 339 902 spiritus
367 847 532 902 impulsu
559 847 616 886 liis
641 847 743 886 illum
769 847 899 887 verbis
924 848 1064 887 all'atus
1085 855 1167 888 est:
1204 847 1370 889 Conlido
1395 849 1483 900 deo,
1511 848 1541 889 si
1567 848 1657 902 quid

105 916 240 956 callide
264 915 485 955 dissimules
510 929 555 954 ac
589 928 732 968 neges,
769 930 882 968 qnam
914 916 1120 955 celerrime
1149 923 1185 955 te
1218 917 1264 956 ab
1300 918 1469 957 omnium
1500 918 1656 958 domino

104 984 326 1024 convictum
350 983 420 1033 iri,
457 983 624 1023 maxime
651 996 719 1036 per
742 997 853 1036 quem
880 983 1146 1023 iusiurandum
1173 986 1418 1040 conceperis.
1483 986 1572 1039 Quo
1605 999 1658 1026 ex

104 1059 279 1106 tempore
302 1052 437 1092 iisdem
469 1051 505 1090 in
532 1050 733 1090 erroribus
756 1050 920 1091 haerere
941 1051 1225 1105 deprehensns,
1260 1067 1305 1093 ac
1330 1067 1460 1093 coram
1483 1054 1656 1108 principe

103 1120 331 1170 convictus,
366 1119 505 1159 iterum
540 1118 735 1158 inliciatus
765 1126 839 1158 est.
904 1117 954 1158 Et
981 1119 1155 1174 plerique
1188 1120 1289 1160 illius
1324 1120 1476 1175 patroni
1508 1135 1576 1176 pro
1608 1135 1656 1162 eo

103 1202 173 1243 per
205 1186 419 1228 Eusebium
443 1186 701 1227 Nicomediae
728 1187 953 1241 episcopum
979 1188 1076 1241 apud
1102 1188 1314 1243 principem
1341 1196 1521 1243 egerunt.
1577 1188 1657 1231 Sed

104 1255 353 1296 nihilominus
375 1256 586 1310 imperator
609 1255 764 1295 divinae
792 1255 877 1295 lidei
904 1256 1045 1296 ardore
1068 1264 1284 1297 commotus
1320 1258 1523 1312 epistolam
1557 1257 1657 1298 bene

104 1325 256 1378 longam
283 1331 321 1363 et
345 1324 583 1378 encyclicam
619 1324 663 1363 ad
690 1337 824 1363 omnes
852 1323 1032 1364 Romano
1065 1324 1228 1379 imperio
1251 1324 1427 1366 subditos
1463 1327 1655 1367 adversus

103 1392 242 1433 Arium
268 1392 429 1446 eiusque
456 1392 592 1446 dogma
620 1392 798 1446 scripsit,
833 1393 936 1432 omni
969 1392 1160 1447 sapientia
1187 1407 1231 1432 ac
1260 1393 1426 1434 veritate
1453 1396 1654 1446 refertam,

105 1474 204 1515 quae
229 1460 265 1499 in
291 1460 518 1500 hodiernum
550 1474 670 1514 usqne
702 1460 801 1500 diem
831 1460 1068 1500 eruditorum
1098 1461 1273 1501 manibus
1312 1462 1466 1502 teritur.
1531 1461 1657 1503 Huius

103 1528 254 1568 initium
296 1536 378 1569 cst:
430 1527 714 1569 Constantinus
751 1529 977 1582 Augustus,
1025 1529 1243 1579 maximus,
1287 1538 1362 1570 etc.
1416 1530 1537 1571 Arius
1570 1545 1656 1571 cum

104 1597 266 1638 Arianis
292 1597 414 1637 malus
457 1597 650 1650 interpres
680 1597 874 1651 ipsissima
902 1604 962 1637 cst
995 1597 1123 1651 imago
1151 1612 1196 1637 ac
1222 1598 1470 1639 simulacrum
1497 1599 1654 1639 diaboli.

101 1664 203 1705 Tun]
232 1673 317 1720 post
342 1665 416 1705 alia
442 1666 629 1720 quaedam
653 1679 696 1704 ac
722 1666 875 1718 longam
902 1680 952 1705 ex
979 1666 1184 1720 scripturis
1215 1667 1339 1707 sacris
1370 1667 1472 1707 illius
1508 1668 1656 1707 refuta-

102 1733 270 1784 tionem,
307 1741 504 1788 postremo
531 1747 686 1773 versum
714 1734 902 1787 quendam
931 1748 980 1774 ex
1009 1733 1182 1774 Homero
1205 1748 1288 1774 cum
1317 1735 1585 1789 indignatione
1611 1750 1655 1776 ac

103 1802 306 1843 stomacho
330 1809 585 1856 contorquet,
621 1815 731 1855 quem
757 1801 816 1841 liic
838 1802 1136 1842 adscribendum
1164 1803 1310 1857 putavi.
1377 1803 1479 1858 Age,
1514 1804 1654 1858 inquit,

104 1868 214 1912 Mars
238 1870 334 1922 Ari,
370 1871 518 1925 clypeis
552 1885 647 1925 opus
681 1878 755 1910 est.
822 1869 967 1910 verum
1002 1884 1049 1910 ne
1082 1871 1116 1910 id
1153 1872 1273 1911 facias
1307 1871 1578 1924 obsecramus,
1612 1886 1656 1912 ac

101 1945 140 1979 te
172 1938 308 1979 saltem
345 1937 516 1980 Veneris
550 1939 793 1979 consuetudo
826 1938 1020 1979 collibeat.

213 2005 312 2048 Post
335 2007 428 2047 baec
455 2022 540 2048 cum
570 2007 690 2047 Arius
714 2004 1056 2062 Constantinopoli
1085 2008 1300 2049 catholicae
1327 2008 1517 2050 ecclesiae
1550 2025 1654 2051 com·
1684 2020 1762 2064 Cap.
1776 2021 1818 2052 X.

101 2075 326 2116 munionem
351 2076 577 2126 affectaret,
620 2076 789 2115 instante
826 2075 1020 2115 violenter
1042 2074 1240 2127 Eusebio,
1277 2078 1339 2131 qui
1364 2079 1461 2133 apud
1489 2079 1656 2134 impera-

102 2150 224 2184 torem
262 2144 465 2199 plurimum
495 2151 669 2198 poterat,
706 2151 744 2183 et
769 2141 1247 2198 (lonstantinopolitanum
1282 2145 1505 2200 episcopum
1533 2148 1655 2188 mole-

98 2213 197 2253 stius
230 2221 422 2267 urgente,
457 2212 520 2266 qni
556 2212 868 2251 communionem
904 2211 955 2251 illi
991 2213 1083 2252 dare
1109 2213 1270 2264 nolens,
1316 2223 1355 2254 et
1381 2228 1448 2269 per
1485 2215 1560 2255 vim
1589 2231 1656 2270 op-

101 2295 261 2336 pressus
288 2280 592 2335 ingemiscebat,
628 2294 791 2334 cumque
815 2278 1012 2321 Eusebius
1048 2281 1233 2332 iactaret,
1278 2281 1350 2322 nisi
1385 2289 1523 2336 sponte
1556 2283 1654 2323 velis

99 2349 329 2398 admittere,
365 2350 535 2389 crastina
568 2349 679 2399 luce,
715 2362 814 2402 quae
842 2348 1034 2389 dominica
1060 2349 1157 2400 erit,
1195 2364 1342 2391 mecum
1384 2354 1419 2390 in
1447 2351 1652 2392 ecclesiam

98 2416 273 2458 intrabit.
340 2416 441 2470 Quid
470 2424 598 2457 autem
624 2424 760 2457 contra
787 2430 857 2456 nos
881 2416 1052 2457 efficies?
1075 2442 1128 2448 —
1161 2426 1238 2459 tum
1264 2419 1414 2459 demum
1436 2418 1653 2473 religiosis-

97 2487 219 2526 simus
243 2485 450 2540 episcopus
475 2499 519 2525 ac
543 2487 655 2525 deum
682 2485 822 2525 timens
847 2485 1078 2526 Alexander
1105 2487 1295 2527 ecclcsiae
1329 2487 1380 2526 illi
1413 2488 1650 2541 praefectus,

98 2554 162 2609 qui
188 2554 462 2594 Alexandrino
488 2554 672 2608 episcopo
698 2553 943 2607 cognominis
969 2561 1070 2604 erat,
1105 2555 1168 2595 ubi
1194 2555 1289 2595 haec
1316 2555 1451 2606 audiit,
1487 2562 1567 2597 tota
1591 2557 1651 2597 die

97 2637 141 2664 ac
167 2630 281 2664 nocte
308 2637 392 2663 eum
421 2623 566 2677 gemitu
595 2636 639 2662 ac
666 2635 846 2662 moerore
878 2621 914 2661 in
943 2622 1122 2663 oratione
1157 2623 1450 2677 perseveravit,
1486 2625 1652 2680 supplex

96 2706 117 2732 a
142 2692 213 2732 deo
239 2698 376 2746 petens
400 2698 440 2731 ut
465 2691 526 2732 vel
551 2690 717 2730 animam
742 2703 850 2730 suam
878 2690 1087 2744 reciperet,
1112 2705 1183 2731 nec
1207 2705 1249 2732 se
1267 2691 1352 2731 Arii
1378 2693 1651 2734 communione

96 2760 311 2814 pollueret,
347 2767 412 2799 aut
433 2759 663 2813 stupendum
685 2758 863 2812 quiddam
890 2765 926 2798 et
949 2759 1175 2798 inusitatum
1201 2760 1362 2800 faceret.
1428 2758 1542 2813 Quod
1569 2762 1651 2816 qui-

140 2837 172 2872 4.
198 2840 374 2871 Emendavi
409 2841 484 2871 haec
516 2848 553 2870 ex
592 2840 707 2870 Gelasii
735 2838 849 2870 Concu.
943 2837 972 2868 7.
1000 2840 1141 2870 Fortasse
1164 2841 1276 2871 rectius
1299 2836 1452 2874 ἀσπίδων
1481 2833 1507 2882 ἦ
1535 2841 1649 2885 χρεία·

95 2887 159 2917 Nic.
184 2887 236 2922 IV,
266 2885 292 2917 1.
340 2886 511 2924 Epiphanii
541 2886 621 2915 enim
648 2885 717 2915 libri
741 2884 852 2914 habent
899 2881 946 2925 μή
976 2882 1016 2916 σύ
1042 2895 1081 2925 γε
1114 2885 1211 2917 τοῦτο
1240 2896 1271 2917 π.
1299 2904 1341 2908 -
1391 2887 1531 2917 Celerum
1562 2897 1651 2926 quem

95 2940 199 2962 omnes
212 2925 349 2971 ’Ἄρειος
371 2929 429 2962 καὶ
448 2926 613 2970 'Ama-201
634 2926 740 2965 κακὸς
763 2931 825 2959 cett.
897 2938 1019 2960 versum
1042 2930 1167 2960 Homeri
1195 2931 1368 2971 significari
1402 2934 1486 2970 putet
1513 2933 1652 2971 Epipha-

140 2976 169 3007 5.
197 2971 351 3015 ἀνδρείας
375 2977 464 3007 codd.
487 2985 560 3006 mss.
584 2979 610 3006 e!
634 2977 679 3006 ed.
700 2984 749 3014 pr.
897 2976 967 3004 nius
989 2975 1130 3013 equidem
1152 2985 1209 3014 pro
1232 2980 1311 3007 certo
1327 2977 1490 3016 affirmare
1511 2987 1571 3009 non
1593 2987 1651 3008 αιι-

95 3018 170 3102 δεὲἰ.
199 3015 374 3062 Ρνο”Αρες
392 3022 562 3062 Epiphania·
576 3022 646 3051 libri
663 3021 772 3051 habent
789 3015 850 3052 ἅδ-
896 3019 967 3057 sim,
993 3020 1046 3050 sed
1066 3023 1141 3059 puto
1161 3022 1254 3052 verba
1268 3022 1401 3053 Athenae
1422 3023 1455 3053 11.
1481 3023 1515 3060 V,
1531 3021 1570 3055 31
1588 3032 1652 3062 sqq.
