2066 3319
456 207 635 239 PANAan
663 208 747 240 Lm.
768 209 807 240 u.
832 210 1000 242 TOM.11.
1026 210 1158 243 HAER.
1179 212 1301 244 vai.
1577 206 1658 246 529

103 289 345 337 Pre'ncepatus
368 299 413 324 ac
438 288 645 325 Poteslates
671 289 772 326 velut
797 291 834 326 ίη
859 292 1044 340 ΙνίηηψΙιο
1075 294 1259 330 tradita-it.
1327 289 1367 332 ln
1404 299 1526 332 morte
1559 307 1655 333 veru
1676 308 1794 335 coloss.

102 359 301 408 peccatum
329 353 548 403 damnavit,
590 354 628 393 in
654 355 852 409 sepultura
883 356 1120 410 iniquitatem
1146 359 1322 413 sepeliit,
1358 360 1393 399 in
1416 361 1655 414 degustanda
1690 343 1716 374 2'
1740 343 1779 370 ἡ

103 428 225 460 morte
254 423 444 460 stimulum
469 425 600 460 mos-tis
623 425 801 475 hesi-ege‘l,
845 424 881 463 iu
909 439 980 464 sno
1006 426 1068 465 illo
1097 427 1143 465 ad
1177 427 1326 467 inl'eros
1352 428 1542 469 descensu
1566 443 1655 483 spo-
1676 431 1792 494 {5231-

100 488 149 529 lia
177 487 349 528 detraxit
375 488 534 539 inferis,
568 490 722 531 vinctos
755 492 980 532 fortitudine
1014 508 1081 533 sua
1115 494 1317 545 liberavit,
1353 496 1544 537 adversus
1575 497 1656 536 dia·
1711 487 1717 499 ’
1772 487 1777 492 .

101 556 228 596 bolum
271 556 498 611 trophaeum
534 558 661 598 crucis
699 560 866 614 accepit.
931 559 1030 600 Vide
1064 568 1101 600 ut
1137 576 1156 600 a
1192 560 1337 616 Moyse
1375 564 1420 603 ad
1455 562 1654 605 Christum

99 623 223 679 gloria
251 624 488 679 perstiterit,
524 633 668 679 quanto
701 642 792 681 erga
823 628 1008 668 maiorem
1046 628 1208 682 gloriam
1244 630 1348 669 vitae
1382 638 1654 673 testamentum

100 692 309 742 obtinebit,
354 707 438 732 cum
467 700 505 733 et
534 694 630 748 lapis
664 695 905 746 revolvitur,
954 702 991 735 et
1022 710 1118 736 saxa
1154 697 1408 750 franguntur,
1453 707 1491 739 et
1519 716 1655 741 monu-

99 768 227 800 menta
267 769 520 812 reserantur,
566 769 606 802 et
638 763 765 817 angeli
807 763 969 817 fulguris
1006 763 1130 804 instar
1163 765 1354 816 emicant,
1401 774 1438 806 et
1471 768 1654 808 mulieres

99 828 346 882 evangeliun}
385 830 634 882 praedicant,
682 844 757 883 pax
792 831 1041 882 conceditur,
1085 832 1245 885 spiritus
1285 835 1472 888 apostolis
1512 836 1557 875 ab
1589 835 1655 876 illo

100 896 302 946 tribuitur,
351 911 512 951 regnum
550 898 722 938 coeleste
761 899 1034 949 denuntiatur,
1079 899 1185 940 orbis
1221 907 1412 941 terrarum
1449 903 1656 957 evangelio

99 964 378 1005 collustratur?
416 963 626 1006 Postremo
649 969 717 1018 qm‘
733 969 926 1005 deseendit
946 970 1024 1018 ipse
1043 975 1099 1005 es!
1118 971 1187 1019 qni
1206 972 1377 1007 ascendit
1394 985 1508 1021 super
1528 986 1651 1009 omnes
1671 983 1746 1020 lepti.
1761 986 1787 1019 4,
1800 985 1824 1010 9.

97 1034 242 1081 coelos,
276 1040 315 1071 et
335 1036 439 1072 sedet
463 1036 515 1071 ad
540 1036 733 1072 deaeleram
759 1037 898 1086 patres.
963 1033 1056 1074 Non
1082 1036 1151 1075 suit
1175 1036 1421 1076 mortiferum
1445 1044 1656 1079 testamen-

99 1108 201 1152 tum,
246 1101 313 1141 scd
345 1101 536 1142 adversus
568 1109 731 1142 mortem
767 1102 1037 1142 constitutum.
1104 1102 1197 1144 lllud
1232 1119 1349 1158 porro
1385 1106 1484 1159 quod
1519 1107 1655 1147 mortis

99 1169 260 1220 dicitur,
293 1169 458 1223 gloriam
491 1169 645 1221 habuit,
691 1171 814 1210 maior
844 1177 885 1211 ut
914 1171 1105 1211 adversus
1142 1179 1304 1212 mortem
1341 1173 1466 1227 gloria
1499 1188 1656 1229 eompa-

99 1244 268 1278 raretur.

214 1304 293 1347 Sed
322 1305 453 1345 obiicit
477 1304 757 1358 Manichacus,
794 1322 869 1347 nou
899 1321 1013 1362 posse
1042 1316 1156 1348 vetus
1189 1322 1234 1348 ac
1262 1324 1404 1350 novum
1442 1317 1654 1350 testamen·
1713 1321 1793 1363 Cup.

99 1381 178 1414 tum
205 1373 251 1413 ab
279 1374 415 1414 eodem
442 1388 530 1414 esse
557 1374 743 1428 magistro
776 1376 1009 1430 profectum.
1075 1375 1118 1416 Si
1142 1377 1294 1430 quidem
1327 1386 1428 1417 velus
1459 1381 1504 1418 cle
1531 1381 1590 1417 de'e
1621 1381 1658 1417 z'u
1680 1367 1860 1437 ,Lgffiffiviff

99 1445 192 1482 diem
218 1446 470 1490 inveteralm·,
507 1443 670 1483 alterum
698 1458 783 1481 vero
809 1447 846 1482 ιή
870 1447 949 1483 dies
972 1447 1195 1484 innovatur:
1230 1449 1409 1497 quiequid
1431 1450 1526 1485 em'm
1557 1450 1657 1486 z'm·e-
1677 1432 1806 1478 liebus}
1821 1444 1861 1471 ¹³·

101 1519 270 1558 teratur,
306 1526 350 1550 ae
371 1514 554 1558 senescit,
590 1514 767 1550 itelem'lm‘
781 1515 995 1563 praa-imum
1027 1520 1094 1551 est.
1162 1510 1295 1565 Quare
1330 1521 1513 1568 superest
1542 1521 1582 1554 ut
1612 1514 1657 1554 il-

101 1579 162 1619 lud
197 1579 357 1620 alterius
383 1580 443 1619 dei
479 1594 522 1620 ac
554 1579 753 1633 magistri,
799 1579 870 1619 lioc
902 1580 1063 1620 alterius
1098 1594 1187 1621 esse
1212 1581 1377 1621 dicatur.
1442 1581 1590 1622 Verum
1624 1581 1657 1622 si

101 1654 237 1688 vetera
263 1648 336 1687 duo
367 1654 600 1688 testamenta
623 1648 895 1688 demonstrare
924 1655 1070 1703 posset,
1109 1649 1308 1703 probabile
1336 1649 1511 1689 nonnihil
1533 1649 1657 1690 videri

101 1723 236 1770 posset
261 1716 360 1770 quod
387 1717 433 1756 de
461 1716 601 1770 duplici
626 1723 812 1756 testatore
845 1716 1028 1771 disputat.
1094 1715 1152 1757 Ita
1177 1716 1290 1757 etiam
1313 1717 1344 1756 si
1374 1731 1475 1757 nova
1503 1717 1577 1757 duo
1601 1725 1657 1758 te-

100 1789 291 1824 stamenta
319 1784 431 1824 nobis
468 1785 717 1834 ostenderet,
767 1791 973 1838 utcumque
1006 1785 1106 1838 quod
1138 1792 1273 1825 narrat
1308 1784 1472 1839 intelligi
1504 1793 1653 1839 posset.

102 1849 182 1893 Sed
208 1866 292 1892 cum
316 1859 428 1893 vetus
452 1852 604 1906 quidem
629 1852 805 1903 alterius,
841 1867 983 1892 novum
1011 1859 1285 1892 testamentum
1310 1852 1472 1892 alterius
1494 1853 1559 1903 sit,
1585 1852 1657 1892 hoe

101 1919 134 1960 si
164 1919 266 1960 bono
287 1920 360 1960 deo
384 1921 556 1961 tribuere
582 1921 772 1972 velimus,
810 1920 898 1959 illud
924 1933 1019 1960 vero
1041 1920 1155 1971 mato,
1189 1934 1438 1974 consequens
1459 1920 1551 1960 illud
1579 1927 1654 1971 est,

101 1987 244 2028 bonum
268 1988 397 2039 deum,
434 1989 506 2029 nisi
534 1988 729 2029 eonditum
753 2003 773 2028 a
799 1988 898 2027 malo
922 1994 1196 2028 testamentum
1225 1987 1425 2039 scivisset,
1451 2003 1472 2028 a
1498 2002 1541 2028 se
1563 2003 1657 2042 qno-

103 2070 177 2110 que
214 2057 457 2097 condendum
496 2058 764 2111 ignoraturum
808 2056 943 2095 fuisse.
1009 2053 1141 2108 Quare
1173 2056 1374 2097 doctrinae
1408 2070 1502 2097 suae
1534 2056 1658 2097 divul-

102 2125 252 2179 gandae
281 2125 528 2166 occasionem
561 2125 607 2164 ab
640 2124 704 2164 illo
732 2130 892 2173 nactus,
937 2137 982 2164 ac
1009 2137 1137 2163 rerum
1168 2125 1428 2178 gerendarum
1454 2124 1657 2179 imperitus

103 2206 192 2233 esse
227 2193 436 2234 videbitur.
499 2191 588 2233 Nisi
625 2192 726 2232 enim
761 2191 842 2231 fieri
878 2191 925 2231 ab
952 2191 1077 2232 altero
1107 2192 1293 2243 vidisset,
1328 2207 1522 2246 nunqnam
1552 2199 1660 2232 esset

103 2261 298 2311 imitatus,
344 2276 388 2301 ac
421 2261 521 2301 bono
553 2260 625 2300 deo
662 2266 935 2300 testamentum
971 2267 1084 2300 vetus
1118 2260 1247 2315 affingi
1282 2261 1405 2315 magis
1437 2259 1656 2315 oportebat,

103 2336 143 2369 ut
167 2329 289 2370 malus
315 2329 414 2369 alter
448 2329 574 2383 potius
609 2327 828 2367 aemulator
850 2328 1112 2383 appellaretur
1144 2343 1255 2382 quam
1281 2342 1396 2369 verus
1427 2341 1657 2382 germanus-

105 2411 178 2452 que
201 2398 312 2438 deus.
378 2396 569 2437 Dominus
602 2395 703 2435 enim
734 2396 771 2435 in
798 2396 1002 2450 evangelio
1027 2397 1140 2449 dicit,
1186 2399 1372 2449 Quicquid
1396 2398 1658 2447 ve'derz'tfilz‘us

100 2474 245 2518 patrem
264 2468 486 2519 sacz'enlem‚
522 2467 615 2504 idem
636 2473 672 2503 el
693 2467 770 2516 ipse
794 2466 968 2503 se'me‘ll'let·
984 2466 1099 2518 facil.
1169 2464 1272 2504 Tum
1306 2465 1465 2518 insuper
1493 2477 1540 2504 ne
1565 2478 1655 2504 con·
1669 2468 1864 2532 {essm-¹55¹}

105 2534 247 2575 sulenti
272 2533 324 2574 illi
355 2533 525 2574 cessisse
548 2532 769 2583 videretur,
805 2546 905 2572 neve
928 2532 1088 2587 gloriari
1121 2548 1165 2573 ac
1191 2533 1337 2572 iactare
1362 2532 1537 2573 diabolus
1569 2546 1658 2586 pos·
1785 2524 1790 2532 ’
1818 2524 1826 2536 ’
1857 2523 1863 2530 ’

105 2609 166 2643 set
199 2616 270 2643 suo
292 2602 432 2656 aliquid
459 2601 624 2641 consilio
651 2614 671 2640 a
695 2600 892 2641 salvatore
925 2608 1103 2656 gestum,
1149 2616 1234 2641 eum
1264 2601 1315 2640 ita
1347 2600 1529 2640 suaderet
1559 2599 1656 2655 ipsi:

106 2673 176 2710 Die
201 2678 242 2709 ul
267 2673 408 2722 lapides
429 2685 547 2723 panes
562 2671 689 2720 fiant,
725 2669 943 2724 repudiavit
967 2670 1145 2724 penitus,
1181 2683 1229 2708 ne
1257 2667 1439 2708 didicisse
1463 2667 1605 2722 aliquid
1638 2682 1659 2708 a

107 2738 283 2790 diabolo,
328 2738 488 2793 eiusque
520 2737 685 2779 consilio
713 2751 805 2778 usus
838 2751 927 2778 esse
952 2737 1169 2778 videretur.
1233 2735 1347 2790 Quod
1383 2742 1511 2777 autem
1541 2742 1660 2777 testa-

109 2888 212 2926 spt'cor
232 2887 394 2918 librarium
417 2888 551 2917 voluisse
572 2884 628 2918 τὸν
651 2882 720 2919 υἱὸν
738 2882 864 2927 πατρὸς
908 2880 997 2926 ἥξει,
1024 2887 1054 2915 in
1079 2884 1144 2914 cod.
1159 2884 1288 2923 Rhecliy.
1307 2878 1393 2925 ἥξει.
1443 2885 1570 2916 corner.
1593 2893 1662 2915 ver-

111 2933 172 2974 (=
185 2930 278 2973 1p0})
303 2929 358 2965 τὸν
381 2930 508 2972 πατέρα
532 2935 597 2963 cell.
909 2933 942 2961 tit
971 2931 1009 2960 Et
1032 2936 1065 2959 nt
1092 2940 1130 2959 ne
1154 2928 1345 2959 admittes-rt
1359 2928 1580 2960 consiliarium
1594 2932 1659 2959 cell.

157 2977 189 3008 5.
215 2973 322 3014 οὕτως
345 2978 411 3008 cod.
429 2978 555 3016 Rhediy.
958 2975 987 3007 Τ.
1016 2970 1233 3016 ὑπολειφὲείη
1259 2975 1326 3006 cod.
1342 2984 1398 3007 ms.
1424 2978 1546 3014 uterque
1569 2977 1594 3005 e!
1613 2974 1660 3004 ed.

157 3019 187 3053 6.
213 3020 286 3064 εἴξῃ
311 3022 487 3053 emendavit
508 3023 615 3054 Petav.
663 3022 760 3062 Vulgo
781 3025 863 3054 extat
907 3022 1007 3061 princ.

182 3074 299 3111 Corpus
319 3075 501 3104 Haereseol.
523 3074 559 3103 11.
578 3076 603 3103 2.
1336 3079 1388 3118 34
