2066 3319
503 177 679 208 PANARll
707 178 790 208 Llss.
812 178 852 209 tt.
876 179 983 211 TOM.
1005 182 1026 212 1.
1054 181 1182 212 HAER.
1206 182 1275 213 LV.
1587 175 1661 215 131

126 258 222 298 locis
245 255 502 296 constituunt.
563 255 705 310 Neque
728 257 852 297 solum
878 258 1058 298 virtutem
1087 260 1189 300 illum
1217 276 1304 302 csse
1337 262 1525 316 quandam
1558 276 1667 304 asse—

126 332 229 375 runt,
264 325 331 364 sed
356 324 439 378 ipso
463 324 577 364 etiam
604 321 764 364 Christo
790 326 972 365 maiorem
999 342 1085 368 csse
1110 329 1301 369 dictitant.
1351 328 1549 371 Christum
1570 345 1666 372 vcro

125 393 352 447 simpliciter
376 394 599 443 advenisse,
635 400 748 447 atque
776 394 878 434 illius
909 396 1042 435 ordine
1070 397 1265 449 dignatum
1290 413 1377 437 esse
1404 406 1581 450 narrant,
1616 413 1667 440 cx

122 461 188 501 illo
210 461 390 501 videlicet
414 460 576 502 Davidis
603 462 726 502 dicto:
768 465 820 502 Tu
844 479 882 502 es
907 468 1083 503 sacerdos
1104 469 1141 504 [te
1162 473 1352 504 aeteruum
1379 471 1578 507 secundnm
1604 484 1665 507 or·
1687 472 1734 500 Ps.
1755 474 1813 507 ΙΝ),
1835 475 1859 500 ⁴·

123 532 243 568 (linem
278 532 565 569 Melchisedech.
637 529 724 584 Qua
765 545 805 571 re
845 529 1137 572 Melchisedec-o
1178 532 1362 586 dignitate
1398 535 1449 575 sit
1482 536 1662 577 inferior.

123 596 212 637 Nisi
237 598 339 637 enim
363 599 573 638 secundum
598 599 644 638 ab
669 613 716 639 eo
741 600 1041 640 existimationis
1068 601 1192 640 locum
1217 601 1392 652 haberet,
1429 617 1667 658 nequaquam

124 666 259 706 ordine
284 666 385 707 illius
411 667 616 721 indigeret.
667 666 746 708 lam
773 669 818 708 de
843 669 979 708 eodem
1004 669 1067 708 illo
1091 667 1384 709 Melchisedeco
1409 672 1552 722 l'erunt,
1584 673 1668 712 sinc

124 741 247 774 matre
269 734 397 785 illum,
433 750 477 775 ac
504 743 637 790 patre,
673 744 710 776 et
734 736 963 791 genealogia
990 736 1134 786 fuisse,
1168 737 1282 790 idque
1308 752 1357 778 ex
1379 736 1489 778 Pauli
1516 740 1561 779 ad
1589 739 1669 780 lle·
1688 745 1856 775 licbr-7-1-

122 803 264 843 bracos
300 803 460 858 epistola
495 805 687 845 affirmare
724 811 930 845 conantur.
991 803 1206 845 Praeterea
1236 806 1522 847 commentitios
1555 823 1670 862 quos-

124 872 208 912 dam
235 871 354 912 libros
377 886 420 912 ac
445 874 632 914 confictos
658 873 816 923 habent,
851 873 988 927 quibus
1007 873 1259 928 sibimetipsis
1284 874 1463 915 illudunt.
1521 874 1668 917 Verum

123 953 174 979 ex
208 940 304 994 ipsis
337 942 554 996 scripturae
587 942 718 982 verbis
753 941 863 982 facile
900 948 960 982 est
993 942 1156 982 istorum
1198 957 1374 983 errorem
1413 944 1666 985 convincere.

124 1006 238 1061 Quod
262 1008 362 1049 enim
391 1010 436 1049 dc
468 1009 623 1050 domino
655 1024 675 1050 a
700 1008 851 1051 Davide
876 1011 1165 1065 pronuntiatum
1192 1018 1274 1061 est,
1309 1026 1393 1052 cum
1427 1014 1670 1053 sacerdotem

122 1077 227 1117 illum
255 1078 466 1118 secundum
492 1079 667 1119 ordinem
689 1077 978 1120 Melchisedech
1009 1081 1092 1120 fore
1118 1081 1326 1134 praedixit,
1362 1095 1437 1120 una
1462 1088 1500 1120 et
1524 1078 1671 1121 Christi

123 1146 384 1186 sacerdotium
410 1146 544 1188 iisdem
577 1155 636 1187 est
662 1147 737 1187 illis
767 1147 892 1188 literis
920 1149 1207 1202 consignatum.
1272 1150 1333 1189 Ac
1363 1149 1492 1189 statim
1525 1149 1617 1189 illud
1649 1164 1672 1189 a

124 1215 212 1255 divo
238 1212 360 1255 Paulo
387 1215 604 1256 subiectum
627 1216 792 1270 legitur:
825 1220 1072 1256 Assc'mz'lalzcs
1088 1219 1180 1269 filio
1205 1220 1268 1256 dee·
1291 1226 1415 1257 nzanec
1435 1220 1611 1257 sacerdos
1632 1220 1669 1256 in
1689 1223 1858 1259 Hebr-⁷‚3-

117 1292 352 1335 perpetuum.
398 1281 477 1324 lam
502 1299 597 1325 vero
621 1285 651 1324 si
678 1285 737 1325 dci
762 1286 837 1325 lilio
855 1284 1122 1326 Melchisedec
1142 1286 1395 1337 assimilatur,
1425 1286 1597 1340 aequalis
1618 1286 1672 1326 ei-

123 1352 208 1394 dem
245 1367 332 1393 esse
371 1367 447 1392 non
484 1362 625 1409 potest.
690 1353 896 1408 Quomodo
930 1355 1031 1395 enim
1065 1368 1206 1395 servus
1241 1354 1396 1395 domino
1428 1369 1518 1396 esse
1550 1354 1673 1409 possit

123 1421 323 1476 aequalis?
382 1420 486 1462 Nam
512 1421 778 1463 Melchisedec
803 1423 916 1463 homo
943 1423 1073 1477 utique
1097 1423 1180 1463 fuit.
1241 1421 1372 1464 Patris
1398 1437 1493 1464 vero
1523 1437 1568 1463 ac
1592 1437 1672 1463 ma-

125 1490 193 1531 tris
222 1504 366 1545 expers
393 1491 557 1542 dicitur,
593 1506 669 1531 non
701 1492 799 1545 quod
826 1491 1014 1532 ambobus
1035 1491 1110 1531 illis
1136 1492 1321 1542 caruerit,
1355 1493 1422 1532 sed
1445 1492 1546 1546 quod
1570 1491 1672 1532 nulla

124 1559 174 1599 sit
198 1559 348 1599 illorum
382 1559 418 1599 in
444 1559 586 1599 divinis
611 1559 735 1600 literis
765 1574 952 1614 expressa
977 1560 1138 1600 mentio.
1204 1559 1309 1600 Sane
1341 1575 1454 1614 quam
1486 1560 1672 1615 pluriinos

122 1627 402 1682 scripturarum
430 1628 616 1682 profunda
637 1628 877 1682 illustriaque
905 1642 1078 1682 quaeque
1102 1629 1292 1669 humanae
1317 1635 1479 1669 naturae
1502 1636 1671 1669 mentem

125 1710 277 1736 omnem
313 1710 358 1735 ac
391 1696 665 1750 cogitationem
692 1703 900 1751 superant,
941 1696 979 1737 in
1016 1711 1188 1737 errorem
1214 1698 1479 1738 adduxerunt.
1542 1695 1673 1751 Siqui-

126 1765 211 1805 dem
233 1764 406 1804 Arabiae
432 1762 623 1805 Petraeae
656 1765 805 1805 incolae
822 1798 832 1816 ,
867 1779 964 1819 quae
991 1765 1100 1819 regio
1121 1764 1299 1805 Rochom
1326 1773 1362 1805 et
1385 1765 1509 1806 Edon}
1543 1766 1673 1820 appel-

125 1833 250 1882 latur,
282 1831 466 1888 Moysen]
494 1841 651 1888 propter
675 1834 778 1873 edita
803 1833 849 1873 ab
872 1833 937 1874 illo
961 1833 1135 1889 prodigia
1161 1834 1321 1888 prodeo
1347 1841 1602 1885 venerantur,
1636 1842 1675 1874 et

127 1902 210 1942 eius
233 1902 437 1956 imaginem
463 1903 647 1953 adorant,
683 1917 755 1956 qua
782 1903 904 1942 efficta
930 1903 967 1942 in
997 1917 1173 1943 errorem
1207 1903 1352 1957 delapsi
1378 1909 1483 1943 sunt.
1549 1900 1673 1943 Cuius

126 1971 277 2025 quidem
313 1984 489 2011 caussam
526 1985 603 2011 non
637 1971 697 2011 vir
725 1971 789 2010 ille
824 1971 947 2012 iustus
982 1972 1171 2022 sustinet,
1210 1972 1277 2012 sed
1310 1971 1446 2011 horum
1479 1971 1674 2012 dementia

126 2040 277 2094 potius,
311 2053 410 2094 quae
446 2039 548 2080 illius
579 2039 787 2080 occasione
816 2040 898 2080 veri
931 2039 1152 2095 opinionem
1187 2039 1355 2080 numinis
1390 2054 1459 2095 per
1489 2040 1674 2093 ignorau-

126 2109 218 2148 tiam
244 2108 447 2148 excitavit.
496 2106 662 2149 Sebaste
685 2122 795 2159 ver0,
826 2122 924 2163 quae
947 2108 1037 2149 olim
1061 2106 1239 2149 Samaria
1265 2108 1481 2159 dicebatur,
1513 2107 1673 2163 lephtae

126 2177 241 2217 filiam
269 2176 410 2217 divinis
440 2176 652 2217 honoribus
688 2184 990 2227 consecrarunt,
1033 2177 1072 2217 in
1105 2177 1215 2218 cuius
1251 2177 1476 2218 memoriam
1509 2178 1672 2217 solenne

127 2245 335 2300 quotannis
366 2246 505 2286 festum
537 2246 751 2285 celebrant.
817 2244 884 2287 Sic
913 2246 1098 2286 haeretici
1132 2245 1219 2296 isti,
1261 2261 1346 2286 cum
1381 2245 1596 2300 sapientiae
1629 2259 1673 2285 ac

127 2314 322 2368 dignitatis
357 2314 491 2368 plenas
515 2315 731 2368 scripturae
765 2328 883 2355 voces
911 2314 1148 2364 audiissent,
1183 2315 1228 2354 ad
1255 2314 1476 2355 vecordiam
1509 2313 1674 2353 traducti

127 2389 240 2432 sunt,
274 2396 320 2422 ac
344 2390 472 2423 mente
497 2383 730 2423 insolentius
757 2383 846 2422 elati
874 2383 1050 2423 veritatis
1080 2383 1180 2423 viam
1207 2383 1523 2437 dereliquerunt,
1555 2382 1672 2422 adeo-

128 2465 200 2505 que
225 2451 318 2491 nihil
339 2450 426 2491 illos
451 2451 522 2492 sibi
547 2459 703 2506 praeter
726 2451 874 2491 fabulas
901 2451 1061 2491 finxisse
1086 2451 1310 2506 planissime
1338 2451 1632 2491 convincemus.

242 2518 458 2560 Enimvero
497 2519 669 2560 nonnulli
708 2520 907 2574 utriusque
940 2519 1242 2560 Melchisedecis
1281 2526 1483 2574 parentum
1515 2519 1673 2559 nomina
1701 2525 1778 2567 Cap.
1806 2527 1845 2557 lt.

129 2594 505 2637 commemorarunt,
540 2589 607 2628 sed
635 2602 679 2628 ea
704 2602 892 2641 nusquam
923 2588 1126 2643 expressis
1158 2588 1372 2642 scripturae
1401 2587 1531 2627 verbis
1564 2595 1602 2627 et
1632 2587 1672 2628 in

129 2665 293 2712 utroque
330 2664 564 2697 testamento
600 2656 862 2697 declarantur.
928 2656 1030 2698 Sunt
1061 2657 1125 2711 qui
1154 2656 1358 2696 Heraclain
1393 2663 1537 2710 patrem
1570 2656 1672 2696 illius

128 2727 385 2782 appellatum,
419 2733 580 2766 matrem
607 2739 702 2766 vero
726 2725 940 2777 Astaroth,
974 2726 1058 2766 sive
1083 2725 1305 2774 Asteriam,
1341 2723 1483 2764 dicant.
1544 2722 1671 2765 Porro

131 2795 230 2835 filius
259 2794 322 2834 ille
351 2793 548 2834 cuiusdam
573 2807 625 2833 ex
656 2794 848 2847 indigenis
872 2795 1056 2849 temporis
1087 2794 1188 2833 illius
1215 2793 1306 2843 l'uit,
1342 2791 1403 2846 qui
1431 2799 1509 2832 tum
1534 2792 1572 2833 in
1597 2791 1672 2834 Saae

131 2863 202 2904 bac
240 2862 398 2918 planitie
432 2862 640 2916 degebant.
705 2860 847 2902 Urbem
882 2862 1001 2918 ipsam
1032 2861 1162 2902 Salem
1202 2860 1475 2911 nominabant,
1519 2863 1565 2902 de
1597 2876 1671 2916 qua

132 2931 244 2972 aliter
273 2938 334 2972 est
363 2930 409 2971 ab
447 2930 533 2971 aliis
564 2930 760 2971 traditum.
823 2933 884 2972 Ac
916 2929 1089 2971 nonnulli
1117 2942 1202 2969 eam
1234 2942 1323 2969 esse
1354 2937 1538 2981 censent,
1571 2944 1670 2983 quae

1337 3007 1398 3052 9.
