2030 3324
215 379 281 407 pag.
299 371 356 397 ¹17⁴.

219 2480 286 2509 pag.
306 2471 365 2499 7²5.

378 209 458 249 672
947 213 1109 246 SANCT1
1132 214 1357 247 EPJPHANH

377 287 517 345 ἦλθεν,-
566 289 725 344 φήσειεν
763 289 811 331 liv
848 307 905 338 τις
942 288 1042 342 πρὸς
1073 287 1237 340 αὐτοῦς,
1287 292 1388 344 Περὶ
1417 296 1495 332 τῶν
1531 290 1701 346 άγγέλων
1728 292 1766 331 τί
1794 306 1912 342 φατες

377 360 494 400 παντὶ
523 363 639 400 τοῦτο
671 359 788 411 δῆλόν
818 359 919 399 ἐστιν
949 356 1010 398 ὅτι
1039 354 1274 410 ὁμολογοῦσι
1302 356 1394 405 τοῦς
1417 355 1602 412 άγγέλους
1625 355 1702 399 find
1729 361 1799 398 τοῦ
1823 359 1914 398 υἱοῦ

376 426 582 481 γεγονέναι.
628 426 706 466 Καὶ
726 423 799 480 γάρ
824 426 889 465 καὶ
913 425 1002 476 περὶ
1025 428 1096 465 τοῦ
1115 422 1334 476 πνεύματος
1357 429 1633 480 βλασφημοῦσι
1656 425 1724 466 καὶ
1746 428 1915 477 τολμῶσι

374 495 497 548 λέγειν
523 495 724 534 κεκτίσθαι
746 490 825 533 ὑπὸ
857 495 928 533 τοῦ
955 493 1065 541 υἱοῦ,
1107 489 1203 546 ὅπερ
1229 492 1331 532 ἐστὶν
1355 489 1534 533 ἅκτιστον
1560 494 1603 534 ἐκ
1626 491 1776 547 πατρὸς
1799 492 1913 533 ἐκπο-

376 559 609 615 ρευόμενον,
649 561 716 601 καὶ
738 564 808 601 τοῦ
832 561 923 600 υἱοῦ
948 557 1157 612 λαμβάνον.
1220 559 1277 598 Εἰ
1298 552 1369 600 οῦν
1400 560 1454 607 εἰς
1483 557 1525 600 τὸ
1549 564 1702 612 πνεῦμα
1734 557 1776 600 τό
1802 557 1914 613 ἅγιον

376 633 544 681 τολμῶσι
566 632 680 670 τοῦτο
703 628 844 682 λέγειν,
875 625 986 683 πόσῳ
1012 642 1053 681 γε
1081 630 1226 678 μᾶλλον
1249 627 1337 680 περὶ
1362 630 1440 666 τῶν
1462 624 1631 680 άγγέλων
1654 625 1701 668 οὐ
1726 624 1916 678 δυνήσον-

376 713 439 736 ται
465 693 715 750 άρνήσασθαι
741 694 800 737 ὅτι
826 695 867 735 ἐκ
895 698 966 735 τοῦ
992 697 1230 748 μονογενοῦς
1262 691 1444 746 ἐσχήκασι
1473 691 1517 734 τό
1551 691 1647 735 εἶναι
1677 694 1916 746 κεκτισμένοι

377 762 598 818 γεγονότες,·
639 764 697 803 Εἰ
715 765 847 804 τοίνυν
874 763 915 802 οἵ
934 758 1000 802 ὕπ’
1026 758 1148 802 αὐτοῦ
1171 759 1371 815 γεγονότες
1394 758 1544 815 ἄγγελοι
1569 760 1638 812 μὲν
1659 761 1916 814 πνευματικοὶ

378 829 595 886 γεγονότες,
627 829 727 883 πλὴν
749 832 935 882 κτίσματα
966 826 1089 869 αὐτοῦ
1110 826 1241 878 ὄντες,
1273 824 1349 868 ’καὶ
1372 825 1662 880 ὑποβεβηκότες
1683 827 1783 870 πολύ
1810 826 1914 869 άπεί·

379 916 456 953 ρως
478 902 549 952 τῆς
574 895 696 939 αὐτοῦ
717 895 875 947 οὐσίας,
909 893 961 945 ὥς
983 897 1096 951 ἔργον
1120 893 1243 937 αὐτοῦ
1268 893 1397 945 ὄντες,
1439 893 1547 947 ὅμως
1579 894 1705 949 σάρκα
1737 894 1790 948 μὴ
1817 897 1917 948 εἰλη-

379 964 517 1017 φότες,
547 968 582 1006 τί
606 967 769 1020 ἐροῦμεν
779 983 790 1015 ,·
837 959 966 1019 2Ἄρα
995 966 1148 1016 μείζους
1180 964 1253 1004 εἰσὶ
1278 967 1348 1004 τοῦ
1380 964 1469 1004 υἱοῦ
1497 959 1565 1003 ὑπ’
1589 960 1712 1004 αὐτοῦ
1738 964 1914 1004 κτισθέν-

378 1050 459 1084 τες,
489 1031 515 1086 ἢ
539 1034 606 1074 καὶ
628 1032 670 1074 τό
695 1037 849 1085 πνεῦμα
870 1030 913 1073 vd
940 1030 1073 1086 ἅγιονς
1105 1029 1169 1072 διά
1192 1033 1228 1072 τί
1250 1029 1303 1083 μὴ
1327 1032 1380 1078 εἰς
1399 1029 1524 1084 σάρκα
1548 1025 1668 1084 ἦλθε,
1699 1030 1765 1072 καὶ
1790 1028 1917 1085 σάρκα

379 1099 560 1156 ἐφόρεσε,
591 1102 658 1142 καὶ
681 1098 1012 1154 ἐνηνθρεόπησεν,
1054 1097 1080 1151 ἢ
1108 1097 1150 1139 τὸ
1173 1103 1326 1151 πνεῦμα
1349 1096 1392 1139 τὸ
1416 1096 1527 1152 ἅγιον
1549 1103 1616 1139 τοῦ
1641 1102 1762 1149 θεοῦ,
1806 1095 1832 1151 ἥ
1861 1115 1919 1147 τις

378 1173 454 1210 τῶν
477 1166 665 1223 άγγέλων,
709 1166 768 1208 Οὐ
788 1165 860 1222 γάρ
882 1168 1040 1214 πάντως
1071 1164 1135 1206 διά
1165 1164 1208 1207 τὸ
1239 1164 1487 1219 ἠλαττῶσθαι
1510 1164 1578 1207 τόν
1604 1163 1693 1207 υῐόν
1713 1163 1820 1220 παρά
1849 1163 1919 1208 τόν

378 1237 549 1291 πατέρα,
581 1234 723 1277 τούτου
749 1236 861 1276 ἕνεκα
886 1233 1012 1288 σάρκα
1039 1232 1245 1275 ἐνεδύσατο
1269 1233 1370 1288 (ἐπεὶ
1395 1231 1443 1274 ἂν
1470 1231 1639 1284 ὤφειλον
1659 1234 1725 1274 καὶ
1746 1235 1786 1274 οἷ
1809 1231 1918 1288 ἅγγε-

376 1309 438 1345 λοι
462 1303 617 1351 πάντως
640 1301 766 1357 σάρκα
791 1301 1052 1351 ἐνδύσασθαι,
1093 1299 1119 1353 ἢ
1141 1302 1208 1342 καὶ
1230 1299 1272 1341 τὸ
1299 1303 1490 1355 πνεῦμα),
1534 1298 1607 1340 ἀλλ’
1636 1298 1771 1353 ἐπειδὴ
1802 1298 1830 1353 ἦ
1853 1314 1917 1342 σο·

378 1374 452 1423 φία
476 1369 532 1411 ὢν
554 1375 625 1412 τοῦ
647 1367 813 1424 πατρὸς,
855 1369 921 1410 καὶ
954 1366 1140 1421 δύναμις,
1182 1369 1247 1409 καὶ
1274 1367 1409 1423 λόγος,
1452 1365 1571 1416 αὐτὸς
1599 1366 1647 1408 τὰ
1674 1366 1802 1410 πάντα
1831 1369 1919 1422 ἐδῃ-

379 1436 591 1492 μιούργησε
619 1435 691 1478 σύν
717 1439 836 1491 πατρὶ
858 1437 925 1477 καὶ
949 1433 1046 1493 ἆγίῳ
1080 1435 1293 1488 πνεύματι,
1334 1437 1401 1476 ἵνα
1424 1438 1527 1493 δείξῃ
1551 1434 1612 1477 ὅτι
1633 1434 1677 1478 τὸ
1706 1437 1830 1478 αἴτιον
1849 1440 1920 1489 τῆς

378 1510 449 1547 τοῦ
470 1503 598 1558 Ἀδάμ
629 1503 891 1559 παραβάσεως
926 1501 998 1544 οῦκ
1024 1501 1102 1545 άπό
1128 1507 1198 1544 τοῦ
1223 1504 1482 1554 πεπλακέναι,
1524 1503 1618 1545 οὐδὲ
1647 1502 1724 1546 άπὸ
1749 1508 1821 1546 τοῦ
1853 1520 1919 1546 πε-

378 1574 583 1626 ποιηκέναι
608 1570 651 1614 τὸ
679 1569 867 1626 άμαρτὲς,
912 1570 969 1624 3ἢ
993 1569 1035 1613 τὸ
1068 1576 1137 1625 τῆς
1168 1575 1394 1626 παρακοῆς,
1436 1572 1562 1624 ἔσχεν,
1605 1569 1682 1612 ἄλλ’
1711 1570 1791 1613 άπὸ
1819 1573 1921 1620 ἰδίας

379 1641 663 1696 προαιρέσεως,
694 1641 760 1680 ἵνα
784 1638 854 1692 τήν
886 1641 1042 1680 δικαίαν
1065 1641 1193 1694 κρίσιν
1225 1641 1278 1688 εἰς
1310 1640 1418 1687 τέλος
1443 1638 1684 1694 διεξαγάγοι,
1725 1637 1779 1688 οἷς
1809 1636 1919 1680 εἶπεν

379 1705 401 1750 ὁ
421 1706 600 1758 Ἠσαίας,
634 1706 823 1760 Κάλαμον
849 1707 1172 1762 συντετριμμένον
1202 1704 1250 1748 ού
1274 1705 1468 1757 κατεάξει,
1507 1707 1575 1748 καὶ
1607 1709 1714 1748 λίνον
1747 1705 1919 1760 τυφόμε-

377 1793 446 1818 νον
474 1774 522 1817 οὕ
551 1776 696 1829 σβέσει,
738 1776 811 1823 ἕως
843 1773 1022 1830 ἐξαγάγοι
1052 1773 1122 1828 τὴν
1157 1777 1284 1830 κρίσιν
1319 1776 1372 1823 εἰς
1403 1780 1533 1824 νῖκος,
1576 1775 1644 1816 καὶ
1671 1779 1726 1831 τῷ
1756 1773 1921 1828 ὀνόματι

379 1843 501 1886 αὐτοῦ
533 1845 632 1897 ἔθνη
664 1845 850 1885 ἐλπιοῦσι.
912 1840 1112 1897 Καθάπερ
1146 1843 1212 1884 καὶ
1234 1843 1365 1895 Δαβὶδ
1397 1842 1487 1897 περὶ
1521 1840 1645 1884 αὐτοῦ
1675 1843 1828 1897 εἴρηκε,
1859 1840 1918 1893 τό,

381 1913 462 1953 Καὶ
495 1910 668 1965 νικήσεις
704 1912 744 1952 ἐν
768 1915 823 1968 τῷ
845 1912 1051 1965 κρίνεσθαί
1082 1925 1132 1952 σε.
1192 1908 1356 1965 Ἐκρίθη
1387 1908 1460 1965 γάρ
1492 1911 1559 1951 ἵνα
1589 1912 1736 1965 κρίνων
1759 1912 1922 1959 δικαίως

380 1978 513 2037 φράξῃ
544 1978 591 2020 τά
617 1977 789 2031 στόματα
814 1983 892 2019 τῶν
922 1977 1137 2031 μελλόντων
1168 1976 1387 2034 άντιλέγειν.
1452 1976 1510 2018 Οὐ
1532 1975 1605 2033 γάρ
1629 1976 1835 2031 δυνήσεταί
1863 1994 1921 2027 τις

381 2045 589 2102 άντιλέγειν
609 2050 655 2103 τῇ
682 2043 804 2087 αὐτοῦ
839 2048 971 2102 δικαίᾳ
1002 2049 1135 2101 κρίσει.
1193 2044 1380 2101 Ἐφόρεσε
1400 2044 1475 2100 γάρ
1506 2043 1549 2086 τὸ
1574 2049 1686 2098 σῶμα
1707 2043 1922 2100 τάχραντον

383 2113 510 2156 4αῦτό
536 2112 791 2168 συντηρήσας.
855 2112 914 2154 Οὐ
939 2112 1012 2169 γάρ
1042 2113 1065 2155 ὃ
1087 2115 1242 2169 γέγονεν
1267 2115 1308 2156 ἐν
1333 2118 1387 2171 τῷ
1419 2111 1623 2168 α’νθρώπω
1656 2111 1755 2154 5άπ’
1785 2111 1919 2168 ἀρχῆς,

381 2183 578 2224 τουτέστιν
604 2183 643 2223 ἐν
668 2185 722 2238 τῷ
747 2179 897 2234 Ἀδάμ,
941 2180 1098 2231 πάντως
1123 2184 1176 2231 εἰς
1211 2186 1358 2224 6τοῦτο
1387 2183 1430 2223 ἐκ
1461 2186 1530 2223 τοῦ
1555 2183 1817 2236 δημιουργοῦ,
1847 2185 1920 2223 τοῦ

381 2247 560 2293 άναιτίου
582 2254 650 2303 τῆς
670 2253 740 2291 τοῦ
760 2247 883 2302 Ἀδάμ
906 2247 1093 2304 ἁμαρτίας
1102 2283 1112 2301 ,
1143 2254 1213 2292 τοῦ
1234 2248 1419 2303 ἁμαρτεῖν
1440 2250 1591 2304 γέγονε,
1622 2250 1688 2291 καὶ
1714 2247 1780 2290 διά
1802 2253 1918 2292 τοῦτο

379 2317 571 2373 ἥμαρτεν,
615 2315 709 2359 άλλά
745 2315 786 2358 τὸ
823 2315 1070 2366 αὐτεξούσιον
1102 2315 1208 2375 αὐτῷ
1241 2317 1496 2368 7ἆπέδωκεν,
1541 2317 1608 2359 καὶ
1638 2318 1762 2366 αἴτιος
1796 2317 1922 2374 ἑαυτῷ

381 2387 543 2435 ἕκαστος
567 2388 712 2440 γίνεται
737 2382 937 2440 άμαρτίας.
998 2383 1077 2427 Διά
1099 2402 1159 2427 τοι
1184 2389 1301 2427 τοῦτο
1325 2383 1496 2434 άναίτιος
1518 2382 1540 2426 ὁ
1561 2382 1799 2439 δημιουργός
1824 2384 1922 2433 θεός

384 2452 519 2509 λόγος,
559 2451 581 2495 ὁ
617 2452 688 2494 σύν
717 2453 836 2508 πατρὶ
870 2455 1004 2501 κτίσας
1035 2452 1103 2494 τόν
1137 2451 1374 2508 ἄνθρωπον,
1414 2454 1481 2494 καὶ
1502 2451 1574 2494 σύν
1596 2457 1650 2510 τῷ
1677 2450 1774 2509 ἁγίῳ
1797 2449 1920 2494 αὐτοῦ

381 2520 587 2574 πνεύματι,
620 2519 825 2570 ἀθάνατος
835 2554 845 2571 ,
875 2522 943 2562 καὶ
966 2518 1176 2574 ἄχραντος,
1209 2523 1290 2578 ἰδία
1319 2519 1479 2573 δοκήσει
1506 2518 1661 2578 άρρήτῳ
1683 2521 1759 2562 τινὶ
1777 2522 1921 2572 σοφίας

381 2592 580 2646 μυστηρίῳ
603 2588 901 2644 ἐνηνθρώπησε,
918 2592 1070 2638 τελείως
1090 2588 1136 2630 τά
1157 2587 1286 2631 πάντα
1308 2587 1593 2642 ἀναδεξάμενος
1610 2585 1708 2644 ὑπὲρ
1730 2591 1798 2629 τοῦ
1816 2589 1919 2629 ἰδίου

425 2692 455 2724 2.
482 2685 547 2734 ἆρα
573 2694 661 2725 codd.
684 2702 755 2725 mss.
804 2688 872 2733 ἄρα
895 2694 976 2724 editi.
1221 2692 1251 2726 6.
1277 2693 1389 2726 τοῦτον
1410 2695 1584 2732 suspicatus
1606 2692 1816 2724 estPetavius.
1857 2693 1920 2723 Ga-

425 2736 456 2769 3.
482 2740 685 2770 scribendum
708 2742 784 2777 puio
808 2734 884 2780 ἤτοι
906 2739 971 2780 τῆς
989 2749 1022 2771 π.
1176 2739 1300 2769 takerus
1332 2740 1351 2769 l.
1373 2739 1391 2769 l.
1418 2739 1550 2769 correxit
1573 2734 1704 2774 πάντως
1728 2736 1843 2775 τοῦτο,
1880 2734 1919 2769 ἐκ

427 2779 457 2813 4.
484 2779 584 2816 αὐτοῦ
609 2786 699 2822 recle,
725 2787 756 2815 ιιι
778 2786 854 2815 mihi
872 2784 1005 2822 videtur,
1033 2785 1129 2814 Gala·
1176 2782 1232 2816 τοῦ
1257 2783 1459 2825 δημιουργοῦ
1493 2778 1549 2820 δν,
1581 2785 1699 2813 vertens
1731 2780 1806 2811 Non
1833 2780 1920 2812 enim

382 2828 472 2859 herus
502 2829 628 2859 Advers.
663 2829 748 2860 Misc.
781 2839 811 2868 p.
836 2828 911 2861 2512.
970 2823 1129 2870 ἄχραντον
1176 2827 1265 2870 quod
1285 2827 1317 2858 in
1344 2827 1450 2870 primo
1473 2825 1625 2865 homine,
1661 2824 1732 2857 Ada
1756 2825 1918 2864 nimirum,

382 2873 508 2903 coniecit
520 2874 641 2912 Petav„
666 2877 819 2906 annotans
845 2873 963 2912 „Haec
985 2883 1050 2904 non
1074 2884 1129 2904 sa—
1175 2872 1215 2904 ab
1240 2872 1335 2904 initio
1358 2872 1531 2909 extiterat,
1568 2870 1633 2902 hoc
1659 2870 1770 2913 utique
1792 2882 1810 2902 a
1834 2882 1918 2902 con-

381 2916 423 2947 tis
447 2916 569 2958 liquida
593 2921 703 2948 suut.⁴‘
1176 2917 1284 2948 ditore
1300 2916 1427 2960 peccati
1447 2916 1531 2947 iuius
1552 2915 1681 2957 integro
1695 2925 1826 2957 prorsus
1843 2926 1918 2958 pro-

427 2962 456 2993 ὃ.
485 2963 582 2992 Verba
605 2957 660 2995 ἀπ’
692 2958 801 3006 ἀρχῆς
832 2982 844 2986 -
870 2982 884 2986 -
913 2960 1046 3000 πάντως
1068 2973 1129 2995 non
1177 2962 1311 2998 fectum,
1328 2960 1486 3004 peccandi
1499 2959 1588 2991 Adae
1611 2971 1720 2991 caussa
1736 2960 1808 2998 fuit,
1825 2959 1918 2992 ideo-

382 3009 560 3047 comparenz
578 3008 610 3039 in
632 3008 678 3038 ed.
693 3008 816 3040 Petavz'i
839 3009 939 3040 Colon.
964 3010 1103 3048 repetita.
1174 3018 1236 3050 que
1260 3006 1419 3050 peccavit.
1466 3006 1543 3038 Mihi
1562 3007 1667 3038 omnia
1688 3015 1768 3038 sana
1791 3014 1853 3039 esse
1870 3007 1918 3038 vi-
