2066 3319
188 466 275 508 Κεφ.
299 463 356 507 >.γ’.

212 2388 278 2416 pag.
297 2380 355 2408 650.

381 165 460 204 458
943 168 1103 201 SANCTI
1126 169 1351 201 EP1PHAN11

381 249 497 300 μένος
529 245 673 299 μάτην,
718 244 783 287 ὸιοὶ
814 244 884 299 τήν
907 240 1028 299 ἧτταν
1050 251 1120 299 τῆς
1141 245 1345 295 ἀσθενείας
1375 245 1519 298 αὐτοῦ,
1557 248 1659 288 18ἐκ
1689 251 1767 288 τῶν
1791 246 1913 290 αὐτοῦ

381 313 568 367 πομάτων
598 312 812 369 χρώμενος,
843 315 911 355 καὶ
940 318 1018 356 τῶν
1048 312 1170 356 ἄλλων
1198 319 1276 357 τῶν
1306 316 1350 357 ἐκ
1380 319 1449 368 τῆς
1478 313 1623 370 σαρκὸς
1651 314 1835 370 χρήσεων.

499 451 579 492 Καὶ
607 449 729 493 πολλά
758 452 860 492 ἐστιν
892 452 933 493 ἐν
967 449 1027 500 οἷς
1057 445 1173 500 οὗτος
1204 450 1363 504 στόματι
1394 453 1660 506 ψευδηγορίας
1687 449 1780 500 τούς
1808 450 1914 510 αὐτῷ’

379 520 614 568 πεισθέντας
638 517 823 573 ἡπάτησε.
885 523 1014 561 Ποῖον
1036 517 1108 574 γάρ
1136 517 1224 574 παρ’
1247 517 1353 577 αὐτῷ
1375 518 1422 562 οὐ
1442 520 1723 574 καταγέλαστον
1745 517 1787 561 τό
1810 518 1912 575 ήγεῖ-

379 593 474 629 σθαι
501 587 570 640 μὲν
593 586 640 628 τά
661 588 863 641 σπέρματα
885 591 1062 641 βοτανῶν
1084 603 1122 628 τε
1143 588 1210 628 καὶ
1235 587 1460 643 γενημάτων
1488 588 1556 629 καὶ
1582 585 1754 641 ὀσπρίων
1783 586 1914 641 ψυχάς

378 653 495 705 εἶναι,
528 653 581 704 ὥς
599 656 665 696 καὶ
687 661 837 710 γελοῖον
858 654 1149 711 ἐπιχειρήσομεν
1168 656 1289 711 λέγειν
1309 655 1407 698 κατὰ
1428 654 1499 709 τὴν
1519 655 1644 697 αὐτοῦ
1664 660 1912 708 μυθοποιΐαν

377 722 479 777 πρός
501 725 651 779 ἔλεγγον
672 721 804 765 αὐτοῦ.
849 723 955 775 ”Ὀτι,
995 729 1007 752 ¹
1023 726 1058 765 εἰ
1080 725 1205 778 ψυχαὶ
1226 723 1485 779 τυγχάνουσαι
1507 722 1646 765 κόκκοι
1667 729 1816 775 φακοῦ,
1845 725 1912 766 καὶ

380 794 628 845 2φασηλίου,
658 793 725 833 καὶ
757 797 772 820 3
789 793 1019 847 ἐρεβίνθου,
1049 793 1115 834 καὶ
1140 797 1218 834 τῶν
1247 790 1391 843 ἄλλων,
1422 789 1533 845 ψυχή
1557 791 1598 832 δὲ
1625 792 1690 832 καὶ
1715 791 1863 847 ταύρου
1887 789 1914 845 ή

378 858 488 913 αὐτή,
517 861 710 902 ἐπαινετοὶ
732 865 876 913 μᾶλλον
896 863 936 903 οἱ
953 865 973 889 4
987 865 1307 916 κρεωφαγοῐντες
1324 857 1423 901 κατά
1441 859 1509 901 τὸν
1530 857 1659 900 αὐτῶν
1677 858 1793 914 λόγον
1812 857 1912 916 ἤπερ

378 931 417 970 οἱ
447 927 517 978 τοὶς
545 931 737 978 πολιτείας
760 930 1022 979 ἐξασκοῦντες.
1083 930 1197 971 Δέδιε
1229 927 1321 984 γάρ,
1353 926 1452 970 κατά
1477 926 1547 981 τήν
1579 925 1702 969 αὐτοῦ
1727 929 1913 985 ῥαψῳδο-

377 1000 536 1049 ποιΐαν,
568 996 622 1050 μή
653 1015 737 1046 πως
769 996 990 1051 μεταλαβών
1019 996 1227 1051 ἐμψύχων,
1264 996 1373 1047 ζώων
1399 1013 1438 1038 τε
1468 997 1535 1038 καὶ
1560 1000 1638 1037 τῶν
1671 994 1815 1046 ἄλλων,
1845 998 1914 1038 καὶ

378 1063 496 1113 αύτός
519 1064 657 1118 ὅμοιος
678 1067 842 1120 γένηται.
909 1064 1145 1108 Τούναντίον
1175 1070 1327 1118 μᾶλλον.
1386 1063 1653 1113 Συνελθόντες
1677 1062 1750 1119 γάρ
1773 1062 1914 1120 ἄνδρες

377 1132 637 1186 πεντήκοντα,
667 1132 694 1186 ἢ
714 1135 781 1175 καὶ
803 1132 962 1184 ἕκατὸν,
995 1135 1032 1183 ἐξ
1056 1132 1142 1182 ἑνὸς
1163 1132 1310 1187 ταύρου
1333 1135 1373 1174 οἱ
1388 1131 1531 1181 πάντες
1548 1130 1828 1187 τραφήσονται,
1860 1130 1913 1182 ὥς

375 1200 474 1243 κατά
501 1200 572 1255 τήν
600 1200 720 1243 αὐτοῦ
753 1205 923 1255 ματαίαν
955 1204 1240 1253 συκοφαντίαν,
1275 1200 1415 1253 5ὅμως
1447 1199 1547 1255 πρὸς
1580 1201 1732 1255 ἔλεγχον
1759 1201 1913 1243 λεκτέον

377 1270 435 1312 ὅτι
467 1273 508 1312 οἵ
534 1269 793 1324 πεντήκοντα,
828 1268 888 1323 θῆ
911 1272 950 1311 οἱ
976 1268 1134 1320 ἑκατόν,
1165 1270 1293 1322 ἔνοχοι
1314 1271 1487 1324 γίνονται
1516 1272 1607 1321 μιᾶς
1637 1273 1787 1321 ψυχῆς,
1819 1266 1842 1310 ὁ
1871 1268 1913 1310 δὲ

377 1338 471 1388 τούς
491 1338 663 1387 κόκκους
684 1343 761 1379 τῶν
785 1336 1019 1392 σπερμάτων
1044 1339 1188 1379 ἐσθίων
1211 1341 1354 1390 μᾶλλον
1379 1338 1420 1379 ἐν
1445 1337 1501 1378 ἕνὶ
1527 1339 1724 1393 βροχισμῷ
1749 1335 1911 1390 μεταλή-

378 1419 486 1459 ψεως
514 1405 724 1461 τριάκοντα
755 1407 821 1448 καὶ
854 1404 1140 1460 τεσσαράκοντα
1171 1410 1311 1459 ψυχῶν
1342 1407 1448 1447 ἔσται
1479 1406 1615 1454 αἴτιος.
1676 1405 1756 1446 Καὶ
1784 1403 1913 1447 πάντα

376 1473 498 1517 αὐτοῦ
530 1473 674 1527 μάταια
703 1476 771 1516 καὶ
799 1473 998 1530 γελοιώδη.

490 1544 619 1584 Παντὶ
642 1542 715 1598 γάρ
744 1548 798 1600 τῷ
827 1547 925 1585 νοῦν
957 1544 1081 1596 ἔχοντι
1113 1543 1153 1584 ἐν
1182 1544 1304 1598 κυρίῳ
1335 1540 1382 1582 τοὶ
1407 1545 1478 1594 τῆς
1507 1538 1694 1594 ἀληθείας
1722 1540 1912 1596 τεκμήρια

377 1610 521 1664 εὔδηλα
547 1610 753 1664 δήπουθέν
778 1613 880 1654 ἐστιν
901 1613 940 1661 ἐξ
962 1610 1082 1664 αὐτῆς
1102 1615 1172 1664 τῆς
1193 1608 1385 1663 ἀληθινῆς
1410 1612 1668 1660 διδασκαλίας.
1729 1611 1809 1651 Καὶ
1838 1610 1911 1665 γάρ

377 1685 447 1722 τοῦ
475 1685 650 1734 σωτῆρος
680 1679 796 1722 οὐδὲν
827 1678 1088 1734 α’ληθέστερον
1121 1677 1221 1733 πρὸς
1253 1676 1508 1731 ἀποκάλυψιν
1540 1684 1641 1732 ζωῆς
1670 1675 1910 1734 οἷνθριόπων.

378 1747 528 1790 Φάσκει
558 1747 629 1804 γάρ
662 1743 777 1797 οὗτος
799 1745 822 1789 ὅ
846 1750 1048 1803 βάρβαρος
1076 1745 1171 1800 ἡμῖν
1196 1745 1429 1802 παρελθών,
1464 1749 1644 1801 Πέρσης,
1673 1747 1742 1788 καὶ
1771 1749 1914 1796 δοῦλος

375 1815 446 1870 τήν
465 1816 623 1872 γνώμην
652 1814 782 1869 (οὐδὲν
805 1814 879 1872 γάρ
907 1815 1038 1858 ἐλύπει
1057 1814 1101 1857 τὸ
1129 1818 1274 1857 δοῦλον
1303 1813 1424 1857 αὐτόν
1455 1812 1553 1856 εἶναι
1576 1813 1675 1857 κατά
1696 1814 1740 1856 τὸ
1771 1820 1911 1869 σῶμα),

376 1886 474 1938 φησὶ
500 1880 572 1927 οὗν
591 1883 651 1926 ὅτι
673 1889 797 1926 πᾶσαι
821 1887 864 1926 αἱ
882 1886 1008 1938 ψυχαὶ
1030 1887 1110 1926 ἴσαι
1135 1885 1252 1935 εἰσὶν,
1284 1884 1352 1925 καὶ
1377 1881 1400 1936 ἦ
1423 1885 1492 1936 μία
1516 1884 1555 1925 ἐν
1577 1882 1699 1925 ἅπασι
1719 1882 1912 1939 τυγχάνει,

375 1955 417 1994 ἔν
441 1970 480 1994 τε
503 1951 733 2007 ἀνθρώποις
755 1954 820 1994 καὶ
840 1952 1017 2006 κτήνεσι,
1048 1953 1115 1994 καὶ
1137 1953 1280 2005 θηρσὶ,
1310 1953 1377 1994 καὶ
1399 1957 1606 2002 πετεινοῖς,
1637 1953 1704 1993 καὶ
1723 1953 1912 2007 ἑρπετοῖς,

374 2022 440 2062 καὶ
464 2020 579 2071 ζώοις
602 2027 764 2074 πτηνοῖς
785 2038 823 2062 τε
845 2023 909 2062 καὶ
936 2023 1124 2071 ἐναλίοις,
1155 2018 1372 2068 κνωδάλοις
1392 2036 1449 2070 τε,
1479 2021 1547 2062 καὶ
1571 2021 1612 2062 ἐν
1637 2020 1830 2075 σπέρμασι
1855 2035 1913 2075 γε-

374 2087 580 2142 νημάτων,
613 2090 653 2130 ἐν
687 2088 816 2138 ξύλοις
845 2106 905 2140 τε,
935 2091 1002 2131 καὶ
1030 2091 1070 2131 ἐν
1092 2095 1175 2137 τοῖς
1206 2087 1334 2137 ἄλλοις
1358 2093 1477 2129 πᾶσιν
1504 2086 1670 2143 ὁρατοῖς.
1731 2088 1812 2128 Καὶ
1842 2086 1915 2141 οὐχ

374 2156 502 2206 οὕτως
522 2155 719 2207 ὑπέδειξεν
741 2155 764 2198 ὅ
785 2156 922 2211 κύριος
946 2155 1068 2211 ἡμῶν.
1118 2151 1174 2197 ῒΗ
1189 2155 1285 2212 γάρ,
1317 2155 1446 2198 ἐλθών
1465 2161 1589 2198 σῶσαι
1609 2155 1681 2209 τήν
1701 2153 1913 2211 ἅνθρωπό-

374 2243 490 2279 τητα,
521 2226 586 2266 καὶ
611 2223 682 2278 τήν
707 2228 784 2266 τῶν
804 2231 958 2278 κτηνῶν
981 2227 1148 2268 ἐποιεῖτο
1174 2223 1246 2278 τήν
1274 2229 1343 2277 τῆς
1368 2223 1506 2273 ἰάσεως
1535 2223 1755 2278 ἐπιμέλειάν
1777 2240 1818 2265 τε
1845 2224 1914 2265 καὶ

375 2296 604 2349 θεραπείαν,
634 2294 702 2334 καὶ
723 2291 936 2334 οἷνάστασιν
958 2298 1036 2335 τῶν
1058 2292 1322 2335 πεπτωκότων
1345 2291 1455 2343 ζώων
1479 2291 1670 2347 συνάγων.
1725 2289 1819 2333 Ἀλλ’
1843 2289 1914 2345 οὐχ

377 2362 504 2411 οὕτως
534 2364 741 2417 διηγεῖται,
780 2359 872 2402 οὐδὲ
906 2361 1032 2410 οὕτως
1064 2361 1260 2412 διδάσκει,
1299 2360 1352 2414 μή
1387 2361 1550 2416 γένοιτο.
1609 2359 1703 2402 Ἀλλ’
1732 2357 1815 2402 οἶδε
1843 2359 1913 2413 μὲν

375 2429 494 2480 αὐτός
518 2429 586 2479 τάς
614 2428 746 2484 ψυχάς
775 2434 852 2471 τῶν
884 2428 1112 2484 ἀνθρώπων
1142 2429 1295 2481 σώζειν,
1337 2424 1397 2487 Τῇ
1426 2427 1644 2482 συλλήβδην
1672 2426 1913 2481 συνειληφώς

375 2497 441 2540 διά
464 2504 534 2541 τοῦ
557 2500 782 2553 αἰνίγματος
805 2499 902 2550 ἔφη,
941 2496 1022 2538 Οὐκ
1047 2493 1196 2550 ἦλθον,
1228 2500 1262 2539 εἰ
1287 2497 1340 2551 μή
1362 2496 1427 2539 διά
1450 2496 1493 2539 τό
1521 2496 1722 2552 πρόβατον
1745 2494 1787 2538 τὸ
1813 2494 1910 2538 άπο-

375 2566 515 2618 λωλός,
546 2569 611 2608 ἵνα
634 2569 724 2624 εἴπῃ
747 2570 878 2607 πᾶσαν
899 2565 1020 2618 φύσιν
1044 2564 1306 2621 άνθρωπείαν.
1368 2567 1448 2607 Καὶ
1470 2568 1507 2607 τί
1526 2579 1643 2618 φησι,·
1672 2563 1911 2619 Έθεράπευε

425 2717 472 2748 1³.
499 2718 647 2756 Suspicor
674 2716 884 2755 reponendum
906 2725 968 2747 esse
996 2713 1034 2748 ἐκ
1056 2726 1120 2748 τοι·
1169 2713 1290 2759 στάχυ)
1315 2718 1380 2747 cett.
1417 2716 1501 2746 Libri
1521 2715 1632 2746 habent
1651 2712 1819 2755 φασίλεος.
1852 2716 1910 2746 Pe-

378 2758 480 2794 oth-‹n›
511 2761 690 2813 πωμάτων.
749 2763 860 2792 Dubito
899 2763 979 2792 enim
1013 2758 1055 2793 τὰ
1086 2758 1121 2798 ἐξ
1167 2763 1269 2791 {avius
1300 2763 1475 2800 suspicatus
1505 2763 1549 2792 est
1580 2758 1721 2802 φασίλου
1762 2761 1811 2790 vel
1844 2770 1910 2802 φα-

378 2802 499 2839 αυτοῧ
491 2805 626 2849 πόματα
651 2808 713 2838 dici
729 2816 817 2846 posse
841 2807 948 2838 lotium
971 2816 1029 2846 quo
1053 2807 1122 2845 quis
1169 2816 1201 2837 σι
1204 2804 1288 2838 ὀλου-

374 2861 432 2891 pro
454 2855 528 2891 potu
552 2855 658 2883 utitur.
1212 2850 1243 2882 3.
1268 2849 1418 2893 ῥεβίνὶῐου
1442 2851 1510 2881 cod.
1531 2850 1592 2881 Ien.
1641 2848 1810 2893 ρεβίνῧου,
1846 2853 1910 2883 sine

423 2896 500 2927 CAP.
520 2897 682 2928 XXXIII.
705 2915 748 2920 -
798 2897 826 2928 1.
851 2896 885 2929 αἱ
908 2897 975 2928 cod.
994 2897 1120 2935 Rhediy.
1167 2897 1376 2935 aspiratione,
1400 2896 1465 2927 cod.
1488 2895 1614 2933 Rhediy.

444 2943 598 2994 φασηλ
595 2941 640 2974 ὀυ
666 2944 783 2973 restilui
802 2945 939 2981 respectu
961 2943 1019 2973 loci
1049 2951 1120 2980 cap.
1213 2940 1242 2971 4.
1267 2941 1540 2982 κρεωφαγοῦντες
1571 2941 1718 2971 librorum
1746 2950 1818 2973 mss.
1851 2950 1909 2972 au-

375 2985 429 3020 28.
452 2981 475 3030 ἦ
500 2985 548 3025 εἰς
571 2983 734 3029 φασηλια,
759 2981 784 3029 ἠ
808 2986 855 3025 εἰς
876 2986 1007 3029 κρίὸην,
1029 2981 1053 3028 η“
1075 2984 1122 3024 εἰς
1167 2987 1302 3017 ctoritate
1323 2987 1448 3017 restitui.
1494 2985 1578 3016 Edita·
1598 2982 1680 3027 κρέα
1700 2985 1893 3028 φαγοῦντες.
