2056 3298
830 584 1012 624 §Axon

578 687 1264 744 EPIPHANII

280 822 782 872 CONTRA
869 824 1563 874 HAERESES

710 948 827 980 LIBRI
856 949 897 980 Π.
932 949 1084 981 ToMUs
1111 950 1134 981 I.

431 1109 838 1159 ADVERSUS
894 1110 1409 1172 ENCRATITAS,

378 1206 486 1252 quae
533 1195 600 1239 est
643 1190 838 1239 haeresis
874 1191 1096 1252 XXVII„
1146 1192 1238 1241 sive
1275 1192 1467 1241 XLVII.

260 1289 338 1345 Qui
364 1289 592 1332 Encratitae
615 1300 830 1343 vocantur,
876 1292 1046 1334 Tatiano
1069 1302 1368 1343 successerunt,
1413 1295 1523 1336 cuius
1550 1295 1693 1335 errori·
1720 1304 1797 1346 Cap.
1822 1304 1844 1333 1.

145 1358 216 1399 bus
242 1359 374 1400 imbuti
400 1367 513 1411 sunt,
552 1362 786 1416 eosdemque
809 1363 922 1402 novis
947 1362 1191 1417 opinionibus
1215 1364 1483 1413 cumularunt,
1518 1371 1555 1404 et
1576 1364 1694 1404 maio-

145 1441 211 1468 res
237 1442 358 1483 nugas
382 1442 426 1469 ac
447 1429 582 1470 deliria
608 1431 815 1470 commenti
842 1438 946 1471 sunt.
1009 1429 1157 1470 Horum
1180 1431 1319 1486 ingens
1342 1439 1401 1471 est
1424 1432 1535 1472 hodie
1561 1446 1694 1472 nume-

146 1510 214 1537 rus
239 1497 275 1537 in
302 1495 471 1547 Pisidia,
506 1512 628 1552 eaque
654 1496 849 1554 Phrygiae
873 1506 979 1554 parte
1007 1513 1103 1553 quae
1126 1500 1277 1539 Adusta
1304 1500 1457 1540 dicitur.
1522 1498 1634 1554 Quod
1660 1501 1693 1541 ei

146 1566 296 1619 regioni
326 1579 466 1606 nomen
493 1574 601 1607 certo
634 1567 693 1607 dei
721 1567 883 1608 consilio
912 1568 1072 1607 forsitan
1097 1567 1258 1608 inditum
1282 1576 1364 1618 est,
1409 1569 1507 1623 quod
1535 1569 1621 1609 talis
1649 1583 1694 1609 ae

147 1634 242 1674 tanti
265 1634 413 1675 erroris
435 1635 624 1690 pravitate
646 1635 747 1676 illius
766 1635 918 1675 incolae
940 1636 1220 1690 quodammodo
1241 1637 1584 1690 conflagraverint.
1623 1637 1696 1679 Est

146 1701 247 1742 enim
278 1702 506 1743 haeresibus
533 1704 706 1758 apprime
731 1705 892 1744 referta.
955 1702 1168 1744 Praeterea
1195 1718 1290 1745 vero
1318 1704 1357 1744 iu
1383 1705 1506 1746 Asiae
1535 1707 1692 1761 provin-

148 1769 243 1821 ciis,
276 1778 313 1811 et
341 1771 378 1811 iu
410 1769 582 1821 lsauria,
617 1770 868 1827 Pamphylia,
905 1769 1067 1822 Cilicia,
1114 1772 1268 1813 Galatia
1296 1771 1525 1814 Encratitae
1553 1789 1693 1830 propa-

145 1839 224 1894 gati
253 1846 365 1889 sunt,
400 1839 476 1880 imo
504 1847 542 1881 et
568 1840 606 1880 in
633 1839 812 1881 Romano
837 1848 988 1892 tractu,
1024 1848 1061 1881 et
1086 1841 1334 1882 Antiocheno
1362 1843 1400 1883 in
1426 1841 1566 1899 Syria,
1602 1844 1693 1884 licet

147 1922 225 1949 non
255 1908 396 1963 ubique
429 1909 662 1964 pervaserit.

259 2043 457 2101 Principia
483 2046 598 2087 etiam
624 2046 679 2086 illi
704 2046 811 2102 plura
838 2047 1100 2098 constituunt,
1146 2054 1182 2088 et
1208 2047 1312 2088 inter
1339 2061 1385 2088 ea
1414 2048 1605 2089 diabolum
1633 2063 1694 2090 re-

147 2114 303 2165 ferunt,
339 2128 450 2169 quem
478 2115 538 2155 dei
564 2115 746 2170 operibus
773 2116 997 2167 adversari,
1031 2130 1102 2156 nec
1129 2116 1181 2156 illi
1208 2130 1297 2157 esse
1323 2117 1515 2158 subditum
1544 2119 1691 2169 volunt,

145 2184 213 2224 sed
242 2183 450 2238 praecipua
477 2184 638 2237 quadam
666 2191 857 2239 potestate
884 2185 1095 2239 praeditum
1129 2199 1247 2240 agere
1277 2199 1373 2240 quae
1397 2185 1574 2236 libuerit,
1617 2201 1694 2227 non

146 2251 292 2292 malitia
318 2253 585 2307 depravatum.
650 2250 748 2293 Cum
775 2252 942 2293 ecclesia
967 2253 1104 2309 quippe
1128 2253 1285 2294 minime
1311 2257 1582 2304 consentiunt,
1624 2256 1694 2296 sed

145 2334 166 2360 a
190 2319 369 2360 veritatis
392 2320 568 2361 doctrina
592 2320 745 2375 longius
769 2321 967 2362 aberrant.
1030 2321 1138 2362 luter
1164 2323 1369 2377 primarias
1391 2323 1605 2378 scripturas
1629 2325 1694 2364 ha-

146 2387 241 2429 hent
272 2389 456 2430 Andreae
491 2404 535 2430 ac
568 2387 725 2430 loannis
755 2390 883 2441 Acta,
927 2404 998 2431 nec
1032 2405 1108 2431 non
1134 2390 1335 2441 Thomae,
1379 2399 1417 2432 et
1451 2393 1694 2448 apocryphos

145 2457 257 2498 alios.
301 2457 335 2498 E
361 2465 494 2499 vetere
517 2457 773 2499 Testamento
797 2473 895 2513 quae
917 2459 1072 2500 libuerit
1096 2460 1258 2514 eligunt.
1301 2458 1535 2515 Nuptiarum
1559 2470 1691 2503 aucto·

144 2540 224 2567 rem
247 2526 438 2567 diabolum
460 2527 667 2567 manifeste
689 2528 945 2568 constituunt.
1009 2529 1204 2569 Animatis
1230 2529 1335 2569 vesci
1361 2529 1579 2583 prohibent,
1614 2546 1690 2571 non

145 2595 425 2650 temperantiae
457 2596 612 2645 studio,
658 2610 781 2650 neque
815 2596 998 2652 peculiari
1031 2611 1082 2637 ex
1113 2597 1288 2638 instituto
1320 2597 1447 2646 vitae,
1492 2599 1559 2639 sed
1595 2599 1690 2640 salso

143 2664 308 2719 quodam
335 2671 373 2704 et
399 2663 578 2705 affectato
605 2672 733 2714 metu,
778 2679 826 2705 ne
853 2665 900 2705 ob
923 2665 1177 2706 animatorum
1204 2680 1314 2706 usum
1337 2665 1409 2706 sibi
1435 2666 1506 2721 ipsi
1532 2669 1690 2709 damna-

142 2733 288 2773 tionem
314 2740 532 2774 arcessant.
594 2735 746 2787 Aquam
775 2733 821 2773 ad
847 2734 1034 2789 mysteria
1064 2735 1184 2774 solam
1211 2733 1407 2774 adhibent.
1471 2734 1571 2776 Nam
1598 2738 1689 2778 vino

144 2802 296 2855 penitus
330 2802 549 2853 abstinent,
593 2810 631 2842 et
666 2801 893 2843 diabolicum
928 2802 1142 2857 appellant3
1188 2803 1287 2856 quod
1326 2803 1388 2857 qui
1425 2804 1555 2845 bibant
1589 2820 1686 2846 eoi-e

189 2971 219 3004 3.
239 2974 286 3005 lta
305 2975 436 3005 correxit
456 2975 603 3006 Petamus
626 2977 652 3005 et
673 2975 729 3006 los.
746 2975 897 3015 Scaliger.
943 2975 1052 3004 narius
1066 2975 1153 3004 vertis
1165 2983 1175 3004 .·
1197 2973 1263 3005 Sed
1281 2981 1314 3006 et
1328 2974 1361 3007 iu
1378 2975 1553 3008 Antiochia
1567 2977 1689 3020 Syriae,

143 3017 232 3050 Libri
248 3021 356 3058 scripti
384 3022 411 3051 et
440 3021 514 3051 editi
535 3020 645 3052 hebent
666 3018 773 3053 παντὶ.
823 3021 895 3052 Cor·
944 3029 1010 3050 non
1036 3025 1108 3050 tota
1134 3026 1264 3059 autem,
1289 3020 1371 3053 haec
1394 3020 1537 3054 haeresis
1563 3030 1622 3054 est.
