2066 3319
548 198 728 231 PANAmi
753 198 835 232 Lm.
858 200 898 232 11.
923 199 1030 233 ToM.
1053 202 1076 233 1.
1102 201 1234 234 HAER.
1257 202 1364 234 an.
1647 194 1727 234 219

189 279 336 321 unitate
360 293 430 320 sua
455 278 645 329 discreta,
681 278 747 318 sed
777 284 889 333 pater
914 293 1007 319 vere
1040 280 1154 321 filium
1187 281 1343 335 genuit,
1379 289 1417 322 et
1449 283 1549 323 filius
1581 295 1675 323 vere
1707 296 1729 322 a

187 355 296 403 patre
328 347 506 402 genitus,
549 346 587 386 in
625 360 791 400 persona
824 361 893 387 sua
925 347 1168 399 subsistens,
1212 350 1319 389 initio
1353 351 1477 391 omnis
1509 365 1651 407 expers
1683 364 1727 391 ac

188 414 388 471 temporis.
453 413 547 454 ltem
575 414 732 469 spiritus
757 422 914 456 sanctus
940 430 960 456 a
988 423 1117 470 patre,
1151 424 1189 457 et
1215 418 1315 467 lilio,
1351 426 1389 457 et
1420 420 1553 459 eadem
1590 418 1728 459 divini-

189 491 266 525 tate
290 483 485 539 praeditus
510 497 532 522 a
557 490 668 535 patre
693 487 886 535 procedit,
922 492 959 523 et
981 499 1002 523 a
1025 487 1117 536 filio
1142 500 1285 538 semper
1308 490 1466 538 accipit,
1503 501 1600 527 unus
1633 488 1934 532 deustoan11.6‚1⁴.

187 552 331 607 primus
357 565 402 592 ac
427 550 636 606 posterior.
699 550 824 591 Porro
852 552 1012 592 alterius
1038 554 1234 593 cuiusdam
1268 555 1412 607 negotii
1437 555 1728 596 administrandi

186 619 334 673 gratia,
369 626 482 674 atque
508 633 560 660 ex
585 618 787 673 ipsiusmet.
809 618 955 661 Christi
991 634 1156 675 persona
1183 622 1227 660 ad
1254 635 1339 661 eum
1373 623 1526 663 modum
1558 624 1724 664 canitur.

187 685 285 728 Cum
318 694 445 728 autem
475 685 585 727 lesus
615 685 796 728 Christus
834 688 1011 728 dominus
1047 695 1181 729 noster
1212 703 1495 744 saepenumero
1532 692 1729 746 prophetis

184 756 427 812 apparuerit,
460 762 498 795 et
520 756 858 796 adventumsuum
884 756 1137 807 nuntiaverit,
1173 771 1216 797 ac
1240 758 1413 798 nonnulli
1440 759 1595 798 minime
1624 760 1726 800 illum

184 823 430 880 receperint,
464 823 525 878 qui
553 823 716 864 alterum
740 825 826 864 loco
855 824 977 879 ipsius
1004 832 1281 880 expectarent,
1315 826 1461 866 idcirco
1491 827 1537 867 ad
1566 841 1633 866 eos
1666 828 1729 881 qui

185 892 480 933 simulacrorum
511 892 852 947 superstitionibus
877 892 1059 948 implicati
1093 900 1227 945 erant,
1261 908 1307 934 ac
1333 895 1491 934 deorum
1520 895 1730 935 multitudi-

185 975 271 1002 nem
296 961 334 1001 in
360 961 493 1001 orbem
518 968 709 1001 terrarum
735 961 996 1013 invexerant,
1033 976 1079 1002 ne
1107 961 1258 1002 attoniti
1288 970 1326 1002 et
1350 963 1578 1004 aberrantes
1604 962 1731 1004 lsrae-

184 1030 276 1071 litae
299 1029 658 1079 Amorrhaeorum,
695 1026 1003 1081 Chettaeorum,
1039 1027 1390 1082 Chananaeorum,
1425 1030 1728 1083 Phereseorum,

183 1096 433 1148 Evaeorum,
469 1096 790 1152 Gergeseorum,
827 1096 1120 1150 lebusaeorum,
1156 1099 1444 1151 Arucaeorum,
1478 1100 1731 1141 Assennaeo-

183 1181 268 1208 rum
289 1167 497 1207 simulacra
517 1166 709 1217 colerent,
734 1167 1055 1221 quemadmodum
1077 1168 1313 1223 praedictum
1332 1168 1406 1209 illis
1430 1170 1569 1218 fuerat,
1593 1169 1732 1224 quippe

185 1242 223 1276 et
250 1234 498 1290 Beelphegor
525 1236 761 1285 adorarunt,
805 1242 844 1275 et
870 1233 1065 1287 Chamos,
1109 1244 1148 1276 et
1175 1236 1400 1287 Astartem,
1436 1244 1473 1277 et
1499 1236 1727 1289 Mazuroth,

184 1311 223 1344 et
250 1302 427 1355 Neaste,
463 1311 500 1343 et
524 1302 787 1354 Beelzebath,
823 1312 1029 1359 ceteraque
1062 1305 1270 1346 simulacra
1294 1306 1490 1359 gentium,
1524 1313 1731 1361 propterea

185 1371 362 1413 dominus
392 1373 444 1413 ita
475 1372 624 1413 locutus
656 1379 738 1413 ests
782 1376 866 1425 Ego
890 1388 970 1412 sum
1001 1377 1069 1426 qui
1093 1389 1197 1413 sum.-
1231 1389 1300 1427 ego
1323 1390 1402 1414 sam
1426 1379 1574 1428 primus
1605 1384 1642 1415 et
1663 1391 1730 1428 po-

183 1444 335 1480 sterior.
402 1439 491 1494 Quo
514 1441 600 1481 illos
626 1455 646 1480 a
672 1442 846 1482 confictis
867 1441 1066 1495 gentilium
1092 1443 1230 1483 sabulis
1254 1451 1484 1494 revocaret,
1519 1458 1616 1498 quae
1640 1444 1732 1484 deo-

187 1524 271 1550 rum
293 1509 575 1549 multitudinem
603 1516 856 1549 venerantur.
907 1509 1021 1563 Quod
1047 1517 1172 1550 autem
1199 1511 1363 1551 eundem
1392 1512 1507 1553 filium
1536 1512 1730 1552 dominum

187 1584 360 1617 nostrum
386 1575 515 1617 Iesum
543 1575 743 1618 Christum
768 1578 990 1618 venientem
1019 1579 1257 1634 repudiaturi
1289 1581 1436 1630 forent,
1479 1581 1571 1621 haec
1600 1582 1643 1620 ad
1669 1579 1733 1621 Iu-

188 1647 306 1687 dae-os
337 1646 455 1687 verba
483 1646 594 1686 fecit:
639 1650 723 1698 Ego
745 1662 825 1685 sum
855 1650 1001 1699 primas
1023 1656 1059 1686 et
1080 1651 1312 1687 noluissimus.
1378 1647 1533 1689 Primus
1564 1648 1729 1699 scilicet,

187 1715 249 1769 qui
279 1715 352 1755 huc
379 1728 495 1754 carne
523 1715 718 1769 praeditus
745 1715 925 1765 advenit,
961 1722 998 1755 et
1024 1716 1235 1756 novissime
1259 1723 1449 1757 venturus
1477 1718 1649 1757 iudicare
1675 1718 1732 1757 vi-

184 1797 257 1823 vos
294 1789 332 1822 et
363 1790 553 1823 mortuos,
617 1782 694 1837 Qui
729 1783 882 1837 quidem
912 1784 949 1823 in
981 1798 1097 1824 cruce
1131 1799 1269 1839 passus
1301 1799 1346 1825 ac
1378 1786 1575 1840 sepultus,
1618 1793 1733 1840 atque

187 1851 383 1892 excitatus
425 1866 446 1892 a
483 1850 670 1902 mortuis,
716 1867 799 1892 eum
835 1852 971 1892 eodem
1010 1867 1174 1907 corpore
1210 1853 1250 1893 in
1288 1853 1437 1894 coelum
1471 1861 1530 1894 est
1561 1854 1733 1908 gloriose

186 1920 422 1970 subvectus,
458 1927 497 1960 et
519 1920 565 1960 ad
596 1934 690 1960 suae
716 1920 929 1960 divinitatis
954 1921 1117 1974 gloriam
1144 1928 1371 1977 cooptatus,
1406 1936 1451 1962 ac
1473 1937 1576 1963 novo
1604 1923 1734 1978 splen-

187 1990 281 2030 dore
317 1989 589 2040 collustratus,
635 1996 673 2028 nt
710 2003 835 2043 neque
874 1997 1140 2030 contrectetur
1177 1990 1366 2045 amplius,
1414 2004 1538 2045 neque
1570 1999 1733 2032 mortem

188 2058 315 2113 possit
342 2057 556 2098 sustinere.
620 2061 805 2097 Sur-remit
827 2061 944 2106 enim,
980 2059 1034 2098 ait
1064 2058 1280 2114 scriptura,
1317 2062 1512 2109 Christus,-
1545 2076 1644 2100 mors
1675 2063 1737 2099 illi
1752 2071 1838 2099 Rom.
1859 2071 1892 2104 6,
1912 2071 1937 2097 9.

185 2129 288 2166 ultra
311 2142 384 2166 non
410 2127 675 2174 dominabitur,
713 2126 835 2181 inquit
859 2127 1074 2181 apostolus.
1138 2129 1198 2167 Ac
1222 2129 1309 2168 vide
1334 2143 1446 2183 quam
1471 2136 1611 2170 exacta
1637 2129 1734 2169 scri-

186 2203 323 2251 pturae
348 2195 448 2235 ratio
479 2202 653 2245 constet,
689 2202 848 2249 tutoque
871 2196 1035 2236 deducat
1059 2195 1275 2247 bominem,
1311 2211 1359 2237 ne
1384 2198 1422 2237 in
1455 2198 1682 2238 alterutrum
1712 2211 1733 2237 a

188 2263 357 2305 veritate
383 2270 529 2318 partem
557 2263 737 2313 excidat,
774 2271 813 2304 ut
841 2278 926 2304 cum
954 2264 1055 2304 illius
1087 2279 1196 2306 mens
1232 2266 1362 2320 plures
1395 2266 1467 2306 sibi
1502 2269 1595 2306 deos
1628 2266 1734 2306 effin-

187 2346 282 2388 gere
304 2331 489 2384 voluerit,
524 2332 653 2372 statim
677 2332 768 2372 illud
789 2333 938 2373 audiat:
972 2337 1154 2373 Dominus
1175 2337 1265 2374 dens
1287 2343 1372 2374 tuus
1393 2350 1488 2374 unus
1512 2343 1579 2374 est.
1631 2332 1730 2375 Cum
1751 2346 1877 2381 nenne,
1896 2348 1920 2374 4.

186 2408 316 2442 autem
356 2401 519 2441 alterum
561 2398 785 2451 Christum,
831 2409 986 2456 praeter
1023 2416 1111 2443 eum
1152 2402 1215 2457 qui
1252 2403 1324 2443 iam
1362 2404 1543 2453 advenit,
1587 2403 1732 2458 posteri

188 2468 347 2511 Israelis
374 2470 692 2524 expectaverint‚
728 2470 886 2510 audiant
912 2471 1107 2520 vicissim,
1151 2475 1234 2524 Ego
1257 2476 1424 2524 prinum,
1460 2480 1496 2510 e!
1519 2487 1588 2523 ego
1610 2475 1732 2511 novis·
1752 2485 1840 2520 Apoc.
1858 2486 1882 2519 1,
1902 2485 1926 2511 s.

187 2542 323 2578 sz'mus:
359 2544 419 2588 et,
454 2541 537 2590 Ego
567 2553 648 2577 sum
672 2542 712 2578 A
735 2547 773 2577 et
794 2540 859 2589 Ω,
905 2542 943 2578 A
974 2540 1178 2590 videlicet,
1213 2541 1312 2594 quod
1341 2541 1521 2580 deorsum
1557 2541 1730 2595 respicit,

187 2613 226 2648 et
248 2608 314 2657 Ω,
348 2607 448 2661 quod
474 2621 630 2648 sursum
656 2608 889 2648 obvertitur.
951 2606 1004 2650 Ut
1038 2616 1073 2649 et
1105 2609 1193 2650 illud
1222 2609 1450 2663 impleatur:
1486 2613 1561 2660 Qui
1584 2609 1938 2681 descen·{{{{}1¹j†j{‘1¹j

188 2679 263 2724 dit,
299 2679 376 2728 ipse
397 2684 455 2715 est
477 2679 545 2729 qai
570 2679 759 2715 ascendit:
792 2692 907 2729 supra
939 2692 1077 2717 omnem
1101 2681 1351 2730 principatum
1387 2685 1423 2716 et
1447 2686 1667 2729 poteslalem
1699 2687 1737 2717 et

189 2749 495 2792 dominationem,
539 2753 578 2783 et
603 2760 732 2784 nomen
766 2761 871 2785 omne
904 2749 1004 2799 quod
1036 2750 1263 2786 nominatur.
1329 2745 1388 2786 Ac
1417 2759 1464 2786 ne
1497 2746 1599 2787 alind
1633 2749 1733 2787 l'orte

191 2815 424 2870 suspiceris,
459 2820 498 2854 et
522 2827 590 2868 pro
617 2828 664 2854 eo
690 2815 789 2868 quod
818 2815 959 2855 dictum
987 2822 1071 2866 est,
1110 2818 1194 2866 Ego
1217 2829 1296 2853 snm
1325 2818 1472 2866 primas
1504 2824 1541 2855 et
1567 2831 1636 2868 ego
1667 2831 1733 2855 no-
1751 2822 1919 2892 {Gap—iffi

191 2886 385 2923 veis-simus.-
431 2891 492 2936 et,
525 2886 610 2935 Ego
643 2898 723 2923 sum
746 2887 787 2923 A
818 2892 857 2923 et
881 2885 946 2923 52:
993 2890 1054 2933 et,
1088 2886 1267 2922 Dominus
1295 2886 1386 2922 deas
1410 2891 1496 2923 tuus
1526 2900 1622 2924 unas
1653 2893 1729 2924 est:
1749 2893 1831 2954 19ζῶ
1854 2892 1936 2953 aad.

1763 2945 1774 2953 ,
1838 2947 1843 2953 .
1873 2947 1880 2961 ,
1932 2947 1937 2953 .
