2066 3319
568 191 747 224 PANAan
772 192 857 223 [ΑΒ.
877 192 917 223 11.
939 192 1047 224 ToM.
1068 194 1091 224 1.
1118 192 1247 224 HAER.
1270 193 1390 226 LXtv.
1672 187 1751 225 245

216 274 264 315 iis
289 279 417 312 tamen
443 271 488 312 ad
519 270 623 311 ilium
650 270 900 310 refellendum
937 284 1004 310 ero
1030 279 1235 312 contentus
1266 286 1363 326 quae
1392 272 1429 312 in
1465 273 1754 313 commentariis

216 343 252 381 in
276 341 441 395 priorem
462 337 657 379 Psalmum
682 339 872 378 adversus
895 338 981 378 ittos
1005 340 1187 379 disseruit
1209 341 1270 394 qui
1294 341 1620 381 resurrectionem
1647 348 1752 381 certa

215 407 327 449 nobis
359 420 426 461 spe
460 406 674 460 fiduciaque
708 406 940 461 propositam
974 420 1062 447 esse
1094 408 1164 448 sibi
1197 409 1446 462 persuadent.

327 474 400 515 Est
424 481 550 515 autem
579 474 638 514 bic
667 474 798 524 locus,
839 478 1041 526 Propterea
1069 491 1140 514 non
1171 484 1372 527 resurgent
1398 481 1504 528 e'mpz'e‘
1530 481 1566 516 2¹11
1597 481 1747 516 iudicio.
1778 478 1857 519 Cap.
1883 478 1927 508 Χ·

216 542 366 584 Deinde
401 542 719 596 quemadmodum
758 542 905 582 collatis
937 543 1169 583 editionibus
1199 544 1323 583 sucum
1360 545 1488 583 facere
1521 545 1641 595 solet,
1678 544 1750 595 lta,
1773 520 1924 548 psalma.

213 612 352 666 inquit,
388 610 627 660 Theodotio,
663 609 820 664 Aquita,
855 617 893 650 et
920 609 1193 665 Symmachus.
1258 610 1362 650 Tum
1387 611 1537 652 demum
1563 613 1751 654 adversus

212 678 388 720 veritatis
422 678 519 718 tilios
551 677 768 718 cavillando
800 678 873 717 ista
906 678 1075 718 subiicit.

323 746 466 796 Huius,
500 745 639 800 inquit,
673 746 745 785 loci
768 746 998 786 auctoritate
1022 746 1107 785 freti
1130 746 1387 801 simpliciores
1412 747 1561 800 quidam
1584 762 1634 788 ex
1660 749 1751 789 fide·
1765 747 1957 809 {zssssfgfifissf

213 815 312 856 libus
345 821 488 868 negant.
512 814 634 854 malos
666 814 967 854 resurrectionis
993 820 1192 868 compotes
1216 815 1388 864 futuros,
1423 822 1488 854 aut
1519 815 1580 855 dei
1612 816 1752 856 iudicio
1835 816 1889 842 ‘³⁰-

212 883 441 938 dignandos‚
477 896 601 936 neque
627 882 841 923 cuiusmodi
869 882 1214 932 resurrectionem,
1249 890 1312 922 aut
1338 883 1450 936 quale
1475 882 1547 923 sibi
1572 883 1753 923 iudicium

211 952 381 1005 fingant,
416 958 548 1005 aperte
582 950 676 990 satis
704 950 942 1005 exprimunt.
1008 950 1067 990 Ac
1098 949 1188 989 licet
1216 964 1323 990 suam
1353 951 1398 990 de
1431 950 1488 990 his
1520 952 1752 991 sententiam

211 1019 364 1074 aperire
401 1019 627 1069 videantur,
670 1018 752 1073 ipsa
787 1017 874 1058 illos
908 1018 1106 1072 inquisitio
1146 1018 1353 1058 convincet
1390 1019 1644 1074 ostendetque
1683 1033 1754 1059 nec

211 1088 310 1142 quod
337 1100 582 1141 consequens
607 1093 667 1127 est
694 1100 738 1126 ac
763 1086 977 1126 cohaerens
1002 1086 1153 1127 servari
1177 1087 1223 1126 ab
1248 1087 1322 1127 iltis
1350 1101 1487 1142 posse,
1522 1101 1594 1127 nec
1620 1101 1752 1127 resur-

209 1155 396 1196 rectionis
421 1169 465 1195 ae
496 1155 625 1194 iudicii
655 1155 808 1194 modum
835 1161 875 1194 et
906 1155 1095 1195 rationem
1121 1155 1314 1208 inteiligit.
1380 1154 1503 1209 Igitur
1526 1155 1558 1195 si
1585 1155 1753 1196 interro-

210 1237 345 1279 gemus
370 1223 568 1263 cuiusnam
595 1222 646 1262 sit
670 1224 795 1263 futura
820 1224 1079 1274 resurrectio,
1116 1220 1360 1278 Corporum,
1394 1224 1620 1278 respondet,
1654 1237 1752 1278 quae

210 1306 280 1332 nos
305 1293 418 1332 modo
444 1291 698 1331 circumdant.
762 1289 1000 1332 Instantibus
1027 1291 1160 1342 nobis,
1196 1291 1313 1331 totius
1333 1291 1486 1332 illorum
1512 1292 1752 1333 substantiae

209 1374 332 1401 necne
361 1362 488 1400 futura
511 1361 584 1409 sit,
620 1367 824 1413 antequam
851 1360 1058 1413 diligenter
1080 1359 1180 1399 istud
1208 1360 1489 1414 expenderint,
1523 1361 1641 1401 totius
1669 1363 1752 1401 t'ore

207 1428 478 1485 pronuntiant.
542 1426 655 1481 Quod
678 1428 709 1467 si
736 1442 807 1468 nos
833 1429 877 1467 ad
902 1428 1054 1468 illorum
1077 1427 1362 1482 simplicitatem
1395 1430 1751 1481 accommodantes,

209 1511 334 1552 neque
362 1497 564 1551 quicquam
598 1497 642 1535 de
678 1496 780 1535 ssuxa
813 1510 857 1536 ac
890 1496 1062 1536 mutabili
1093 1510 1297 1550 corporum
1324 1504 1462 1537 natura
1493 1499 1749 1552 disputantes,

211 1565 420 1606 dubitando
451 1578 604 1604 rursum
631 1564 939 1617 interrogemus,
975 1579 1062 1604 num
1089 1578 1163 1604 una
1194 1565 1353 1618 sanguis
1379 1565 1442 1605 ille
1468 1566 1593 1607 omnis
1620 1580 1751 1606 resur-

208 1641 295 1688 gat,
330 1633 391 1688 qui
418 1639 523 1672 secta
545 1632 752 1673 identidem
776 1646 874 1672 vena
899 1633 1126 1683 defluxerit,
1161 1646 1205 1673 ac
1231 1633 1411 1687 quicquid
1441 1642 1644 1688 praeterea
1666 1648 1751 1675 car-

212 1702 270 1742 nis
305 1701 526 1742 morborum
552 1701 611 1741 vis
640 1700 922 1756 absumpserit,
965 1714 1117 1741 necnon
1150 1708 1188 1741 et
1219 1701 1283 1756 pili
1319 1715 1455 1742 omnes
1488 1703 1551 1757 qui
1584 1717 1748 1757 unquam

210 1770 313 1811 enati
339 1776 451 1820 sunt,
485 1784 532 1809 an
556 1769 582 1808 ii
609 1769 796 1809 duntaxat
818 1769 881 1823 qui
903 1769 973 1810 sub
1000 1769 1143 1810 obitum
1168 1776 1342 1810 nostrum
1365 1771 1619 1821 effloruerint,
1654 1786 1750 1811 non-

210 1852 403 1893 nunquam
430 1839 475 1878 ad
502 1851 585 1878 eam
618 1838 887 1892 quaestionem
915 1838 1117 1878 offendunt
1151 1852 1196 1878 ac
1227 1838 1299 1878 deo
1331 1839 1629 1893 permittendum
1661 1853 1749 1880 esse

211 1907 364 1957 dicunt,
399 1913 439 1946 ut
466 1906 644 1961 quicquid
668 1905 835 1946 voluerit
867 1906 912 1946 de
944 1919 989 1946 ea
1019 1906 1250 1957 constituat,
1291 1906 1484 1947 interdum
1517 1921 1612 1948 vero
1643 1908 1752 1949 velut

211 1974 462 2016 assentiendo
491 1975 596 2015 solos
631 1974 717 2014 illos
749 1974 948 2015 nobiscum
981 1982 1275 2015 resurrecturos
1311 1989 1399 2015 esse
1437 1975 1534 2030 pilos
1567 1983 1751 2017 asserunt

211 2058 306 2099 quos
330 2043 400 2084 sub
426 2042 529 2083 vitae
553 2043 700 2083 exitum
727 2042 990 2084 habuerimus.
1054 2044 1107 2083 At
1129 2043 1190 2098 qui
1217 2043 1340 2098 magis
1365 2044 1468 2084 inter
1490 2044 1575 2085 illos
1599 2045 1749 2085 strenui

210 2120 320 2163 sunt,
364 2125 412 2152 ne
445 2111 648 2166 sanguinis
681 2111 827 2166 copiam
862 2125 1013 2152 omnem
1047 2112 1109 2166 qui
1144 2126 1194 2152 ex
1230 2111 1458 2168 corporibus
1491 2112 1636 2153 nostris
1670 2113 1749 2167 ple-

210 2194 372 2235 rumque
402 2188 576 2221 secretus
609 2187 691 2231 est,
734 2179 941 2234 itidemque
974 2194 1130 2221 carnem
1170 2195 1322 2221 omnem
1359 2194 1456 2235 quae
1490 2195 1558 2236 per
1592 2181 1749 2222 morbos

209 2249 248 2290 in
277 2249 457 2290 sudorem
491 2256 556 2289 aut
587 2248 699 2289 aliam
731 2248 918 2288 eiusmodi
953 2249 1154 2289 materiam
1191 2249 1308 2299 abiit,
1350 2249 1387 2289 in
1423 2265 1538 2290 unum
1570 2251 1751 2290 conferre

212 2331 280 2358 sua
303 2317 480 2358 oratione
504 2324 715 2371 cogantur,
751 2316 876 2372 qualia
905 2317 975 2357 sub
1002 2324 1164 2358 mortem
1190 2318 1394 2358 extiterint
1422 2332 1631 2373 resurgere
1664 2333 1751 2359 cor-

211 2400 304 2442 pora
338 2392 469 2426 nostra
501 2386 737 2441 praedicant.

325 2453 432 2494 Haec
460 2453 640 2509 opinione
672 2468 740 2495 sua
771 2453 957 2509 sapientis
989 2454 1090 2495 iltius
1125 2454 1290 2495 hominis
1324 2455 1513 2495 adversus
1545 2455 1748 2496 veritatem
1776 2463 1855 2506 Cap.
1879 2463 1940 2495 Xl.

211 2523 431 2579 propositae
465 2522 774 2564 obiectinncutae
810 2532 921 2574 sunt3
967 2537 1064 2578 quae
1103 2523 1193 2563 mihi
1231 2523 1454 2564 necessario
1495 2524 1750 2578 proferendae

213 2591 378 2641 fuerint,
413 2598 454 2632 ut
477 2605 587 2645 quam
616 2591 678 2631 itte
704 2591 749 2631 de
772 2593 1062 2632 resurrectione
1087 2606 1219 2647 parum
1244 2606 1337 2632 sane
1361 2605 1404 2631 ac
1431 2591 1593 2632 fideliter
1615 2607 1751 2633 sense-

212 2662 284 2711 rit,
319 2660 402 2700 eius
426 2660 481 2699 rei
508 2659 784 2713 intelligendae
805 2660 952 2716 cupidis
975 2661 1128 2716 planum
1154 2660 1311 2700 omnino
1340 2662 1524 2701 facerem.
1586 2659 1689 2701 Nam
1713 2669 1751 2702 et

212 2728 286 2768 alia
323 2729 369 2768 ad
407 2728 570 2768 eundem
603 2726 800 2769 Psaimum
834 2729 1015 2783 deinceps
1047 2729 1092 2769 ad
1129 2728 1227 2768 hunc
1262 2729 1413 2768 modum
1448 2727 1618 2770 disserit.
1683 2728 1751 2770 Sic

214 2797 314 2836 enim
347 2796 539 2851 loquitur:
582 2799 784 2850 Propterea
808 2813 880 2838 non
908 2806 1110 2850 resurgent
1139 2800 1244 2849 t'mpe'z'
1266 2800 1302 2835 ιή
1329 2799 1479 2836 iudicio.
1546 2797 1648 2838 Tum
1682 2812 1750 2839 eos

214 2865 449 2919 redarguere
475 2865 599 2920 pergit
622 2866 683 2920 qui
708 2873 851 2906 certam
879 2880 966 2906 esse
994 2866 1320 2906 resurrectionem
1347 2866 1546 2916 definiunt,
1582 2873 1620 2906 et
1643 2866 1751 2906 exci—

218 2932 352 2972 tandos
385 2934 430 2974 ad
464 2934 582 2974 vitam
615 2941 790 2975 mortuos
825 2935 1016 2975 constanti
1048 2948 1116 2988 spe
1150 2948 1193 2973 ac
1229 2933 1301 2973 Iide
1333 2934 1575 2988 profitentur.
1639 2933 1750 2988 Quos

216 3000 366 3054 quidem
398 3002 552 3042 nimium
579 3002 642 3043 itte
671 3002 866 3058 simplices
891 3010 1018 3058 putat,
1055 3017 1098 3042 ac
1125 3001 1239 3042 multa
1265 3002 1454 3043 adversus
1482 3003 1568 3044 illos
1599 3002 1747 3043 nefaria
