2066 3319
442 209 622 240 PANAau
647 208 789 241 1.lss.1t.
815 208 923 241 Toxi.
941 209 980 240 n.
1009 209 1138 240 unta.
1160 209 1314 239 xm'in.
1577 199 1658 237 575

108 286 330 337 stinebant,
376 301 422 327 ac
451 301 498 327 ne
529 286 642 326 simul
665 287 816 341 quidem
855 287 1031 327 orabant.
1094 285 1281 327 Meletius
1314 300 1408 326 vero
1436 285 1498 325 diu
1525 291 1658 340 postea

108 361 308 408 superstes
337 354 428 404 fuit,
463 354 561 394 adeo
585 361 622 393 ut
647 369 731 394 cum
763 355 994 395 Alexandro
1019 369 1169 409 qnoque
1193 353 1297 394 Petri
1326 367 1560 394 successore
1593 353 1659 392 flo-

108 422 252 472 ruerit,
287 436 372 462 cum
399 435 523 475 eoque
553 422 850 462 familiaritatem
879 423 1076 474 babuerit,
1121 421 1366 476 praecipuam
1393 436 1509 475 porro
1535 421 1661 460 ecclc-

108 490 191 530 siae
224 490 388 543 fideique
421 503 552 529 curam
586 491 724 543 gessit.
790 489 916 540 Nam,
953 499 992 530 ut
1024 503 1140 544 saepe
1173 489 1276 537 dixi,
1323 489 1414 528 nibil
1448 489 1495 528 ab
1528 502 1574 529 ea
1607 488 1661 527 di-

107 570 265 598 versum
299 563 365 597 aut
396 556 563 597 alienum
596 557 742 597 docuit.

221 622 447 677 Quinetiam
473 639 558 665 cum
583 625 682 664 idem
713 625 980 666 Alexandriae
1001 623 1188 665 Meletius
1212 630 1341 674 esset,
1376 623 1504 677 ibique
1531 623 1657 677 priva-

108 698 168 732 tos
199 705 285 731 cum
312 692 393 733 suis
418 699 636 732 conventus
675 693 820 733 liabens
848 693 1081 746 aliquamdiu
1114 691 1346 741 mansisset,
1394 692 1530 730 Arium
1565 705 1583 730 a
1618 705 1659 729 se

108 759 392 814 deprehensum
417 761 464 800 ad
488 760 760 800 Alexandrum
786 761 945 810 detulit,
993 774 1077 800 eum
1112 773 1198 800 eum
1228 759 1446 812 accepisset
1477 773 1498 798 a
1531 766 1658 798 rectae

106 826 194 867 fidei
211 841 331 882 scopo
355 827 391 867 in
417 828 622 882 scripturis
647 829 744 882 apud
771 828 953 882 populum
976 827 1280 882 interpretandis
1305 827 1507 866 aberrare.
1540 826 1659 865 Arius

107 894 210 935 enim
235 893 434 935 Baucalae
459 896 657 936 cuiusdam
686 896 783 949 apud
799 895 1081 935 Alexandriam
1108 896 1300 935 ecclesiae
1327 896 1533 949 presbyter
1558 901 1657 934 erat.

106 960 209 1003 Nam
235 962 440 1017 uuicuique
464 962 670 1013 ecclesiae,
707 977 804 1017 quae
829 970 905 1003 tum
935 963 1077 1003 multae
1106 971 1233 1011 erant,
1270 963 1382 1002 hodie
1408 976 1504 1003 vero
1531 962 1661 1016 plures

107 1037 221 1081 sunt,
254 1044 348 1071 suus
372 1031 656 1071 attribuebatur
680 1032 910 1086 presbyter,
943 1045 1017 1085 qua
1042 1031 1193 1070 ratione
1221 1030 1503 1085 procurandam
1534 1029 1659 1068 ecele-

108 1098 204 1139 siam
230 1099 331 1140 illam
356 1099 478 1140 Arius
505 1106 757 1154 susceperat,
791 1099 876 1139 sive
900 1099 984 1153 quis
1007 1098 1105 1138 alius
1138 1099 1342 1138 adiunctus
1370 1098 1405 1137 ei
1431 1098 1580 1146 fuerat,
1615 1098 1659 1135 de.

108 1165 247 1220 quibus
271 1180 342 1207 suo
366 1167 475 1217 loeo,
512 1181 596 1207 cum
621 1167 656 1206 id
681 1181 846 1207 necesse
879 1167 974 1217 erit,
1020 1166 1239 1206 accuratius
1269 1179 1447 1220 agemus,
1511 1163 1662 1219 Depre-

109 1234 232 1274 henso
265 1234 385 1288 igitur
406 1234 529 1286 Ario,
571 1235 803 1275 Alexander
830 1235 973 1275 indicto
1006 1235 1277 1289 episcoporum
1312 1234 1477 1274 concilio
1511 1233 1556 1272 de
1590 1232 1661 1272 fide

109 1302 317 1356 diligenter
337 1303 532 1358 inquisiit,
568 1310 606 1342 et
629 1302 675 1343 ab
702 1300 800 1342 Ario
825 1317 968 1358 pravae
994 1317 1038 1343 ac
1060 1301 1305 1357 perniciosae
1340 1302 1442 1341 illius
1467 1300 1661 1355 opinionis

109 1383 224 1423 quam
245 1371 376 1411 animo
406 1378 641 1425 conceperat
665 1371 854 1411 rationem
887 1371 1037 1424 exegit.
1103 1370 1177 1410 Hic
1207 1369 1327 1410 Arius
1354 1370 1445 1409 nihil
1471 1368 1662 1423 tergiver-

109 1438 188 1478 sari
211 1445 277 1478 aut
300 1438 571 1488 dissimulare,
616 1439 683 1479 sed
712 1439 896 1493 perfricta
931 1440 1081 1489 fronte,
1127 1439 1179 1479 uti
1211 1452 1254 1478 se
1286 1451 1350 1478 res
1379 1437 1568 1487 babebat,
1603 1450 1662 1477 re-

108 1506 278 1560 spondit.
342 1505 469 1560 Quam
506 1506 553 1547 ob
582 1520 663 1546 rem
693 1507 924 1547 Alexander
954 1521 1039 1547 eum
1075 1520 1124 1546 ex
1153 1506 1318 1546 ecclesia
1348 1505 1589 1555 deturbavit,
1625 1512 1664 1545 et

108 1587 194 1613 cum
227 1587 274 1614 eo
300 1573 439 1628 ingens
467 1575 660 1628 virginum
695 1589 739 1614 ac
771 1582 990 1615 ceterorum
1018 1574 1276 1624 clericorum,
1311 1588 1408 1627 qnos
1439 1574 1501 1613 ille
1526 1574 1663 1628 depra-

108 1649 238 1692 varat,
284 1642 344 1682 vis
377 1643 544 1683 eiieitur.
610 1642 692 1684 Sub
728 1643 821 1682 baec
853 1642 974 1683 Arius
1010 1642 1161 1696 fugiens
1192 1642 1229 1681 in
1255 1640 1518 1682 Palaestinam
1551 1642 1658 1681 abiit.

107 1707 203 1750 Inde
224 1708 496 1751 Nicomediam
523 1712 722 1766 profectus
744 1725 796 1751 ex
823 1725 868 1751 ea
893 1711 987 1751 urbe
1015 1711 1150 1751 literas
1173 1711 1217 1750 ad
1244 1709 1517 1750 Alexandrum
1541 1711 1658 1762 dedit,

107 1777 147 1817 in
172 1777 310 1831 quibus
336 1779 382 1819 ab
409 1779 547 1819 insana
570 1787 698 1820 mente
727 1794 772 1820 ac
797 1779 944 1819 furioso
971 1779 1151 1833 dogmate
1177 1791 1253 1818 nou
1280 1778 1461 1817 recessit.
1510 1777 1659 1819 Verum

107 1845 223 1900 paulo
249 1853 337 1900 post
359 1847 578 1887 Alexandri
606 1847 842 1888 sanctissimi
866 1846 1134 1887 Alexandriae
1161 1847 1333 1903 episcopi
1355 1849 1483 1889 studio
1511 1855 1549 1888 et
1570 1847 1660 1887 bor-

107 1919 190 1954 tatu
215 1913 354 1955 beatae
381 1916 594 1955 memoriae
613 1913 898 1956 Constantinus
922 1916 1112 1970 synodum
1138 1917 1176 1956 in
1199 1917 1294 1957 urbe
1316 1915 1470 1957 Nicaea
1497 1930 1663 1970 congre-

107 1988 196 2036 gat,
239 1982 302 2022 ubi
329 1982 417 2022 Arii
451 1983 591 2037 dogma
627 1992 713 2038 post
746 1984 830 2024 eius
866 1990 1028 2024 mortem
1065 1984 1286 2025 damnatum
1325 1992 1400 2025 est.
1467 1982 1661 2039 Principio

108 2050 210 2090 enim
236 2064 366 2091 eoram
396 2051 634 2105 imperatore.
662 2050 925 2093 Constantino
959 2051 1151 2093 inficiatus
1176 2053 1324 2103 fuerat,
1370 2061 1409 2093 et
1439 2053 1659 2093 cavillando

107 2131 154 2158 ae
179 2118 397 2159 simulando
423 2133 508 2158 cum
538 2127 643 2160 recta
672 2120 741 2159 [ide
771 2127 1060 2171 consentanea,
1105 2121 1354 2161 iureiurando
1389 2121 1505 2161 etiam
1538 2120 1660 2160 inter·

107 2186 251 2241 posito,
286 2187 438 2227 locutus
463 2188 605 2228 fuerat.
670 2186 743 2228 Cui
768 2188 1001 2242 imperator,
1037 2187 1101 2228 Tu
1125 2188 1295 2242 quidem,
1329 2188 1476 2243 inquit,
1512 2188 1542 2228 si
1566 2201 1660 2228 vere

106 2252 255 2294 iuratus
280 2254 358 2304 sis,
393 2255 661 2295 iusiurandum
687 2263 792 2296 tuum
817 2263 941 2296 ratum
969 2265 1078 2306 esto,
1113 2264 1153 2297 et
1178 2257 1368 2297 innocens
1395 2256 1498 2297 eris:
1534 2255 1593 2295 sin
1623 2255 1659 2294 id

107 2321 195 2362 fiete
220 2336 265 2362 ac
295 2323 562 2363 fraudulenter
587 2323 738 2377 egeris,
781 2324 845 2364 ille
877 2323 961 2378 ipse
990 2338 1059 2379 per
1080 2338 1194 2378 quem
1225 2325 1362 2365 iurasti
1396 2338 1416 2364 a
1451 2331 1488 2363 te
1515 2336 1660 2377 poenas

109 2389 268 2443 exigat,
303 2390 403 2443 quod
428 2391 568 2445 ipsum,
605 2399 644 2432 ut
666 2399 800 2446 postea
823 2391 1012 2444 dicemus,
1048 2393 1161 2447 paulo
1184 2400 1269 2447 post
1293 2393 1471 2446 contigit.
1537 2392 1660 2432 Arius

107 2470 204 2498 vero
236 2471 322 2497 eum
348 2458 394 2497 de
424 2457 585 2498 Eusebii
612 2457 930 2501 Nicomediensis
956 2461 1149 2514 episcopi,
1191 2460 1254 2514 qni
1286 2461 1421 2500 eadem
1456 2474 1540 2500 cum
1575 2460 1660 2514 ipso

107 2525 323 2575 sentiebat,
360 2527 528 2566 factione
554 2534 682 2578 esset,
718 2527 764 2567 ab
791 2541 838 2568 eo
861 2529 907 2568 ad
932 2528 1208 2582 imperatorem
1236 2529 1443 2582 perductus
1467 2535 1541 2579 est,
1576 2535 1660 2568 tan-

110 2607 221 2647 quam
245 2593 425 2634 haeresin
447 2608 555 2634 suam
582 2594 781 2636 abiuraret
806 2610 850 2636 ac
873 2596 1090 2636 damnaret.
1150 2594 1318 2649 tdeoque
1344 2596 1558 2651 imperator
1579 2595 1659 2636 Eu—

109 2660 220 2701 sebio
242 2662 396 2702 mandat
419 2669 459 2702 ut
476 2662 614 2703 Arium
640 2661 982 2718 Constantinopoli
1006 2665 1052 2704 ad
1079 2664 1392 2704 communionem
1418 2664 1656 2714 admitteret,

165 2785 195 2817 5.
229 2784 436 2829 ἐγκυσση..ε’
427 2797 504 2828 ,τις
535 2788 582 2818 ed.
609 2797 658 2827 pr.
696 2789 784 2819 habet
805 2798 863 2828 pro
906 2799 938 2828 p
953 2788 1028 2822 737.

110 2828 277 2873 ἐγκισσηὶ·
281 2830 386 2873 είσης.
952 2833 983 2866 7.
1007 2832 1117 2866 τοίη-ω
1152 2835 1328 2886 emendatio
1356 2838 1398 2866 esc
1429 2836 1571 2874 petatis,
1607 2838 1660 2875 qui

155 2875 185 2908 6.
212 2877 259 2907 lta
284 2886 382 2916 supra
413 2878 499 2908 haer.
523 2878 602 2916 th,
631 2877 657 2909 l
687 2873 860 2919 ἅπέδρασε
904 2881 1065 2918 proposuit
1086 2890 1163 2911 root
1167 2890 1193 2921 ῳ
1218 2881 1265 2910 vel
1286 2875 1348 2911 α3τ
1351 2880 1392 2924 ᾤ.
1440 2880 1526 2912 Libri
1549 2882 1660 2913 habent

109 2919 173 2962 τῆς
197 2918 316 2954 ὲα3τοῦ
338 2921 496 2964 πατρίδος
527 2926 552 2953 el
583 2924 666 2962 infra
700 2923 784 2954 haer.
803 2923 859 2961 (5¹),
907 2919 966 2956 οῧτ
969 2935 1006 2956 ω.

110 2963 164 2997 79.
188 2964 413 3009 διεδράσαμεν
442 2965 480 3000 τὸ
501 2969 560 3005 δυς
564 2966 738 3001 ‘sa'aea'rcrtoa
762 2969 861 3001 τοῦτο
952 2971 983 2998 Ν.
1010 2964 1147 3012 Εὗσεβε
1152 2968 1190 3012 ίῳ
1217 2970 1306 3002 codd
1319 2979 1407 3011 mss„
1432 2973 1477 3003 uti
1499 2974 1592 3004 etiam
1607 2983 1659 3006 su-

110 3008 240 3052 γωρίον.
291 3012 323 3042 V.
342 3013 470 3044 Lobeck.
506 3014 549 3044 ad
580 3014 698 3053 Phryn.
730 3015 860 3054 Parery.
904 3023 977 3054 pra.

1696 634 1772 676 Cap.
1789 636 1842 665 JV.
