2066 3319
524 166 706 200 PANARu
733 166 816 198 Liss.
840 167 881 198 11.
906 165 1013 198 TOM.
1035 167 1074 198 n.
1097 165 1230 198 HAER.
1251 165 1374 196 vai.
1640 152 1721 193 493

179 247 281 288 illam
308 247 496 288 scientiae
520 247 802 302 professionem
829 260 1033 301 porcorum
1060 246 1253 300 propriam
1280 244 1401 298 magis
1425 256 1513 284 esse
1535 242 1720 283 declarat.

181 315 337 356 Tantus
368 322 428 356 est
460 315 626 355 bominis
659 328 793 365 error,
827 322 865 354 et
895 314 1088 369 impietas.

293 382 354 424 De
379 383 519 424 Adami
552 397 648 423 vero
685 382 939 423 fabricatione
971 383 1070 423 idem
1100 383 1162 422 ille
1194 396 1278 422 cum
1312 381 1501 435 disputat,
1547 379 1621 420 alia
1653 393 1721 434 pro
1749 387 1927 431 CapJA'l.

179 451 265 492 aliis
301 453 434 492 eadem
473 451 629 492 errandi
660 451 815 492 licentia
845 452 1030 506 pertexit.
1093 449 1161 491 Sic
1197 449 1297 489 enim
1334 450 1499 499 asserit,
1543 462 1628 489 eum
1661 448 1723 502 qui

179 520 298 570 dixit,
332 523 529 560 Faciamus
551 522 731 559 homiuem
761 523 811 559 ad
832 523 1029 571 imaginem
1060 527 1225 558 nostram
1256 526 1292 556 et
1321 520 1619 564 similitmliumn,
1657 517 1721 557 atl-
1736 535 1816 563 Gen.
1838 536 1861 569 1,
1881 535 1925 562 2⁶,

180 587 324 629 didisse
346 588 542 639 nonnihil,
576 589 706 643 itaque
733 589 985 642 concepisse,
1022 590 1149 626 I'emte
1166 588 1382 640 fitee'amus5
1426 586 1524 640 quod
1560 586 1597 626 in
1628 586 1724 626 scri-

179 663 291 712 ptura
314 671 390 697 non
413 656 578 711 legitur,
613 658 680 698 sed
704 657 795 697 illud
820 658 1033 706 duntaxat,
1075 658 1272 694 Faciamus
1303 656 1482 694 hominem
1513 657 1563 693 ad
1592 658 1724 706 imagi-

178 740 259 764 nem
289 733 454 765 nostram
485 734 523 765 et
550 728 842 765 similitudinem.
909 723 1056 765 Verum
1083 737 1159 764 non
1188 723 1301 763 modo
1330 723 1551 777 apostolus,
1585 724 1651 764 sed
1685 731 1723 762 et

179 793 359 834 dominus
383 794 465 849 ipse
494 794 534 835 iu
560 794 764 849 evangelio
795 794 899 834 illum
929 791 1143 846 redarguit.
1208 788 1285 844 Qui
1314 806 1398 831 cum
1421 789 1642 832 Pbarisaeis
1674 791 1724 831 ita
1744 807 1820 835 Gen.
1841 808 1867 842 2,
1888 809 1928 836 ιε,

180 862 451 917 loquentibus,
485 865 570 903 Non
595 871 652 903 est
675 864 806 902 bonum
837 865 1017 901 hominem
1048 875 1127 900 esse
1156 862 1296 907 solum,
1343 866 1402 908 et,
1435 862 1585 910 Moyses
1616 863 1929 904 iussz'mauhasa.

179 934 270 970 dare
292 933 455 971 libellum
486 935 655 984 repudii,
690 939 728 970 et
747 934 882 970 eiicere
904 945 1072 977 uxorem,
1108 928 1164 969 sic
1189 929 1284 969 istos
1308 927 1473 968 refellit:
1508 931 1657 979 Moyses
1677 931 1727 967 ad
1737 939 1929 973 Matthame.

179 1002 353 1039 duritiem
384 1003 509 1040 cordis
540 1003 659 1040 vestri
683 1003 861 1052 sere'pse'st
895 1001 942 1039 ab
973 1001 1079 1039 initio
1109 1006 1230 1037 autem
1256 1012 1328 1036 non
1348 998 1434 1048 suit
1454 999 1533 1035 sic:
1575 999 1642 1035 sed
1662 1001 1929 1049 quc'Matth.19,t.

169 1070 290 1122 feeit,
336 1071 539 1108 masculum
571 1077 607 1108 et
639 1070 816 1122 seminam
853 1070 969 1120 lecit:
1015 1076 1054 1107 et
1080 1070 1202 1114 ducit,
1248 1069 1406 1118 Propter
1436 1067 1505 1104 lzoe
1543 1067 1728 1117 relinquet

180 1139 286 1177 homo
312 1146 461 1190 patrem
491 1146 529 1177 et
564 1145 718 1177 matrem
748 1152 852 1176 suam
868 1168 877 1185 ,
923 1145 961 1176 et
988 1136 1208 1176 adhaerebit
1246 1137 1363 1174 uoeorz'
1396 1148 1509 1182 suae,
1553 1142 1590 1173 et
1618 1143 1728 1173 erunt

180 1208 253 1245 duo
284 1209 322 1246 in
353 1221 499 1246 earnem
531 1221 655 1246 uuam.
730 1204 883 1260 Quibus
915 1205 1026 1246 dictis
1057 1206 1186 1245 statim
1221 1204 1361 1254 inl'ert3
1413 1206 1461 1243 Se·
1488 1206 1609 1254 egitur
1638 1205 1728 1242 deus

181 1278 398 1323 coniunoeit,
435 1277 541 1314 homo
571 1290 644 1314 non
674 1283 836 1328 separet.
903 1273 945 1314 lu
971 1288 1046 1329 quo
1071 1274 1207 1324 deum,
1243 1273 1315 1313 boc
1338 1279 1397 1313 est
1424 1279 1570 1327 patrem
1597 1286 1724 1321 suum,

181 1342 326 1383 Adami
350 1341 511 1384 etEvae
536 1343 776 1384 conditorem
804 1343 924 1384 fuisse
947 1350 1062 1397 atque
1079 1342 1331 1383 honestarum
1356 1342 1574 1396 nuptiarum
1592 1347 1725 1381 aucto-

182 1425 263 1452 rem
288 1425 376 1452 esse
405 1413 626 1453 confitetur.
691 1411 792 1452 Huic
821 1418 1127 1452 consentaneum
1158 1418 1219 1451 est
1248 1410 1346 1465 quod
1375 1409 1552 1450 veritatis
1586 1422 1726 1464 praeco

182 1486 347 1520 testatur
371 1481 591 1535 apostolus,
633 1484 855 1532 Mysterium
892 1483 960 1519 leae
993 1494 1167 1532 magnum
1198 1488 1276 1518 est:
1321 1494 1390 1531 ego
1421 1486 1542 1517 autem
1578 1480 1660 1516 dico
1691 1480 1728 1516 ite
1748 1487 1825 1524 Eph.
1845 1488 1871 1522 5,
1891 1488 1934 1517 32.

185 1550 335 1588 Christo
356 1557 392 1588 ec
416 1552 452 1588 in
478 1551 673 1598 Ecclesia5
708 1556 749 1590 ut
770 1549 816 1589 ad
842 1548 985 1589 Adami
1008 1556 1122 1603 atque
1145 1547 1270 1598 Evae,
1305 1547 1367 1602 qui
1391 1562 1412 1587 a
1437 1547 1509 1587 deo
1536 1545 1728 1601 procreati

184 1624 297 1668 sunt,
342 1617 631 1658 similitudinem
667 1617 875 1673 pertineat.
949 1614 1047 1659 Cum
1088 1617 1189 1657 enim
1224 1617 1318 1657 deus
1349 1615 1436 1656 illos
1473 1614 1726 1664 condidisset,

184 1685 361 1726 Adamus
387 1686 508 1736 dixit,
552 1689 632 1726 Hoc
655 1701 754 1726 nune
784 1702 824 1725 os
849 1702 897 1725 ex
927 1687 1071 1725 ossibus
1092 1689 1203 1733 mels,
1238 1694 1274 1725 et
1297 1700 1386 1724 earo
1409 1687 1453 1724 de
1479 1698 1592 1723 carue
1622 1698 1724 1722 mea:
1748 1694 1823 1722 Gen.
1836 1695 1863 1728 2,
1875 1695 1916 1723 23.

177 1762 337 1806 propter
366 1756 435 1794 hoe
472 1757 657 1807 relinquet
695 1757 801 1794 homo
832 1762 908 1796 etc.
981 1752 1179 1808 Siquidem
1220 1757 1308 1793 aede·
1335 1756 1435 1793 eavit
1462 1756 1500 1792 ei
1525 1760 1663 1792 eostam
1694 1755 1731 1791 in
1752 1763 1828 1792 Gen.
1847 1764 1874 1799 2,
1892 1763 1934 1792 22.

184 1825 397 1871 mulierem,
444 1837 515 1864 nec
549 1824 745 1864 diversum
778 1824 954 1878 quiddam
995 1837 1083 1864 esse
1115 1830 1250 1863 censet
1279 1822 1502 1878 apostolus,
1547 1822 1614 1862 sed
1646 1836 1731 1877 my-

185 1891 347 1932 sterium
370 1906 549 1946 magnum
581 1892 770 1933 nominat.
834 1891 948 1946 Quod
977 1892 1099 1948 primo
1127 1891 1278 1946 quidem
1305 1892 1351 1931 ad
1379 1890 1454 1931 viri
1487 1897 1526 1931 et
1556 1889 1730 1931 mulieris

189 1960 501 2014 procreationem
538 1962 681 2011 refert,
728 1960 866 2002 deinde
905 1961 1043 2001 altiore
1074 1961 1235 2015 quodam
1277 1974 1322 2001 ac
1354 1959 1579 2001 sublimiore
1610 1973 1730 1999 sensu

185 2041 254 2083 per
285 2028 511 2083 allegoriam
545 2030 745 2069 transfert.
809 2027 988 2083 Quanam
1018 2029 1136 2084 igitur
1161 2030 1288 2070 fronte
1313 2026 1571 2069 Manichaeus
1595 2027 1729 2068 eadem

186 2096 251 2138 illa
279 2097 530 2148 detestanda,
566 2105 605 2138 et
631 2111 651 2138 a
687 2098 745 2138 dei
772 2098 936 2139 veritate
966 2097 1091 2139 aliena
1118 2097 1362 2153 pronuntiat,
1404 2104 1444 2138 et
1475 2110 1572 2151 quae
1606 2110 1626 2135 a
1657 2096 1729 2136 deo

186 2165 343 2206 condita
366 2173 458 2207 sunt
478 2167 611 2207 nescio
635 2165 697 2206 cui
720 2164 889 2221 principi
915 2181 992 2207 non
1016 2167 1100 2207 siue
1126 2180 1272 2207 summa
1298 2166 1337 2206 in
1361 2166 1472 2206 deum
1498 2165 1730 2205 contumelia

187 2234 346 2286 tribuit,
381 2241 497 2289 atque
528 2235 573 2275 ab
606 2235 688 2290 ipsa
721 2235 887 2276 veritate
921 2242 1168 2277 transversos
1200 2235 1350 2276 animos
1382 2234 1565 2275 abducit?
1625 2232 1729 2287 Quin

188 2310 227 2344 et
263 2303 354 2344 illud
394 2304 564 2344 adtexit:
629 2302 950 2358 Quandoquidem
983 2304 1119 2345 avulsa
1158 2303 1205 2344 ab
1236 2303 1347 2344 initio
1379 2302 1506 2344 anima
1538 2302 1730 2357 superiori

188 2371 323 2412 virtuti
350 2371 568 2412 molestiam
603 2378 718 2426 atque
751 2372 1034 2426 aegritudinem
1069 2373 1207 2424 affert,
1249 2379 1456 2428 propterea
1480 2385 1547 2426 per
1569 2371 1731 2412 emissa-

187 2439 268 2480 rios
293 2440 496 2494 quosdam,
525 2440 706 2481 videlicet
728 2441 848 2481 solem
877 2447 916 2481 et
935 2441 1078 2492 lunam,
1106 2455 1196 2482 suas
1222 2455 1243 2481 a
1260 2439 1506 2495 Principibus
1528 2439 1726 2494 reliquias,

188 2508 260 2549 boc
284 2516 342 2561 est
365 2508 548 2560 animam,
583 2516 806 2564 extorquet.
855 2507 1049 2565 Egregias
1074 2524 1168 2551 vero
1194 2523 1284 2564 spes
1307 2518 1477 2558 nostras,
1511 2522 1556 2548 ac
1581 2508 1729 2563 magni-

188 2577 298 2618 ficam
327 2577 526 2629 fiduciam,
570 2578 721 2632 quando
748 2577 871 2618 bonus
907 2578 971 2619 ille
1005 2579 1122 2629 deus,
1166 2585 1204 2619 et
1243 2577 1377 2628 vivus,
1425 2584 1463 2617 et
1496 2585 1729 2632 praepotens

189 2646 285 2686 satis
312 2646 449 2687 virium
486 2646 726 2696 nonhabet,
771 2661 846 2687 non
873 2647 958 2687 dico
994 2648 1040 2688 ad
1075 2661 1159 2687 eam
1193 2646 1374 2686 virtutem
1406 2646 1726 2701 recuperandam,

190 2728 288 2768 quae
312 2728 331 2754 a
356 2729 398 2755 se
422 2715 505 2770 ipso
530 2716 716 2756 distracta
736 2715 809 2766 sit,
843 2716 910 2757 sed
939 2716 984 2756 ad
1017 2729 1062 2756 ea
1090 2715 1283 2756 servanda
1307 2727 1404 2768 quae
1429 2714 1564 2769 genuit
1593 2729 1636 2755 ac
1661 2715 1730 2755 fin-

189 2781 272 2834 xit,
306 2783 378 2824 nisi
404 2783 479 2825 alia
503 2784 663 2838 quadam
687 2784 838 2825 ratione
868 2798 914 2825 ac
946 2784 1053 2825 velut
1082 2783 1284 2824 latrocinio
1311 2783 1540 2834 tentaverit,
1583 2790 1624 2824 ut
1654 2783 1728 2825 nisi

237 2931 266 2963 5-
291 2926 315 2974 ἦ
338 2929 380 2967 δι’
401 2935 510 2973 scripsi
528 2942 586 2973 pro
610 2931 668 2966 καὶ
691 2933 773 2973 quod
791 2935 860 2966 libri
880 2935 989 2966 habent
1013 2941 1125 2965 omnes.
