<?xml version="1.0" encoding="UTF-8"?>
<!DOCTYPE html PUBLIC "-//W3C//DTD XHTML 1.0 Transitional//EN"
    "http://www.w3.org/TR/xhtml1/DTD/xhtml1-transitional.dtd">
<html xmlns="http://www.w3.org/1999/xhtml" xml:lang="en" lang="en">
 <head>
  <title>
</title>
<meta http-equiv="Content-Type" content="text/html;charset=utf-8" />
  <meta name='ocr-system' content='tesseract 3.04.00' />
  <meta name='ocr-capabilities' content='ocr_page ocr_carea ocr_par ocr_line ocrx_word'/>
</head>
<body>
  <div class='ocr_page' id='page_1' title='image "./p2corporishaereseo02epipuoft_0435.png"; bbox 0 0 2066 3319; ppageno 0'>
   <div class='ocr_carea' id='block_1_1' title="bbox 520 204 1706 264">
    <p class='ocr_par' dir='ltr' id='par_1_1' title="bbox 520 204 1706 264">
     <span class='ocr_line' id='line_1_1' title="bbox 520 204 1706 264; baseline -0.004 -17"><span class='ocrx_word' id='word_1_1' title='bbox 520 215 699 247; x_wconf 76' lang='lat' dir='ltr'>PANARH</span> <span class='ocrx_word' id='word_1_2' title='bbox 722 215 805 246; x_wconf 78' lang='lat' dir='ltr'>Lm.</span> <span class='ocrx_word' id='word_1_3' title='bbox 828 215 868 245; x_wconf 86' lang='lat'>11.</span> <span class='ocrx_word' id='word_1_4' title='bbox 893 215 1001 246; x_wconf 75' lang='lat' dir='ltr'>ToM.</span> <span class='ocrx_word' id='word_1_5' title='bbox 1019 215 1060 245; x_wconf 89' lang='lat'>11.</span> <span class='ocrx_word' id='word_1_6' title='bbox 1087 214 1214 245; x_wconf 80' lang='lat' dir='ltr'><strong>HAER.</strong></span> <span class='ocrx_word' id='word_1_7' title='bbox 1236 213 1355 264; x_wconf 72' lang='lat' dir='ltr'>LXVI.v</span> <span class='ocrx_word' id='word_1_8' title='bbox 1626 204 1706 242; x_wconf 79' lang='lat'>413</span> 
     </span>
    </p>
   </div>
   <div class='ocr_carea' id='block_1_2' title="bbox 175 291 1720 1714">
    <p class='ocr_par' dir='ltr' id='par_1_2' title="bbox 175 291 1720 1714">
     <span class='ocr_line' id='line_1_2' title="bbox 176 291 1709 346; baseline -0.003 -11"><span class='ocrx_word' id='word_1_9' title='bbox 176 302 256 336; x_wconf 87' lang='lat' dir='ltr'>tota</span> <span class='ocrx_word' id='word_1_10' title='bbox 280 308 322 334; x_wconf 88' lang='lat' dir='ltr'>re</span> <span class='ocrx_word' id='word_1_11' title='bbox 352 294 496 334; x_wconf 77' lang='lat' dir='ltr'>certior</span> <span class='ocrx_word' id='word_1_12' title='bbox 527 295 658 344; x_wconf 85' lang='lat' dir='ltr'>fieret,</span> <span class='ocrx_word' id='word_1_13' title='bbox 694 293 900 334; x_wconf 81' lang='lat' dir='ltr'>occasione</span> <span class='ocrx_word' id='word_1_14' title='bbox 935 307 985 333; x_wconf 69' lang='lat' dir='ltr'>ex</span> <span class='ocrx_word' id='word_1_15' title='bbox 1009 292 1188 333; x_wconf 80' lang='lat' dir='ltr'><strong>Marcelli</strong></span> <span class='ocrx_word' id='word_1_16' title='bbox 1221 293 1343 333; x_wconf 88' lang='lat' dir='ltr'>literis</span> <span class='ocrx_word' id='word_1_17' title='bbox 1375 299 1553 346; x_wconf 84' lang='lat' dir='ltr'>accepta,</span> <span class='ocrx_word' id='word_1_18' title='bbox 1587 291 1709 331; x_wconf 87' lang='lat' dir='ltr'>celer-</span> 
     </span>
     <span class='ocr_line' id='line_1_3' title="bbox 175 360 1711 416; baseline -0.003 -13"><span class='ocrx_word' id='word_1_19' title='bbox 175 363 272 404; x_wconf 86' lang='lat' dir='ltr'>rime</span> <span class='ocrx_word' id='word_1_20' title='bbox 297 363 343 402; x_wconf 88' lang='lat' dir='ltr'>ad</span> <span class='ocrx_word' id='word_1_21' title='bbox 377 362 479 402; x_wconf 90' lang='lat' dir='ltr'>illum</span> <span class='ocrx_word' id='word_1_22' title='bbox 507 363 690 402; x_wconf 92' lang='lat' dir='ltr'>accurrit.</span> <span class='ocrx_word' id='word_1_23' title='bbox 753 362 804 402; x_wconf 85' lang='lat' dir='ltr'>At</span> <span class='ocrx_word' id='word_1_24' title='bbox 835 361 1052 401; x_wconf 78' lang='lat' dir='ltr'><strong>Archelaus</strong></span> <span class='ocrx_word' id='word_1_25' title='bbox 1081 361 1284 416; x_wconf 86' lang='lat' dir='ltr'>episcopus</span> <span class='ocrx_word' id='word_1_26' title='bbox 1313 369 1467 415; x_wconf 84' lang='lat' dir='ltr'>praeter</span> <span class='ocrx_word' id='word_1_27' title='bbox 1497 360 1711 401; x_wconf 74' lang='lat' dir='ltr'>doctrinam</span> 
     </span>
     <span class='ocr_line' id='line_1_4' title="bbox 177 428 1711 485; baseline -0.002 -14"><span class='ocrx_word' id='word_1_28' title='bbox 177 431 263 471; x_wconf 86' lang='lat' dir='ltr'>fidei</span> <span class='ocrx_word' id='word_1_29' title='bbox 285 430 444 485; x_wconf 88' lang='lat' dir='ltr'>insuper</span> <span class='ocrx_word' id='word_1_30' title='bbox 467 431 605 470; x_wconf 89' lang='lat' dir='ltr'>ardore</span> <span class='ocrx_word' id='word_1_31' title='bbox 634 430 851 485; x_wconf 88' lang='lat' dir='ltr'>praeditus,</span> <span class='ocrx_word' id='word_1_32' title='bbox 887 437 1024 470; x_wconf 86' lang='lat' dir='ltr'>auctor</span> <span class='ocrx_word' id='word_1_33' title='bbox 1046 437 1129 470; x_wconf 85' lang='lat' dir='ltr'>erat</span> <span class='ocrx_word' id='word_1_34' title='bbox 1153 436 1215 479; x_wconf 86' lang='lat' dir='ltr'>ut,</span> <span class='ocrx_word' id='word_1_35' title='bbox 1249 428 1280 468; x_wconf 86' lang='lat' dir='ltr'>si</span> <span class='ocrx_word' id='word_1_36' title='bbox 1307 430 1386 468; x_wconf 84' lang='lat' dir='ltr'>[ieri</span> <span class='ocrx_word' id='word_1_37' title='bbox 1414 436 1560 483; x_wconf 89' lang='lat' dir='ltr'>posset,</span> <span class='ocrx_word' id='word_1_38' title='bbox 1598 428 1711 468; x_wconf 89' lang='lat' dir='ltr'>bomo</span> 
     </span>
     <span class='ocr_line' id='line_1_5' title="bbox 177 497 1712 553; baseline -0.002 -14"><span class='ocrx_word' id='word_1_39' title='bbox 177 499 263 549; x_wconf 89' lang='lat' dir='ltr'>ille,</span> <span class='ocrx_word' id='word_1_40' title='bbox 297 499 403 553; x_wconf 88' lang='lat' dir='ltr'>pardi</span> <span class='ocrx_word' id='word_1_41' title='bbox 436 498 561 539; x_wconf 90' lang='lat' dir='ltr'>instar</span> <span class='ocrx_word' id='word_1_42' title='bbox 585 513 629 538; x_wconf 88' lang='lat' dir='ltr'>ac</span> <span class='ocrx_word' id='word_1_43' title='bbox 652 499 751 552; x_wconf 90' lang='lat' dir='ltr'>lupi,</span> <span class='ocrx_word' id='word_1_44' title='bbox 786 499 845 538; x_wconf 82' lang='lat' dir='ltr'>vel</span> <span class='ocrx_word' id='word_1_45' title='bbox 881 499 1052 538; x_wconf 79' lang='lat' dir='ltr'>cuiusvis</span> <span class='ocrx_word' id='word_1_46' title='bbox 1076 498 1234 538; x_wconf 87' lang='lat' dir='ltr'>alterius</span> <span class='ocrx_word' id='word_1_47' title='bbox 1270 497 1439 547; x_wconf 86' lang='lat' dir='ltr'>bestiae,</span> <span class='ocrx_word' id='word_1_48' title='bbox 1475 498 1712 551; x_wconf 88' lang='lat' dir='ltr'>interceptus</span> 
     </span>
     <span class='ocr_line' id='line_1_6' title="bbox 177 566 1709 620; baseline -0.003 -12"><span class='ocrx_word' id='word_1_49' title='bbox 177 568 290 608; x_wconf 90' lang='lat' dir='ltr'>morti</span> <span class='ocrx_word' id='word_1_50' title='bbox 320 568 560 617; x_wconf 87' lang='lat' dir='ltr'>traderetur,</span> <span class='ocrx_word' id='word_1_51' title='bbox 596 581 642 606; x_wconf 91' lang='lat' dir='ltr'>ne</span> <span class='ocrx_word' id='word_1_52' title='bbox 669 567 857 607; x_wconf 88' lang='lat' dir='ltr'>eiusmodi</span> <span class='ocrx_word' id='word_1_53' title='bbox 891 569 996 607; x_wconf 81' lang='lat' dir='ltr'>l&#39;crae</span> <span class='ocrx_word' id='word_1_54' title='bbox 1026 567 1248 606; x_wconf 74' lang='lat' dir='ltr'>incursione</span> <span class='ocrx_word' id='word_1_55' title='bbox 1276 579 1414 620; x_wconf 85' lang='lat' dir='ltr'>pecora</span> <span class='ocrx_word' id='word_1_56' title='bbox 1448 566 1709 613; x_wconf 68' lang='lat' dir='ltr'>laederentur,</span> 
     </span>
     <span class='ocr_line' id='line_1_7' title="bbox 177 634 1712 689; baseline -0.003 -13"><span class='ocrx_word' id='word_1_57' title='bbox 177 650 262 676; x_wconf 90' lang='lat' dir='ltr'>cum</span> <span class='ocrx_word' id='word_1_58' title='bbox 298 635 401 676; x_wconf 91' lang='lat' dir='ltr'>illius</span> <span class='ocrx_word' id='word_1_59' title='bbox 437 635 656 689; x_wconf 87' lang='lat' dir='ltr'>ingressum</span> <span class='ocrx_word' id='word_1_60' title='bbox 694 643 965 689; x_wconf 84' lang='lat' dir='ltr'>cognosceret.</span> <span class='ocrx_word' id='word_1_61' title='bbox 1028 634 1240 675; x_wconf 80' lang='lat' dir='ltr'>Marcellus</span> <span class='ocrx_word' id='word_1_62' title='bbox 1276 641 1411 674; x_wconf 79' lang='lat' dir='ltr'>contra</span> <span class='ocrx_word' id='word_1_63' title='bbox 1449 634 1639 688; x_wconf 73' lang='lat' dir='ltr'>patienter</span> <span class='ocrx_word' id='word_1_64' title='bbox 1669 646 1712 671; x_wconf 88' lang='lat' dir='ltr'>ac</span> 
     </span>
     <span class='ocr_line' id='line_1_8' title="bbox 176 700 1712 758; baseline -0.003 -14"><span class='ocrx_word' id='word_1_65' title='bbox 176 704 317 745; x_wconf 88' lang='lat' dir='ltr'>leniter</span> <span class='ocrx_word' id='word_1_66' title='bbox 339 704 466 758; x_wconf 88' lang='lat' dir='ltr'>potius</span> <span class='ocrx_word' id='word_1_67' title='bbox 491 704 594 744; x_wconf 89' lang='lat' dir='ltr'>illum</span> <span class='ocrx_word' id='word_1_68' title='bbox 619 703 656 743; x_wconf 92' lang='lat' dir='ltr'>in</span> <span class='ocrx_word' id='word_1_69' title='bbox 683 703 874 757; x_wconf 89' lang='lat' dir='ltr'>colloquio</span> <span class='ocrx_word' id='word_1_70' title='bbox 902 704 1142 744; x_wconf 88' lang='lat' dir='ltr'>tractandum</span> <span class='ocrx_word' id='word_1_71' title='bbox 1168 702 1338 756; x_wconf 84' lang='lat' dir='ltr'>putabat.</span> <span class='ocrx_word' id='word_1_72' title='bbox 1404 700 1469 741; x_wconf 90' lang='lat' dir='ltr'>llle</span> <span class='ocrx_word' id='word_1_73' title='bbox 1492 715 1586 741; x_wconf 83' lang='lat' dir='ltr'>vero</span> <span class='ocrx_word' id='word_1_74' title='bbox 1609 715 1712 740; x_wconf 90' lang='lat' dir='ltr'>com-</span> 
     </span>
     <span class='ocr_line' id='line_1_9' title="bbox 178 769 1712 827; baseline -0.003 -15"><span class='ocrx_word' id='word_1_75' title='bbox 178 779 284 827; x_wconf 90' lang='lat' dir='ltr'>perta</span> <span class='ocrx_word' id='word_1_76' title='bbox 315 773 389 812; x_wconf 91' lang='lat' dir='ltr'>iam</span> <span class='ocrx_word' id='word_1_77' title='bbox 412 770 544 812; x_wconf 81' lang='lat' dir='ltr'>Manis</span> <span class='ocrx_word' id='word_1_78' title='bbox 576 771 757 826; x_wconf 88' lang='lat' dir='ltr'>opinione</span> <span class='ocrx_word' id='word_1_79' title='bbox 786 787 829 812; x_wconf 80' lang='lat' dir='ltr'>ac</span> <span class='ocrx_word' id='word_1_80' title='bbox 862 773 1059 821; x_wconf 86' lang='lat' dir='ltr'>doctrina,</span> <span class='ocrx_word' id='word_1_81' title='bbox 1094 770 1281 825; x_wconf 88' lang='lat' dir='ltr'>siquidem</span> <span class='ocrx_word' id='word_1_82' title='bbox 1308 770 1445 825; x_wconf 78' lang='lat' dir='ltr'>Tyrbo</span> <span class='ocrx_word' id='word_1_83' title='bbox 1473 769 1624 823; x_wconf 85' lang='lat' dir='ltr'>utrique</span> <span class='ocrx_word' id='word_1_84' title='bbox 1657 776 1712 809; x_wconf 90' lang='lat' dir='ltr'>to-</span> 
     </span>
     <span class='ocr_line' id='line_1_10' title="bbox 179 838 1714 895; baseline -0.003 -14"><span class='ocrx_word' id='word_1_85' title='bbox 179 848 254 880; x_wconf 87' lang='lat' dir='ltr'>tam</span> <span class='ocrx_word' id='word_1_86' title='bbox 286 840 388 881; x_wconf 92' lang='lat' dir='ltr'>illius</span> <span class='ocrx_word' id='word_1_87' title='bbox 421 847 551 880; x_wconf 82' lang='lat' dir='ltr'>sectae</span> <span class='ocrx_word' id='word_1_88' title='bbox 582 841 791 880; x_wconf 79' lang='lat' dir='ltr'>vanitatem</span> <span class='ocrx_word' id='word_1_89' title='bbox 828 840 1067 895; x_wconf 86' lang='lat' dir='ltr'>explicarat,</span> <span class='ocrx_word' id='word_1_90' title='bbox 1109 839 1428 893; x_wconf 82' lang='lat' dir='ltr'>quemadmodum</span> <span class='ocrx_word' id='word_1_91' title='bbox 1462 838 1609 878; x_wconf 85' lang='lat' dir='ltr'>scilicet</span> <span class='ocrx_word' id='word_1_92' title='bbox 1640 839 1714 877; x_wconf 88' lang='lat' dir='ltr'>duo</span> 
     </span>
     <span class='ocr_line' id='line_1_11' title="bbox 179 907 1715 964; baseline -0.002 -15"><span class='ocrx_word' id='word_1_93' title='bbox 179 909 364 964; x_wconf 86' lang='lat' dir='ltr'>principia</span> <span class='ocrx_word' id='word_1_94' title='bbox 394 916 608 960; x_wconf 79' lang='lat' dir='ltr'>statueret,</span> <span class='ocrx_word' id='word_1_95' title='bbox 643 923 740 962; x_wconf 86' lang='lat' dir='ltr'>quae</span> <span class='ocrx_word' id='word_1_96' title='bbox 764 915 802 948; x_wconf 89' lang='lat' dir='ltr'>et</span> <span class='ocrx_word' id='word_1_97' title='bbox 827 908 1013 963; x_wconf 90' lang='lat' dir='ltr'>principio</span> <span class='ocrx_word' id='word_1_98' title='bbox 1041 914 1242 958; x_wconf 83' lang='lat' dir='ltr'>carerent,</span> <span class='ocrx_word' id='word_1_99' title='bbox 1278 920 1348 947; x_wconf 90' lang='lat' dir='ltr'>nec</span> <span class='ocrx_word' id='word_1_100' title='bbox 1374 920 1537 960; x_wconf 88' lang='lat' dir='ltr'>unquam</span> <span class='ocrx_word' id='word_1_101' title='bbox 1563 907 1715 946; x_wconf 89' lang='lat' dir='ltr'>desine-</span> 
     </span>
     <span class='ocr_line' id='line_1_12' title="bbox 178 975 1713 1031; baseline -0.002 -14"><span class='ocrx_word' id='word_1_102' title='bbox 178 985 288 1029; x_wconf 90' lang='lat' dir='ltr'>rent,</span> <span class='ocrx_word' id='word_1_103' title='bbox 321 977 564 1031; x_wconf 82' lang='lat' dir='ltr'>invicemque</span> <span class='ocrx_word' id='word_1_104' title='bbox 589 977 785 1017; x_wconf 89' lang='lat' dir='ltr'>contraria</span> <span class='ocrx_word' id='word_1_105' title='bbox 814 978 963 1027; x_wconf 85' lang='lat' dir='ltr'>forent,</span> <span class='ocrx_word' id='word_1_106' title='bbox 999 990 1160 1030; x_wconf 89' lang='lat' dir='ltr'>quornm</span> <span class='ocrx_word' id='word_1_107' title='bbox 1192 991 1306 1016; x_wconf 90' lang='lat' dir='ltr'>uuum</span> <span class='ocrx_word' id='word_1_108' title='bbox 1343 976 1465 1016; x_wconf 88' lang='lat' dir='ltr'>lucem</span> <span class='ocrx_word' id='word_1_109' title='bbox 1499 989 1543 1015; x_wconf 85' lang='lat' dir='ltr'>ac</span> <span class='ocrx_word' id='word_1_110' title='bbox 1574 975 1713 1014; x_wconf 90' lang='lat' dir='ltr'>bonum</span> 
     </span>
     <span class='ocr_line' id='line_1_13' title="bbox 179 1043 1714 1100; baseline -0.003 -13"><span class='ocrx_word' id='word_1_111' title='bbox 179 1045 412 1100; x_wconf 85' lang='lat' dir='ltr'>appellaret,</span> <span class='ocrx_word' id='word_1_112' title='bbox 446 1046 608 1086; x_wconf 85' lang='lat' dir='ltr'>alterum</span> <span class='ocrx_word' id='word_1_113' title='bbox 629 1045 811 1086; x_wconf 80' lang='lat' dir='ltr'>tenebras</span> <span class='ocrx_word' id='word_1_114' title='bbox 834 1059 878 1086; x_wconf 85' lang='lat' dir='ltr'>ac</span> <span class='ocrx_word' id='word_1_115' title='bbox 903 1045 1066 1096; x_wconf 90' lang='lat' dir='ltr'>malum,</span> <span class='ocrx_word' id='word_1_116' title='bbox 1102 1052 1143 1085; x_wconf 90' lang='lat' dir='ltr'>ut</span> <span class='ocrx_word' id='word_1_117' title='bbox 1165 1045 1264 1085; x_wconf 88' lang='lat' dir='ltr'>idem</span> <span class='ocrx_word' id='word_1_118' title='bbox 1291 1044 1367 1085; x_wconf 86' lang='lat' dir='ltr'>sint</span> <span class='ocrx_word' id='word_1_119' title='bbox 1391 1058 1436 1084; x_wconf 89' lang='lat' dir='ltr'>ac</span> <span class='ocrx_word' id='word_1_120' title='bbox 1459 1044 1553 1084; x_wconf 92' lang='lat' dir='ltr'>deus</span> <span class='ocrx_word' id='word_1_121' title='bbox 1576 1050 1613 1083; x_wconf 84' lang='lat' dir='ltr'>et</span> <span class='ocrx_word' id='word_1_122' title='bbox 1636 1043 1714 1082; x_wconf 86' lang='lat' dir='ltr'>dia-</span> 
     </span>
     <span class='ocr_line' id='line_1_14' title="bbox 178 1112 1715 1168; baseline -0.002 -14"><span class='ocrx_word' id='word_1_123' title='bbox 178 1113 308 1165; x_wconf 89' lang='lat' dir='ltr'>bolus,</span> <span class='ocrx_word' id='word_1_124' title='bbox 341 1128 437 1168; x_wconf 90' lang='lat' dir='ltr'>quos</span> <span class='ocrx_word' id='word_1_125' title='bbox 460 1114 610 1168; x_wconf 91' lang='lat' dir='ltr'>quidem</span> <span class='ocrx_word' id='word_1_126' title='bbox 636 1114 769 1154; x_wconf 86' lang='lat' dir='ltr'>ambos</span> <span class='ocrx_word' id='word_1_127' title='bbox 792 1128 1063 1168; x_wconf 87' lang='lat' dir='ltr'>nonnunquam</span> <span class='ocrx_word' id='word_1_128' title='bbox 1085 1114 1179 1154; x_wconf 90' lang='lat' dir='ltr'>deos</span> <span class='ocrx_word' id='word_1_129' title='bbox 1204 1114 1438 1163; x_wconf 89' lang='lat' dir='ltr'>nominaret,</span> <span class='ocrx_word' id='word_1_130' title='bbox 1472 1112 1583 1152; x_wconf 89' lang='lat' dir='ltr'>deum</span> <span class='ocrx_word' id='word_1_131' title='bbox 1609 1112 1715 1152; x_wconf 89' lang='lat' dir='ltr'>vide-</span> 
     </span>
     <span class='ocr_line' id='line_1_15' title="bbox 181 1181 1716 1237; baseline -0.002 -15"><span class='ocrx_word' id='word_1_132' title='bbox 181 1181 272 1223; x_wconf 82' lang='lat' dir='ltr'>licet</span> <span class='ocrx_word' id='word_1_133' title='bbox 294 1182 460 1234; x_wconf 89' lang='lat' dir='ltr'>bonum,</span> <span class='ocrx_word' id='word_1_134' title='bbox 495 1197 538 1223; x_wconf 91' lang='lat' dir='ltr'>ac</span> <span class='ocrx_word' id='word_1_135' title='bbox 565 1183 675 1223; x_wconf 91' lang='lat' dir='ltr'>deum</span> <span class='ocrx_word' id='word_1_136' title='bbox 709 1183 864 1223; x_wconf 87' lang='lat' dir='ltr'>malum.</span> <span class='ocrx_word' id='word_1_137' title='bbox 929 1182 989 1222; x_wconf 85' lang='lat' dir='ltr'>Ab</span> <span class='ocrx_word' id='word_1_138' title='bbox 1015 1182 1074 1222; x_wconf 87' lang='lat' dir='ltr'>bis</span> <span class='ocrx_word' id='word_1_139' title='bbox 1099 1181 1246 1222; x_wconf 89' lang='lat' dir='ltr'>duobus</span> <span class='ocrx_word' id='word_1_140' title='bbox 1274 1181 1471 1237; x_wconf 87' lang='lat' dir='ltr'>principiis</span> <span class='ocrx_word' id='word_1_141' title='bbox 1503 1188 1641 1221; x_wconf 80' lang='lat' dir='ltr'>exorta</span> <span class='ocrx_word' id='word_1_142' title='bbox 1674 1194 1716 1219; x_wconf 88' lang='lat' dir='ltr'>ac</span> 
     </span>
     <span class='ocr_line' id='line_1_16' title="bbox 181 1250 1717 1305; baseline -0.002 -14"><span class='ocrx_word' id='word_1_143' title='bbox 181 1251 388 1292; x_wconf 86' lang='lat' dir='ltr'>constituta</span> <span class='ocrx_word' id='word_1_144' title='bbox 409 1265 498 1292; x_wconf 91' lang='lat' dir='ltr'>esse</span> <span class='ocrx_word' id='word_1_145' title='bbox 521 1251 672 1303; x_wconf 78' lang='lat' dir='ltr'>omnia3</span> <span class='ocrx_word' id='word_1_146' title='bbox 707 1265 867 1305; x_wconf 87' lang='lat' dir='ltr'>quorum</span> <span class='ocrx_word' id='word_1_147' title='bbox 891 1251 938 1291; x_wconf 93' lang='lat' dir='ltr'>ab</span> <span class='ocrx_word' id='word_1_148' title='bbox 961 1251 1084 1291; x_wconf 86' lang='lat' dir='ltr'>altero</span> <span class='ocrx_word' id='word_1_149' title='bbox 1105 1250 1221 1302; x_wconf 85' lang='lat' dir='ltr'>bona,</span> <span class='ocrx_word' id='word_1_150' title='bbox 1257 1250 1303 1291; x_wconf 89' lang='lat' dir='ltr'>ab</span> <span class='ocrx_word' id='word_1_151' title='bbox 1324 1250 1445 1291; x_wconf 87' lang='lat' dir='ltr'>altero</span> <span class='ocrx_word' id='word_1_152' title='bbox 1469 1250 1568 1290; x_wconf 89' lang='lat' dir='ltr'>mala</span> <span class='ocrx_word' id='word_1_153' title='bbox 1590 1250 1717 1289; x_wconf 87' lang='lat' dir='ltr'>omnia</span> 
     </span>
     <span class='ocr_line' id='line_1_17' title="bbox 179 1318 1718 1374; baseline -0.002 -14"><span class='ocrx_word' id='word_1_154' title='bbox 179 1319 498 1373; x_wconf 87' lang='lat' dir='ltr'>proficiscuntur,</span> <span class='ocrx_word' id='word_1_155' title='bbox 532 1334 630 1374; x_wconf 86' lang='lat' dir='ltr'>quac</span> <span class='ocrx_word' id='word_1_156' title='bbox 656 1320 854 1360; x_wconf 88' lang='lat' dir='ltr'>amborum</span> <span class='ocrx_word' id='word_1_157' title='bbox 883 1319 1158 1374; x_wconf 87' lang='lat' dir='ltr'>principiorum</span> <span class='ocrx_word' id='word_1_158' title='bbox 1182 1320 1220 1359; x_wconf 95' lang='lat' dir='ltr'>in</span> <span class='ocrx_word' id='word_1_159' title='bbox 1246 1319 1317 1360; x_wconf 80' lang='lat' dir='ltr'>lioc</span> <span class='ocrx_word' id='word_1_160' title='bbox 1340 1320 1480 1359; x_wconf 90' lang='lat' dir='ltr'>mundo</span> <span class='ocrx_word' id='word_1_161' title='bbox 1504 1318 1718 1359; x_wconf 87' lang='lat' dir='ltr'>subsisten-</span> 
     </span>
     <span class='ocr_line' id='line_1_18' title="bbox 183 1386 1717 1443; baseline -0.001 -16"><span class='ocrx_word' id='word_1_162' title='bbox 183 1388 273 1428; x_wconf 85' lang='lat' dir='ltr'>tiam</span> <span class='ocrx_word' id='word_1_163' title='bbox 305 1388 485 1429; x_wconf 85' lang='lat' dir='ltr'>habeant.</span> <span class='ocrx_word' id='word_1_164' title='bbox 547 1388 609 1428; x_wconf 91' lang='lat' dir='ltr'>Ad</span> <span class='ocrx_word' id='word_1_165' title='bbox 636 1388 730 1428; x_wconf 89' lang='lat' dir='ltr'>haec</span> <span class='ocrx_word' id='word_1_166' title='bbox 753 1402 891 1443; x_wconf 88' lang='lat' dir='ltr'>corpus</span> <span class='ocrx_word' id='word_1_167' title='bbox 919 1388 965 1428; x_wconf 90' lang='lat' dir='ltr'>ab</span> <span class='ocrx_word' id='word_1_168' title='bbox 991 1403 1066 1428; x_wconf 94' lang='lat' dir='ltr'>uno</span> <span class='ocrx_word' id='word_1_169' title='bbox 1091 1388 1242 1429; x_wconf 88' lang='lat' dir='ltr'>illorum</span> <span class='ocrx_word' id='word_1_170' title='bbox 1267 1402 1355 1429; x_wconf 87' lang='lat' dir='ltr'>esse</span> <span class='ocrx_word' id='word_1_171' title='bbox 1384 1387 1601 1437; x_wconf 89' lang='lat' dir='ltr'>conditum,</span> <span class='ocrx_word' id='word_1_172' title='bbox 1635 1386 1717 1427; x_wconf 88' lang='lat' dir='ltr'>ani—</span> 
     </span>
     <span class='ocr_line' id='line_1_19' title="bbox 181 1455 1717 1511; baseline -0.001 -15"><span class='ocrx_word' id='word_1_173' title='bbox 181 1470 280 1496; x_wconf 90' lang='lat' dir='ltr'>mam</span> <span class='ocrx_word' id='word_1_174' title='bbox 308 1457 355 1497; x_wconf 89' lang='lat' dir='ltr'>ab</span> <span class='ocrx_word' id='word_1_175' title='bbox 376 1457 520 1498; x_wconf 88' lang='lat' dir='ltr'>altero:</span> <span class='ocrx_word' id='word_1_176' title='bbox 555 1471 652 1511; x_wconf 90' lang='lat' dir='ltr'>quae</span> <span class='ocrx_word' id='word_1_177' title='bbox 677 1457 827 1511; x_wconf 89' lang='lat' dir='ltr'>quidem</span> <span class='ocrx_word' id='word_1_178' title='bbox 854 1456 981 1497; x_wconf 86' lang='lat' dir='ltr'>anima</span> <span class='ocrx_word' id='word_1_179' title='bbox 1004 1464 1079 1497; x_wconf 78' lang='lat' dir='ltr'>tarn</span> <span class='ocrx_word' id='word_1_180' title='bbox 1105 1457 1142 1496; x_wconf 92' lang='lat' dir='ltr'>in</span> <span class='ocrx_word' id='word_1_181' title='bbox 1172 1456 1389 1497; x_wconf 85' lang='lat' dir='ltr'>hominibus</span> <span class='ocrx_word' id='word_1_182' title='bbox 1415 1470 1526 1510; x_wconf 82' lang='lat' dir='ltr'>quam</span> <span class='ocrx_word' id='word_1_183' title='bbox 1551 1455 1589 1495; x_wconf 91' lang='lat' dir='ltr'>in</span> <span class='ocrx_word' id='word_1_184' title='bbox 1614 1462 1717 1495; x_wconf 83' lang='lat' dir='ltr'>cete-</span> 
     </span>
     <span class='ocr_line' id='line_1_20' title="bbox 182 1523 1717 1580; baseline -0.003 -14"><span class='ocrx_word' id='word_1_185' title='bbox 182 1526 236 1566; x_wconf 90' lang='lat' dir='ltr'>ris</span> <span class='ocrx_word' id='word_1_186' title='bbox 263 1525 515 1577; x_wconf 81' lang='lat' dir='ltr'>animalibus,</span> <span class='ocrx_word' id='word_1_187' title='bbox 557 1526 731 1579; x_wconf 86' lang='lat' dir='ltr'>adeoque</span> <span class='ocrx_word' id='word_1_188' title='bbox 765 1525 923 1576; x_wconf 82' lang='lat' dir='ltr'>avibus,</span> <span class='ocrx_word' id='word_1_189' title='bbox 964 1524 1210 1580; x_wconf 81' lang='lat' dir='ltr'>serpentibus</span> <span class='ocrx_word' id='word_1_190' title='bbox 1244 1539 1288 1565; x_wconf 90' lang='lat' dir='ltr'>ac</span> <span class='ocrx_word' id='word_1_191' title='bbox 1320 1523 1456 1565; x_wconf 85' lang='lat' dir='ltr'>bestiis</span> <span class='ocrx_word' id='word_1_192' title='bbox 1487 1524 1600 1574; x_wconf 88' lang='lat' dir='ltr'>insit,</span> <span class='ocrx_word' id='word_1_193' title='bbox 1642 1524 1717 1562; x_wconf 92' lang='lat' dir='ltr'>imo</span> 
     </span>
     <span class='ocr_line' id='line_1_21' title="bbox 184 1592 1720 1649; baseline -0.002 -15"><span class='ocrx_word' id='word_1_194' title='bbox 184 1593 299 1634; x_wconf 87' lang='lat' dir='ltr'>ctiam</span> <span class='ocrx_word' id='word_1_195' title='bbox 326 1594 533 1649; x_wconf 84' lang='lat' dir='ltr'>stirpibus,</span> <span class='ocrx_word' id='word_1_196' title='bbox 573 1594 612 1634; x_wconf 90' lang='lat' dir='ltr'>in</span> <span class='ocrx_word' id='word_1_197' title='bbox 644 1593 781 1648; x_wconf 90' lang='lat' dir='ltr'>quibus</span> <span class='ocrx_word' id='word_1_198' title='bbox 812 1593 967 1634; x_wconf 86' lang='lat' dir='ltr'>vitalem</span> <span class='ocrx_word' id='word_1_199' title='bbox 998 1594 1198 1634; x_wconf 87' lang='lat' dir='ltr'>humorem</span> <span class='ocrx_word' id='word_1_200' title='bbox 1232 1600 1376 1634; x_wconf 87' lang='lat' dir='ltr'>motum</span> <span class='ocrx_word' id='word_1_201' title='bbox 1409 1593 1557 1634; x_wconf 90' lang='lat' dir='ltr'>animae</span> <span class='ocrx_word' id='word_1_202' title='bbox 1589 1592 1720 1632; x_wconf 80' lang='lat' dir='ltr'>delinit</span> 
     </span>
     <span class='ocr_line' id='line_1_22' title="bbox 185 1662 1082 1714; baseline 0.001 -12"><span class='ocrx_word' id='word_1_203' title='bbox 185 1676 298 1714; x_wconf 83' lang='lat' dir='ltr'>esse,</span> <span class='ocrx_word' id='word_1_204' title='bbox 332 1663 545 1704; x_wconf 91' lang='lat' dir='ltr'>cuiusmodi</span> <span class='ocrx_word' id='word_1_205' title='bbox 577 1663 616 1703; x_wconf 91' lang='lat' dir='ltr'>in</span> <span class='ocrx_word' id='word_1_206' title='bbox 648 1662 865 1703; x_wconf 87' lang='lat' dir='ltr'>bominibus</span> <span class='ocrx_word' id='word_1_207' title='bbox 896 1662 1082 1703; x_wconf 85' lang='lat' dir='ltr'>cernitur.</span> 
     </span>
    </p>
   </div>
   <div class='ocr_carea' id='block_1_3' title="bbox 187 1867 1729 2999">
    <p class='ocr_par' dir='ltr' id='par_1_3' title="bbox 187 1867 1727 2770">
     <span class='ocr_line' id='line_1_23' title="bbox 296 1867 1718 1924; baseline -0.001 -15"><span class='ocrx_word' id='word_1_208' title='bbox 296 1867 461 1910; x_wconf 88' lang='lat' dir='ltr'>Praeter</span> <span class='ocrx_word' id='word_1_209' title='bbox 496 1869 589 1909; x_wconf 88' lang='lat' dir='ltr'>haec</span> <span class='ocrx_word' id='word_1_210' title='bbox 623 1869 718 1909; x_wconf 86' lang='lat' dir='ltr'>alias</span> <span class='ocrx_word' id='word_1_211' title='bbox 753 1869 955 1924; x_wconf 87' lang='lat' dir='ltr'>plerasque</span> <span class='ocrx_word' id='word_1_212' title='bbox 991 1868 1136 1909; x_wconf 81' lang='lat' dir='ltr'>fabulas</span> <span class='ocrx_word' id='word_1_213' title='bbox 1170 1868 1358 1922; x_wconf 83' lang='lat' dir='ltr'>adiungit.</span> <span class='ocrx_word' id='word_1_214' title='bbox 1422 1867 1540 1909; x_wconf 79' lang='lat' dir='ltr'>Velut</span> <span class='ocrx_word' id='word_1_215' title='bbox 1570 1868 1601 1909; x_wconf 92' lang='lat' dir='ltr'>si</span> <span class='ocrx_word' id='word_1_216' title='bbox 1634 1867 1718 1922; x_wconf 89' lang='lat' dir='ltr'>quis</span> 
     </span>
     <span class='ocr_line' id='line_1_24' title="bbox 187 1937 1720 1992; baseline -0.001 -14"><span class='ocrx_word' id='word_1_217' title='bbox 187 1937 367 1978; x_wconf 89' lang='lat' dir='ltr'>carnibus</span> <span class='ocrx_word' id='word_1_218' title='bbox 394 1945 600 1988; x_wconf 84' lang='lat' dir='ltr'>vescatur,</span> <span class='ocrx_word' id='word_1_219' title='bbox 643 1937 807 1977; x_wconf 86' lang='lat' dir='ltr'>animam</span> <span class='ocrx_word' id='word_1_220' title='bbox 838 1938 1050 1989; x_wconf 86' lang='lat' dir='ltr'>devorare,</span> <span class='ocrx_word' id='word_1_221' title='bbox 1089 1951 1250 1991; x_wconf 88' lang='lat' dir='ltr'>eamque</span> <span class='ocrx_word' id='word_1_222' title='bbox 1285 1937 1528 1978; x_wconf 88' lang='lat' dir='ltr'>committere</span> <span class='ocrx_word' id='word_1_223' title='bbox 1559 1950 1720 1992; x_wconf 86' lang='lat' dir='ltr'>poenam</span> 
     </span>
     <span class='ocr_line' id='line_1_25' title="bbox 187 2005 1723 2061; baseline 0 -15"><span class='ocrx_word' id='word_1_224' title='bbox 187 2013 229 2046; x_wconf 90' lang='lat' dir='ltr'>ut</span> <span class='ocrx_word' id='word_1_225' title='bbox 248 2006 287 2046; x_wconf 93' lang='lat' dir='ltr'>in</span> <span class='ocrx_word' id='word_1_226' title='bbox 309 2005 474 2061; x_wconf 91' lang='lat' dir='ltr'>idipsum</span> <span class='ocrx_word' id='word_1_227' title='bbox 496 2014 679 2047; x_wconf 88' lang='lat' dir='ltr'>mutetur.</span> <span class='ocrx_word' id='word_1_228' title='bbox 743 2005 923 2061; x_wconf 82' lang='lat' dir='ltr'>Exempli</span> <span class='ocrx_word' id='word_1_229' title='bbox 949 2005 1096 2061; x_wconf 86' lang='lat' dir='ltr'>gratia,</span> <span class='ocrx_word' id='word_1_230' title='bbox 1130 2006 1161 2046; x_wconf 90' lang='lat' dir='ltr'>si</span> <span class='ocrx_word' id='word_1_231' title='bbox 1186 2020 1342 2061; x_wconf 87' lang='lat' dir='ltr'>porcum</span> <span class='ocrx_word' id='word_1_232' title='bbox 1368 2006 1600 2056; x_wconf 85' lang='lat' dir='ltr'>comederit,</span> <span class='ocrx_word' id='word_1_233' title='bbox 1636 2020 1723 2061; x_wconf 89' lang='lat' dir='ltr'>por-</span> 
     </span>
     <span class='ocr_line' id='line_1_26' title="bbox 187 2074 1718 2130; baseline 0 -16"><span class='ocrx_word' id='word_1_234' title='bbox 187 2089 271 2115; x_wconf 89' lang='lat' dir='ltr'>cum</span> <span class='ocrx_word' id='word_1_235' title='bbox 299 2075 403 2115; x_wconf 90' lang='lat' dir='ltr'>illum</span> <span class='ocrx_word' id='word_1_236' title='bbox 430 2076 536 2126; x_wconf 88' lang='lat' dir='ltr'>sore,</span> <span class='ocrx_word' id='word_1_237' title='bbox 569 2076 632 2115; x_wconf 85' lang='lat' dir='ltr'>vel</span> <span class='ocrx_word' id='word_1_238' title='bbox 658 2082 825 2125; x_wconf 85' lang='lat' dir='ltr'>taurum,</span> <span class='ocrx_word' id='word_1_239' title='bbox 860 2075 921 2116; x_wconf 83' lang='lat' dir='ltr'>vel</span> <span class='ocrx_word' id='word_1_240' title='bbox 944 2089 1079 2126; x_wconf 84' lang='lat' dir='ltr'>avem,</span> <span class='ocrx_word' id='word_1_241' title='bbox 1112 2075 1174 2116; x_wconf 90' lang='lat' dir='ltr'>vel</span> <span class='ocrx_word' id='word_1_242' title='bbox 1197 2074 1387 2130; x_wconf 89' lang='lat' dir='ltr'>quippiam</span> <span class='ocrx_word' id='word_1_243' title='bbox 1412 2090 1486 2129; x_wconf 94' lang='lat' dir='ltr'>quo</span> <span class='ocrx_word' id='word_1_244' title='bbox 1509 2074 1718 2115; x_wconf 85' lang='lat' dir='ltr'>vescimur.</span> 
     </span>
     <span class='ocr_line' id='line_1_27' title="bbox 188 2140 1720 2198; baseline 0 -15"><span class='ocrx_word' id='word_1_245' title='bbox 188 2140 357 2198; x_wconf 89' lang='lat' dir='ltr'>Ideoque</span> <span class='ocrx_word' id='word_1_246' title='bbox 381 2143 427 2184; x_wconf 90' lang='lat' dir='ltr'>ab</span> <span class='ocrx_word' id='word_1_247' title='bbox 452 2144 633 2184; x_wconf 88' lang='lat' dir='ltr'>animatis</span> <span class='ocrx_word' id='word_1_248' title='bbox 656 2143 866 2185; x_wconf 85' lang='lat' dir='ltr'>abstinent.</span> <span class='ocrx_word' id='word_1_249' title='bbox 929 2142 1043 2197; x_wconf 82' lang='lat' dir='ltr'>Quod</span> <span class='ocrx_word' id='word_1_250' title='bbox 1063 2143 1095 2184; x_wconf 90' lang='lat' dir='ltr'>si</span> <span class='ocrx_word' id='word_1_251' title='bbox 1118 2143 1218 2198; x_wconf 90' lang='lat' dir='ltr'>quis,</span> <span class='ocrx_word' id='word_1_252' title='bbox 1253 2144 1391 2198; x_wconf 89' lang='lat' dir='ltr'>iuquit,</span> <span class='ocrx_word' id='word_1_253' title='bbox 1423 2144 1535 2184; x_wconf 90' lang='lat' dir='ltr'>ficum</span> <span class='ocrx_word' id='word_1_254' title='bbox 1558 2144 1720 2193; x_wconf 85' lang='lat' dir='ltr'>severit,</span> 
     </span>
     <span class='ocr_line' id='line_1_28' title="bbox 190 2212 1722 2268; baseline -0.001 -16"><span class='ocrx_word' id='word_1_255' title='bbox 190 2218 256 2252; x_wconf 86' lang='lat' dir='ltr'>aut</span> <span class='ocrx_word' id='word_1_256' title='bbox 277 2212 424 2264; x_wconf 89' lang='lat' dir='ltr'>oleam,</span> <span class='ocrx_word' id='word_1_257' title='bbox 459 2219 524 2252; x_wconf 84' lang='lat' dir='ltr'>aut</span> <span class='ocrx_word' id='word_1_258' title='bbox 544 2212 686 2263; x_wconf 87' lang='lat' dir='ltr'>vitem,</span> <span class='ocrx_word' id='word_1_259' title='bbox 721 2219 786 2253; x_wconf 82' lang='lat' dir='ltr'>aut</span> <span class='ocrx_word' id='word_1_260' title='bbox 810 2227 1080 2267; x_wconf 81' lang='lat' dir='ltr'>sycomorum,</span> <span class='ocrx_word' id='word_1_261' title='bbox 1114 2219 1177 2253; x_wconf 86' lang='lat' dir='ltr'>aut</span> <span class='ocrx_word' id='word_1_262' title='bbox 1200 2212 1391 2267; x_wconf 89' lang='lat' dir='ltr'>persicam</span> <span class='ocrx_word' id='word_1_263' title='bbox 1407 2245 1417 2264; x_wconf 93' lang='lat'>,</span> <span class='ocrx_word' id='word_1_264' title='bbox 1451 2220 1537 2268; x_wconf 93' lang='lat' dir='ltr'>post</span> <span class='ocrx_word' id='word_1_265' title='bbox 1560 2219 1722 2252; x_wconf 88' lang='lat' dir='ltr'>mortem</span> 
     </span>
     <span class='ocr_line' id='line_1_29' title="bbox 190 2279 1724 2336; baseline 0 -16"><span class='ocrx_word' id='word_1_266' title='bbox 190 2280 273 2321; x_wconf 90' lang='lat' dir='ltr'>eius</span> <span class='ocrx_word' id='word_1_267' title='bbox 295 2295 408 2335; x_wconf 90' lang='lat' dir='ltr'>quam</span> <span class='ocrx_word' id='word_1_268' title='bbox 438 2281 622 2336; x_wconf 88' lang='lat' dir='ltr'>plantavit</span> <span class='ocrx_word' id='word_1_269' title='bbox 648 2281 799 2321; x_wconf 88' lang='lat' dir='ltr'>arboris</span> <span class='ocrx_word' id='word_1_270' title='bbox 822 2281 938 2321; x_wconf 88' lang='lat' dir='ltr'>ramis</span> <span class='ocrx_word' id='word_1_271' title='bbox 965 2279 1171 2336; x_wconf 82' lang='lat' dir='ltr'>alligatur,</span> <span class='ocrx_word' id='word_1_272' title='bbox 1200 2288 1241 2322; x_wconf 91' lang='lat' dir='ltr'>ut</span> <span class='ocrx_word' id='word_1_273' title='bbox 1261 2281 1350 2322; x_wconf 89' lang='lat' dir='ltr'>inde</span> <span class='ocrx_word' id='word_1_274' title='bbox 1376 2281 1509 2336; x_wconf 84' lang='lat' dir='ltr'>egredi</span> <span class='ocrx_word' id='word_1_275' title='bbox 1534 2295 1611 2321; x_wconf 92' lang='lat' dir='ltr'>non</span> <span class='ocrx_word' id='word_1_276' title='bbox 1637 2295 1724 2335; x_wconf 88' lang='lat' dir='ltr'>pos-</span> 
     </span>
     <span class='ocr_line' id='line_1_30' title="bbox 189 2347 1724 2405; baseline 0 -16"><span class='ocrx_word' id='word_1_277' title='bbox 189 2350 254 2390; x_wconf 87' lang='lat' dir='ltr'>sit.</span> <span class='ocrx_word' id='word_1_278' title='bbox 318 2347 561 2404; x_wconf 83' lang='lat' dir='ltr'>Quicumque</span> <span class='ocrx_word' id='word_1_279' title='bbox 587 2363 681 2390; x_wconf 89' lang='lat' dir='ltr'>vero</span> <span class='ocrx_word' id='word_1_280' title='bbox 707 2363 871 2390; x_wconf 82' lang='lat' dir='ltr'>uxorem</span> <span class='ocrx_word' id='word_1_281' title='bbox 898 2350 1074 2401; x_wconf 86' lang='lat' dir='ltr'>duxerit,</span> <span class='ocrx_word' id='word_1_282' title='bbox 1109 2357 1193 2405; x_wconf 90' lang='lat' dir='ltr'>post</span> <span class='ocrx_word' id='word_1_283' title='bbox 1220 2350 1364 2390; x_wconf 90' lang='lat' dir='ltr'>obitum</span> <span class='ocrx_word' id='word_1_284' title='bbox 1390 2350 1430 2390; x_wconf 94' lang='lat' dir='ltr'>in</span> <span class='ocrx_word' id='word_1_285' title='bbox 1459 2350 1560 2390; x_wconf 90' lang='lat' dir='ltr'>aliud</span> <span class='ocrx_word' id='word_1_286' title='bbox 1584 2364 1724 2405; x_wconf 82' lang='lat' dir='ltr'>corpus</span> 
     </span>
     <span class='ocr_line' id='line_1_31' title="bbox 191 2417 1723 2474; baseline 0 -16"><span class='ocrx_word' id='word_1_287' title='bbox 191 2418 351 2469; x_wconf 85' lang='lat' dir='ltr'>transit,</span> <span class='ocrx_word' id='word_1_288' title='bbox 384 2418 500 2473; x_wconf 89' lang='lat' dir='ltr'>fitque</span> <span class='ocrx_word' id='word_1_289' title='bbox 527 2418 685 2469; x_wconf 88' lang='lat' dir='ltr'>mulier,</span> <span class='ocrx_word' id='word_1_290' title='bbox 721 2426 760 2458; x_wconf 87' lang='lat' dir='ltr'>ut</span> <span class='ocrx_word' id='word_1_291' title='bbox 787 2425 824 2459; x_wconf 87' lang='lat' dir='ltr'>et</span> <span class='ocrx_word' id='word_1_292' title='bbox 850 2418 1019 2460; x_wconf 87' lang='lat' dir='ltr'>vicissim</span> <span class='ocrx_word' id='word_1_293' title='bbox 1053 2419 1176 2474; x_wconf 89' lang='lat' dir='ltr'>possit</span> <span class='ocrx_word' id='word_1_294' title='bbox 1205 2418 1367 2459; x_wconf 88' lang='lat' dir='ltr'>nubere.</span> <span class='ocrx_word' id='word_1_295' title='bbox 1431 2417 1508 2471; x_wconf 78' lang='lat' dir='ltr'>Qui</span> <span class='ocrx_word' id='word_1_296' title='bbox 1532 2419 1723 2459; x_wconf 81' lang='lat' dir='ltr'>bominem</span> 
     </span>
     <span class='ocr_line' id='line_1_32' title="bbox 191 2486 1726 2542; baseline 0.001 -16"><span class='ocrx_word' id='word_1_297' title='bbox 191 2486 398 2537; x_wconf 89' lang='lat' dir='ltr'>occiderit,</span> <span class='ocrx_word' id='word_1_298' title='bbox 433 2487 496 2527; x_wconf 90' lang='lat' dir='ltr'>ubi</span> <span class='ocrx_word' id='word_1_299' title='bbox 518 2501 569 2527; x_wconf 81' lang='lat' dir='ltr'>ex</span> <span class='ocrx_word' id='word_1_300' title='bbox 594 2487 664 2527; x_wconf 89' lang='lat' dir='ltr'>hac</span> <span class='ocrx_word' id='word_1_301' title='bbox 691 2486 770 2528; x_wconf 85' lang='lat' dir='ltr'>vita</span> <span class='ocrx_word' id='word_1_302' title='bbox 790 2486 983 2539; x_wconf 89' lang='lat' dir='ltr'>discessit,</span> <span class='ocrx_word' id='word_1_303' title='bbox 1017 2489 1054 2528; x_wconf 92' lang='lat' dir='ltr'>in</span> <span class='ocrx_word' id='word_1_304' title='bbox 1081 2487 1229 2542; x_wconf 80' lang='lat' dir='ltr'>celeplii</span> <span class='ocrx_word' id='word_1_305' title='bbox 1258 2501 1397 2542; x_wconf 91' lang='lat' dir='ltr'>corpus</span> <span class='ocrx_word' id='word_1_306' title='bbox 1426 2487 1629 2541; x_wconf 83' lang='lat' dir='ltr'>demigrat,</span> <span class='ocrx_word' id='word_1_307' title='bbox 1663 2495 1726 2528; x_wconf 84' lang='lat' dir='ltr'>aut</span> 
     </span>
     <span class='ocr_line' id='line_1_33' title="bbox 192 2555 1727 2611; baseline 0.001 -15"><span class='ocrx_word' id='word_1_308' title='bbox 192 2555 337 2606; x_wconf 90' lang='lat' dir='ltr'>muris,</span> <span class='ocrx_word' id='word_1_309' title='bbox 380 2562 446 2596; x_wconf 88' lang='lat' dir='ltr'>aut</span> <span class='ocrx_word' id='word_1_310' title='bbox 476 2555 693 2610; x_wconf 89' lang='lat' dir='ltr'>serpentis,</span> <span class='ocrx_word' id='word_1_311' title='bbox 738 2563 802 2596; x_wconf 89' lang='lat' dir='ltr'>aut</span> <span class='ocrx_word' id='word_1_312' title='bbox 832 2556 931 2597; x_wconf 87' lang='lat' dir='ltr'>aliud</span> <span class='ocrx_word' id='word_1_313' title='bbox 963 2556 1128 2611; x_wconf 89' lang='lat' dir='ltr'>denique</span> <span class='ocrx_word' id='word_1_314' title='bbox 1161 2557 1202 2596; x_wconf 87' lang='lat' dir='ltr'>fit</span> <span class='ocrx_word' id='word_1_315' title='bbox 1238 2555 1424 2596; x_wconf 89' lang='lat' dir='ltr'>eiusmodi</span> <span class='ocrx_word' id='word_1_316' title='bbox 1457 2555 1568 2609; x_wconf 87' lang='lat' dir='ltr'>quale</span> <span class='ocrx_word' id='word_1_317' title='bbox 1600 2555 1635 2596; x_wconf 93' lang='lat' dir='ltr'>id</span> <span class='ocrx_word' id='word_1_318' title='bbox 1668 2563 1727 2597; x_wconf 89' lang='lat' dir='ltr'>est</span> 
     </span>
     <span class='ocr_line' id='line_1_34' title="bbox 194 2622 1726 2680; baseline -0.001 -14"><span class='ocrx_word' id='word_1_319' title='bbox 194 2625 294 2679; x_wconf 90' lang='lat' dir='ltr'>quod</span> <span class='ocrx_word' id='word_1_320' title='bbox 317 2624 572 2665; x_wconf 81' lang='lat' dir='ltr'>interfecerit.</span> <span class='ocrx_word' id='word_1_321' title='bbox 626 2622 730 2677; x_wconf 80' lang='lat' dir='ltr'>¹Quin</span> <span class='ocrx_word' id='word_1_322' title='bbox 753 2623 824 2665; x_wconf 92' lang='lat' dir='ltr'>hoc</span> <span class='ocrx_word' id='word_1_323' title='bbox 847 2625 1006 2680; x_wconf 87' lang='lat' dir='ltr'>insuper</span> <span class='ocrx_word' id='word_1_324' title='bbox 1028 2624 1246 2675; x_wconf 82' lang='lat' dir='ltr'>asserebat,</span> <span class='ocrx_word' id='word_1_325' title='bbox 1280 2624 1489 2664; x_wconf 84' lang='lat' dir='ltr'>coelestem</span> <span class='ocrx_word' id='word_1_326' title='bbox 1511 2624 1612 2665; x_wconf 90' lang='lat' dir='ltr'>illam</span> <span class='ocrx_word' id='word_1_327' title='bbox 1635 2624 1726 2665; x_wconf 89' lang='lat' dir='ltr'>boni</span> 
     </span>
     <span class='ocr_line' id='line_1_35' title="bbox 196 2725 1658 2770; baseline 0 -10"><span class='ocrx_word' id='word_1_328' title='bbox 196 2730 342 2760; x_wconf 74' lang='lat' dir='ltr'>Gataheri</span> <span class='ocrx_word' id='word_1_329' title='bbox 373 2730 533 2768; x_wconf 81' lang='lat' dir='ltr'>proposita</span> <span class='ocrx_word' id='word_1_330' title='bbox 570 2730 602 2759; x_wconf 76' lang='lat' dir='ltr'>iri</span> <span class='ocrx_word' id='word_1_331' title='bbox 636 2730 701 2760; x_wconf 79' lang='lat' dir='ltr'>eius</span> <span class='ocrx_word' id='word_1_332' title='bbox 737 2729 815 2768; x_wconf 78' lang='lat' dir='ltr'>Opp.</span> <span class='ocrx_word' id='word_1_333' title='bbox 851 2729 936 2760; x_wconf 82' lang='lat' dir='ltr'>Critt.</span> <span class='ocrx_word' id='word_1_334' title='bbox 984 2739 1007 2761; x_wconf 79' lang='lat' dir='ltr'>s,</span> <span class='ocrx_word' id='word_1_335' title='bbox 1028 2739 1057 2761; x_wconf 77' lang='grc' dir='ltr'>υ.</span> <span class='ocrx_word' id='word_1_336' title='bbox 1082 2725 1247 2770; x_wconf 79' lang='grc' dir='ltr'>Κελεφός.</span> <span class='ocrx_word' id='word_1_337' title='bbox 1295 2728 1380 2759; x_wconf 85' lang='lat' dir='ltr'>Adde</span> <span class='ocrx_word' id='word_1_338' title='bbox 1404 2728 1487 2766; x_wconf 75' lang='lat' dir='ltr'>infra</span> <span class='ocrx_word' id='word_1_339' title='bbox 1512 2737 1581 2768; x_wconf 87' lang='lat' dir='ltr'>cap.</span> <span class='ocrx_word' id='word_1_340' title='bbox 1604 2726 1658 2760; x_wconf 60' lang='lat'>25.</span> 
     </span>
    </p>

    <p class='ocr_par' dir='ltr' id='par_1_4' title="bbox 192 2771 1728 2817">
     <span class='ocr_line' id='line_1_36' title="bbox 192 2771 1728 2817; baseline -0.001 -11"><span class='ocrx_word' id='word_1_341' title='bbox 192 2784 224 2813; x_wconf 83' lang='lat' dir='ltr'>p.</span> <span class='ocrx_word' id='word_1_342' title='bbox 249 2773 315 2807; x_wconf 76' lang='lat'>796</span> <span class='ocrx_word' id='word_1_343' title='bbox 339 2784 384 2814; x_wconf 85' lang='lat' dir='ltr'>sq.</span> <span class='ocrx_word' id='word_1_344' title='bbox 1030 2775 1060 2807; x_wconf 79' lang='lat'>3.</span> <span class='ocrx_word' id='word_1_345' title='bbox 1088 2771 1306 2817; x_wconf 79' lang='grc' dir='ltr'>βουλευομένη</span> <span class='ocrx_word' id='word_1_346' title='bbox 1330 2773 1481 2812; x_wconf 77' lang='lat' dir='ltr'>quomodo</span> <span class='ocrx_word' id='word_1_347' title='bbox 1504 2775 1651 2813; x_wconf 73' lang='lat' dir='ltr'>explicem</span> <span class='ocrx_word' id='word_1_348' title='bbox 1674 2778 1728 2805; x_wconf 86' lang='lat' dir='ltr'>aut</span> 
     </span>
    </p>

    <p class='ocr_par' dir='ltr' id='par_1_5' title="bbox 197 2818 1729 2999">
     <span class='ocr_line' id='line_1_37' title="bbox 239 2818 1728 2862; baseline 0 -11"><span class='ocrx_word' id='word_1_349' title='bbox 239 2819 271 2851; x_wconf 82' lang='lat'>2.</span> <span class='ocrx_word' id='word_1_350' title='bbox 298 2820 397 2857; x_wconf 81' lang='lat' dir='ltr'>„Vox</span> <span class='ocrx_word' id='word_1_351' title='bbox 420 2819 483 2851; x_wconf 87' lang='lat' dir='ltr'>ista</span> <span class='ocrx_word' id='word_1_352' title='bbox 516 2820 657 2862; x_wconf 74' lang='grc' dir='ltr'>κελεφοῦ</span> <span class='ocrx_word' id='word_1_353' title='bbox 692 2818 770 2850; x_wconf 90' lang='lat' dir='ltr'>mihi</span> <span class='ocrx_word' id='word_1_354' title='bbox 793 2818 938 2851; x_wconf 86' lang='lat' dir='ltr'>noudum</span> <span class='ocrx_word' id='word_1_355' title='bbox 983 2830 1043 2860; x_wconf 82' lang='lat' dir='ltr'>quo</span> <span class='ocrx_word' id='word_1_356' title='bbox 1063 2821 1227 2850; x_wconf 82' lang='lat' dir='ltr'>adstruam</span> <span class='ocrx_word' id='word_1_357' title='bbox 1249 2828 1309 2849; x_wconf 81' lang='lat' dir='ltr'>non</span> <span class='ocrx_word' id='word_1_358' title='bbox 1332 2820 1438 2851; x_wconf 79' lang='lat' dir='ltr'>habeo.</span> <span class='ocrx_word' id='word_1_359' title='bbox 1485 2819 1632 2859; x_wconf 82' lang='lat' dir='ltr'>Suspicor</span> <span class='ocrx_word' id='word_1_360' title='bbox 1655 2820 1728 2862; x_wconf 85' lang='grc' dir='ltr'>βου-</span> 
     </span>
     <span class='ocr_line' id='line_1_38' title="bbox 198 2863 1729 2907; baseline 0 -12"><span class='ocrx_word' id='word_1_361' title='bbox 198 2863 337 2907; x_wconf 83' lang='lat' dir='ltr'>cognita.</span> <span class='ocrx_word' id='word_1_362' title='bbox 378 2865 427 2897; x_wconf 89' lang='lat' dir='ltr'>Ab</span> <span class='ocrx_word' id='word_1_363' title='bbox 450 2865 511 2896; x_wconf 77' lang='lat' dir='ltr'>hac</span> <span class='ocrx_word' id='word_1_364' title='bbox 536 2864 693 2907; x_wconf 73' lang='grc' dir='ltr'>κελεφίας</span> <span class='ocrx_word' id='word_1_365' title='bbox 718 2863 856 2896; x_wconf 85' lang='lat' dir='ltr'>forsitan</span> <span class='ocrx_word' id='word_1_366' title='bbox 877 2864 939 2896; x_wconf 86' lang='lat' dir='ltr'>de-</span> <span class='ocrx_word' id='word_1_367' title='bbox 986 2863 1178 2906; x_wconf 73' lang='grc' dir='ltr'>κολουμένη.</span> <span class='ocrx_word' id='word_1_368' title='bbox 1220 2865 1393 2894; x_wconf 76' lang='lat' dir='ltr'>Gataherus</span> <span class='ocrx_word' id='word_1_369' title='bbox 1414 2865 1464 2894; x_wconf 73' lang='grc' dir='ltr'>Η.</span> <span class='ocrx_word' id='word_1_370' title='bbox 1487 2864 1607 2903; x_wconf 77' lang='lat' dir='ltr'>p.799.</span> <span class='ocrx_word' id='word_1_371' title='bbox 1628 2867 1729 2904; x_wconf 82' lang='lat' dir='ltr'>suspi-</span> 
     </span>
     <span class='ocr_line' id='line_1_39' title="bbox 197 2908 1728 2953; baseline 0 -12"><span class='ocrx_word' id='word_1_372' title='bbox 197 2909 341 2949; x_wconf 81' lang='lat' dir='ltr'>rivatur,</span> <span class='ocrx_word' id='word_1_373' title='bbox 375 2910 464 2953; x_wconf 86' lang='lat' dir='ltr'>quod</span> <span class='ocrx_word' id='word_1_374' title='bbox 488 2917 537 2942; x_wconf 88' lang='lat' dir='ltr'>est</span> <span class='ocrx_word' id='word_1_375' title='bbox 561 2910 649 2942; x_wconf 82' lang='lat' dir='ltr'>haer.</span> <span class='ocrx_word' id='word_1_376' title='bbox 671 2909 732 2947; x_wconf 77' lang='lat'>55,</span> <span class='ocrx_word' id='word_1_377' title='bbox 757 2908 815 2941; x_wconf 71' lang='lat'>9.⁴‘</span> <span class='ocrx_word' id='word_1_378' title='bbox 842 2921 939 2942; x_wconf 83' lang='lat' dir='ltr'>armo-</span> <span class='ocrx_word' id='word_1_379' title='bbox 985 2914 1072 2941; x_wconf 84' lang='lat' dir='ltr'>catus</span> <span class='ocrx_word' id='word_1_380' title='bbox 1105 2910 1224 2948; x_wconf 74' lang='lat' dir='ltr'>aliquid</span> <span class='ocrx_word' id='word_1_381' title='bbox 1257 2910 1404 2940; x_wconf 73' lang='lat' dir='ltr'>excidisse</span> <span class='ocrx_word' id='word_1_382' title='bbox 1438 2911 1481 2940; x_wconf 85' lang='lat' dir='ltr'>ita</span> <span class='ocrx_word' id='word_1_383' title='bbox 1516 2911 1728 2950; x_wconf 75' lang='lat' dir='ltr'>corriyendum</span> 
     </span>
     <span class='ocr_line' id='line_1_40' title="bbox 197 2955 1729 2999; baseline 0.001 -13"><span class='ocrx_word' id='word_1_384' title='bbox 197 2958 273 2987; x_wconf 78' lang='lat' dir='ltr'>tavit</span> <span class='ocrx_word' id='word_1_385' title='bbox 295 2959 450 2988; x_wconf 84' lang='lat' dir='ltr'>Petavius.</span> <span class='ocrx_word' id='word_1_386' title='bbox 509 2957 543 2987; x_wconf 80' lang='lat' dir='ltr'>V.</span> <span class='ocrx_word' id='word_1_387' title='bbox 570 2966 648 2996; x_wconf 86' lang='lat' dir='ltr'>quae</span> <span class='ocrx_word' id='word_1_388' title='bbox 680 2957 723 2986; x_wconf 85' lang='lat' dir='ltr'>ibi</span> <span class='ocrx_word' id='word_1_389' title='bbox 754 2958 870 2995; x_wconf 79' lang='lat' dir='ltr'>protuli</span> <span class='ocrx_word' id='word_1_390' title='bbox 902 2965 940 2987; x_wconf 74' lang='lat' dir='ltr'>ex</span> <span class='ocrx_word' id='word_1_391' title='bbox 984 2957 1107 2993; x_wconf 84' lang='lat' dir='ltr'>statuit,</span> <span class='ocrx_word' id='word_1_392' title='bbox 1140 2958 1230 2994; x_wconf 81' lang='lat' dir='ltr'>atque</span> <span class='ocrx_word' id='word_1_393' title='bbox 1252 2956 1476 2994; x_wconf 80' lang='lat' dir='ltr'>supplendum.-</span> <span class='ocrx_word' id='word_1_394' title='bbox 1512 2955 1591 2988; x_wconf 59' lang='lat'>‘2200</span> <span class='ocrx_word' id='word_1_395' title='bbox 1618 2956 1729 2999; x_wconf 77' lang='grc' dir='ltr'>βουλο-</span> 
     </span>
    </p>
   </div>
   <div class='ocr_carea' id='block_1_4' title="bbox 197 2997 1729 3088">
    <p class='ocr_par' dir='ltr' id='par_1_6' title="bbox 197 2997 1729 3088">
     <span class='ocr_line' id='line_1_41' title="bbox 198 2997 1729 3043; baseline 0.002 -12"><span class='ocrx_word' id='word_1_396' title='bbox 198 3002 348 3032; x_wconf 79' lang='lat' dir='ltr'>Salmasii</span> <span class='ocrx_word' id='word_1_397' title='bbox 367 3003 529 3041; x_wconf 84' lang='lat' dir='ltr'>thesauris,</span> <span class='ocrx_word' id='word_1_398' title='bbox 551 3005 578 3033; x_wconf 84' lang='lat' dir='ltr'>et</span> <span class='ocrx_word' id='word_1_399' title='bbox 589 3010 668 3042; x_wconf 83' lang='lat' dir='ltr'>quae</span> <span class='ocrx_word' id='word_1_400' title='bbox 686 3002 780 3033; x_wconf 81' lang='lat' dir='ltr'>adicit</span> <span class='ocrx_word' id='word_1_401' title='bbox 793 3003 842 3033; x_wconf 85' lang='lat' dir='ltr'>Du</span> <span class='ocrx_word' id='word_1_402' title='bbox 857 3002 939 3033; x_wconf 87' lang='lat' dir='ltr'>Can·</span> <span class='ocrx_word' id='word_1_403' title='bbox 987 2999 1069 3043; x_wconf 80' lang='grc' dir='ltr'>μένη</span> <span class='ocrx_word' id='word_1_404' title='bbox 1099 3018 1118 3022; x_wconf 99' lang='grc'>-</span> <span class='ocrx_word' id='word_1_405' title='bbox 1140 3017 1156 3023; x_wconf 87' lang='grc'>-</span> <span class='ocrx_word' id='word_1_406' title='bbox 1188 3000 1403 3043; x_wconf 47' lang='lat' dir='ltr'>&amp;aurasicen</span> <span class='ocrx_word' id='word_1_407' title='bbox 1440 3001 1612 3042; x_wconf 54' lang='grc' dir='ltr'>σωΰῆναι,</span> <span class='ocrx_word' id='word_1_408' title='bbox 1647 2997 1729 3034; x_wconf 73' lang='grc' dir='ltr'><strong>εἶναι</strong></span> 
     </span>
     <span class='ocr_line' id='line_1_42' title="bbox 197 3044 1418 3088; baseline 0.001 -11"><span class='ocrx_word' id='word_1_409' title='bbox 197 3048 265 3085; x_wconf 79' lang='lat' dir='ltr'>yius</span> <span class='ocrx_word' id='word_1_410' title='bbox 289 3048 385 3079; x_wconf 87' lang='lat' dir='ltr'>Gloss.</span> <span class='ocrx_word' id='word_1_411' title='bbox 407 3048 450 3078; x_wconf 86' lang='lat' dir='ltr'>ad</span> <span class='ocrx_word' id='word_1_412' title='bbox 471 3048 596 3087; x_wconf 82' lang='lat' dir='ltr'>Scriptt.</span> <span class='ocrx_word' id='word_1_413' title='bbox 618 3047 699 3079; x_wconf 85' lang='lat' dir='ltr'>Med.</span> <span class='ocrx_word' id='word_1_414' title='bbox 720 3050 745 3079; x_wconf 85' lang='lat' dir='ltr'>et</span> <span class='ocrx_word' id='word_1_415' title='bbox 762 3048 818 3087; x_wconf 75' lang='lat' dir='ltr'><strong><em>Ius.</em></strong></span> <span class='ocrx_word' id='word_1_416' title='bbox 832 3049 940 3079; x_wconf 87' lang='lat' dir='ltr'>Graec.</span> <span class='ocrx_word' id='word_1_417' title='bbox 985 3044 1048 3088; x_wconf 74' lang='grc' dir='ltr'>γὰρ</span> <span class='ocrx_word' id='word_1_418' title='bbox 1073 3048 1138 3078; x_wconf 77' lang='lat' dir='ltr'>cett.</span> <span class='ocrx_word' id='word_1_419' title='bbox 1186 3047 1244 3077; x_wconf 79' lang='lat' dir='ltr'>Nec</span> <span class='ocrx_word' id='word_1_420' title='bbox 1268 3047 1418 3085; x_wconf 82' lang='lat' dir='ltr'>improbo.</span> 
     </span>
    </p>
   </div>
   <div class='ocr_carea' id='block_1_5' title="bbox 1745 1875 1823 1918">
    <p class='ocr_par' dir='ltr' id='par_1_7' title="bbox 1745 1875 1823 1918">
     <span class='ocr_line' id='line_1_43' title="bbox 1745 1875 1823 1918; baseline 0 -12"><span class='ocrx_word' id='word_1_421' title='bbox 1745 1875 1823 1918; x_wconf 80' lang='lat' dir='ltr'>Cap.</span> 
     </span>
    </p>
   </div>
   <div class='ocr_carea' id='block_1_6' title="bbox 1850 1875 1905 1907">
    <p class='ocr_par' dir='ltr' id='par_1_8' title="bbox 1850 1875 1905 1907">
     <span class='ocr_line' id='line_1_44' title="bbox 1850 1875 1905 1907; baseline 0.018 -1"><span class='ocrx_word' id='word_1_422' title='bbox 1850 1875 1905 1907; x_wconf 86' lang='lat' dir='ltr'>IX.</span> 
     </span>
    </p>
   </div>
  </div>
 </body>
</html>
