2056 3298
221 1993 311 2039 Κεφ.
337 1992 377 2029 δ’,

241 2282 308 2309 pag.
328 2274 386 2302 406.

403 211 454 251 18
964 217 1123 250 SANcTt
1145 217 1369 250 EP1PHAN11

399 294 446 337 οὔ
470 294 522 348 μή
548 293 718 346 μάθητε,
752 294 818 334 καὶ
843 294 1045 346 βλέποντες
1067 296 1253 348 βλέψητε,
1292 295 1359 336 καὶ
1383 292 1430 335 οὐ
1454 292 1507 347 μή
1528 297 1644 347 ἴδητε.
1705 296 1785 336 Καὶ
1810 293 1926 337 οἰκού-

400 378 469 410 σας
499 360 603 415 παροὶ
636 365 705 402 τοῦ
732 363 870 415 κυρίου
897 361 1024 403 ἐλθών
1051 361 1150 414 πρὸς
1179 361 1247 403 τόν
1270 360 1364 402 λαὸν
1389 362 1486 414 ἔφη·
1535 361 1634 409 Τάδε
1657 363 1756 417 λέγει
1778 362 1926 417 κύριος.

404 428 481 482 Οὐχ
508 427 605 485 ὁρᾷς
634 428 694 470 ὅτι
718 434 1113 483 παρακολουθοῦντος
1142 428 1165 471 ό
1187 429 1320 484 λόγος,
1351 429 1418 470 καὶ
1444 427 1517 470 οὐκ
1541 430 1808 483 ἐξισταμένου,
1840 428 1928 472 οὔτε

400 496 453 544 ῶς
474 497 719 549 ἐξισταμένης
739 499 913 546 διανοίας
934 495 960 550 ἦ
980 496 1140 552 φθογγή
1159 495 1385 546 ἅπεδίδοτο,·
1417 494 1599 545 ῶςαύτως
1619 498 1659 539 δὲ
1677 499 1744 539 καὶ
1758 496 1929 550 Ἰεζεκιήλ

400 562 423 605 ὁ
441 563 547 618 ἅγιος
567 566 631 605 καὶ
653 564 859 619 προφήτης
879 563 1034 606 ἀκούων
1053 563 1158 619 παρά
1179 567 1319 619 κυρίου
1340 564 1412 614 ὅτι,
1446 567 1624 618 Ποίησον
1644 570 1792 622 σεαυτῷ
1811 563 1930 618 ἄρτον

400 633 464 673 ἐπὶ
483 633 638 686 κόπρου
661 631 924 687 ἀνθρωπείας,
953 635 1071 687 ἔλεγε·
1103 635 1327 685 Μηδαμῶς,
1351 630 1478 687 κύριε·
1509 630 1698 674 οὕδέποτε
1714 631 1846 675 κοινὸν
1863 632 1928 674 καὶ

400 698 629 753 ἀκάθαρτον
649 703 824 754 εἰςῆλθεν
845 702 898 749 εἰς
919 700 961 742 τό
987 699 1108 753 στόμα
1132 718 1217 753 μου.
1278 699 1488 742 Γινώσκων
1510 700 1583 756 γάρ
1606 699 1676 754 τήν
1698 698 1746 742 δι’
1769 698 1930 753 οἷπειλήν

398 770 607 823 λεγομένην
626 767 725 822 πρός
748 766 866 809 αὐτόν
889 771 1002 821 ῥῆσιν
1025 766 1102 809 ὑπὸ
1129 771 1289 822 κυρίου,
1328 769 1396 809 καὶ
1418 767 1487 821 οὐχ
1510 766 1563 816 ὥς
1587 770 1628 809 ἐν
1655 767 1827 810 ἐκστάσει
1848 769 1929 809 δια-

400 840 507 885 νοίας
531 835 745 890 φερόμενος
771 835 994 889 ἐπεβάλλετο
1019 840 1132 877 τοῦτο
1155 834 1359 889 πράττειν,
1400 834 1476 876 ἄλλ’
1500 834 1668 888 4ῆξίου,
1709 835 1931 890 ἐρρωμένην

399 906 494 957 ἔχων
514 903 584 957 τήν
607 903 784 945 διάνοιαν
803 906 868 945 καὶ
889 908 1284 959 παρακολουθοῦσαν,
1315 904 1378 944 καὶ
1401 904 1514 957 ἔλεγε,
1546 905 1778 956 Μηδαμῶς,
1809 901 1931 958 κύριε.

406 977 535 1013 Ταῦτα
552 971 623 1027 γάρ
643 971 802 1024 άληθῶς
821 977 1036 1026 προφητῶν
1057 973 1097 1013 ἐν
1117 969 1213 1028 ἁγίῳ
1233 970 1422 1023 πνεύματι
1439 972 1661 1025 ἐρρωμένην
1681 969 1844 1024 ἐχόντων
1863 968 1932 1024 τήν

401 1039 579 1081 διάνοιαν
602 1041 667 1081 καὶ
688 1039 757 1093 τὴν
775 1042 1024 1081 διδασκαλίαν
1043 1041 1107 1080 καὶ
1125 1038 1195 1092 τήν
1218 1038 1412 1094 διαλογήν.
1451 1037 1493 1080 Ὁ
1515 1039 1556 1080 δὲ
1572 1037 1722 1091 Δανιὴλ
1743 1036 1810 1092 οὐχ
1832 1036 1931 1094 εὖρί-

401 1122 527 1149 σκεται
553 1107 680 1161 πάσης
705 1109 892 1156 συνέσεως
918 1109 1110 1160 ἔμπλεως,
1153 1108 1217 1148 καὶ
1242 1113 1322 1155 τοῖς
1347 1105 1572 1161 φρονήμασι
1592 1111 1929 1160 παρακολουθῶν,

401 1174 445 1224 ὃς
470 1174 514 1216 τά
539 1178 742 1230 αἰνίγματα
766 1181 833 1217 τοῦ
857 1174 1222 1229 Ναβουχοδονόσωρ
1247 1175 1426 1225 ἐπέλυσε,
1457 1176 1522 1215 καὶ
1545 1173 1569 1215 ἃ
1597 1175 1742 1222 ἐκεῖνος
1765 1172 1812 1215 δι’
1834 1171 1931 1215 ὄνει-

401 1243 529 1298 ράτων
552 1243 762 1293 ἐθεάσατο,
795 1244 860 1284 καὶ
885 1242 1028 1295 ἀπέστη
1051 1241 1114 1283 ἄπ’
1139 1241 1260 1283 αὐτοῦ
1283 1247 1354 1284 τοῦ
1376 1241 1614 1297 ἑωρακότος,
1646 1241 1771 1290 οὕτως
1791 1239 1931 1295 ὑπομι-

403 1311 586 1363 μνήσκει,
628 1312 695 1352 καὶ
717 1309 787 1363 τήν
811 1313 983 1352 ἐπίλυσιν
1005 1309 1127 1358 εὐθυς
1148 1312 1332 1365 ἐπέφερεν
1355 1311 1553 1368 ἐρρωμένη
1574 1309 1822 1361 καταστάσει,
1862 1311 1930 1351 καὶ

401 1377 602 1436 ὑπερβολῇ
631 1381 882 1432 χαρίσματος,
925 1380 1199 1433 περιττοτέρως
1228 1378 1298 1432 τὴν
1328 1377 1521 1433 φρόνησιν
1551 1379 1646 1431 ἔχων
1675 1376 1774 1432 ’ὑπὲρ
1805 1375 1931 1418 πάντα

401 1445 637 1500 ἄνθρωπον,
682 1444 746 1486 διά
777 1445 818 1486 τό
845 1445 1014 1500 χάρισμα
1043 1451 1114 1487 τοῦ
1142 1444 1253 1500 ἁγίου
1278 1445 1518 1499 πνεύματος,
1557 1444 1600 1487 τὸ
1625 1448 1785 1497 σοφίζον
1809 1444 1931 1493 ὅντως

402 1513 470 1554 τόν
494 1513 723 1568 προφήτην,
765 1515 832 1555 καὶ
861 1512 952 1562 τους
983 1512 1047 1554 διά
1070 1518 1139 1554 τοῦ
1160 1512 1371 1568 προφήτου
1392 1518 1462 1567 τῆς
1485 1515 1734 1562 διδασκαλίας
1754 1518 1821 1567 τῆς
1842 1511 1930 1566 άλη-

398 1584 513 1629 θείας
536 1582 873 1634 καταξιουμένους.
921 1580 972 1621 uA
1000 1581 1040 1622 δὲ
1066 1576 1176 1622 οὗτοι
1200 1582 1491 1636 ἐπαγγέλλονται
1515 1580 1797 1636 προφητεύειν,
1839 1579 1930 1623 οὐδὲ

399 1647 682 1697 εὖσταθοῦντες
709 1654 945 1700 φανοῦνται,
993 1647 1080 1690 οὔτε
1107 1652 1426 1704 παρακολουθίαν
1450 1648 1567 1704 λόγου
1597 1650 1758 1702 ἔχοντες.
1817 1646 1928 1697 Aegei

400 1715 471 1771 γάρ
493 1716 540 1757 τοὶ
564 1715 654 1772 παρ’
675 1716 804 1758 αὐτῶν
827 1715 979 1771 ῥήματα
1001 1718 1068 1758 καὶ
1094 1716 1284 1770 σκαληνᾶ,
1313 1718 1380 1759 καὶ
1402 1715 1586 1771 οὐδεμιᾶς
1609 1715 1829 1772 ὀρθότητος
1848 1714 1929 1769 ἐχό-

400 1800 506 1837 μενα.

516 1986 661 2036 Εὕθύς
689 1988 761 2043 γάρ
797 1987 821 2030 ὅ
850 1987 1063 2036 Μοντανός
1097 2002 1236 2041 φησιν,
1274 1985 1397 2039 Ἰδού,
1440 1987 1656 2042 ἅνθρωπος
1691 1985 1778 2036 ὦςεὶ
1816 1985 1927 2042 λύρα,

401 2053 508 2109 κάγῶ
548 2060 563 2084 1
582 2058 747 2108 ἵπταμαι
781 2054 867 2104 αἷςεὶ
903 2060 1116 2110 πλῆκτρον·
1156 2053 1179 2097 ό
1212 2053 1425 2110 ἅνθρωπος
1453 2061 1656 2109 κοιμᾶται,
1697 2053 1803 2111 κάγώ
1838 2072 1928 2110 γρη-

403 2127 525 2177 γορῶ·
558 2122 665 2173 ι’δοῦ,
696 2122 833 2177 κύριός
859 2125 961 2165 ἐστιν
991 2122 1013 2165 ὅ
1049 2122 1290 2173 ἳέξιστάνων
1315 2126 1480 2178 καρδίας
1504 2121 1748 2179 ἀνθρώπων,
1777 2124 1845 2165 καὶ
1873 2125 1928 2165 δι-

404 2189 500 2238 δούς
536 2193 698 2245 καρδίας
735 2189 975 2246 ἀνθρώποις.
1042 2194 1108 2240 Τίς
1142 2194 1276 2232 τοίνυν
1310 2196 1389 2232 τῶν
1423 2190 1833 2245 παρακολουθούντων
1862 2191 1929 2232 καὶ

407 2257 501 2310 μετά
523 2260 710 2308 συνέσεως
733 2261 949 2312 δεχομένων
971 2257 1039 2300 τόν
1061 2264 1129 2312 τῆς
1153 2257 1338 2310 ὠφελείας
1355 2260 1471 2314 λόγον
1490 2260 1556 2301 καὶ
1576 2264 1645 2313 τῆς
1665 2260 1813 2301 ἑαυτῶν
1829 2263 1929 2312 ζωῆς

404 2327 684 2380 ἐπιμελομένων
707 2325 755 2368 ού
778 2325 1061 2382 καταγνώσεται
1083 2331 1152 2380 τῆς
1180 2326 1363 2380 τοιαύτης
1385 2328 1755 2382 παραπεποιημένης
1779 2325 1927 2369 ὑποθέ-

403 2409 499 2442 σεως
520 2396 586 2436 καὶ
606 2400 675 2436 τοῦ
698 2394 817 2449 λόγου
842 2399 909 2436 τοῦ
933 2394 1145 2448 αὖχοῦντος
1167 2393 1308 2436 ἔαυτόν
1329 2397 1370 2437 ἐν
1393 2393 1614 2450 προφήταις
1636 2396 1927 2450 καταλέγεσθαι,

404 2460 456 2514 μὴ
479 2465 698 2520 δυναμένου
721 2461 767 2504 τά
788 2461 906 2515 ὅμοια
926 2464 1046 2517 λέγειν
1065 2462 1307 2518 προφήταιςς
1339 2461 1426 2504 οὔτε
1447 2461 1518 2518 γάρ
1541 2467 1692 2516 πνεῦμα
1713 2461 1824 2518 ἅγιον
1845 2461 1928 2505 ἐλά-

402 2534 515 2581 λησεν
540 2531 580 2571 ἐν
604 2529 718 2587 αὐτῷ.
771 2529 821 2572 Τό
846 2530 919 2585 γάρ
942 2532 1061 2572 εἰπεῖν
1088 2537 1103 2560 ³
1118 2529 1369 2584 Ἐφίπταμαι,
1399 2531 1463 2572 καὶ
1487 2529 1673 2584 Πλήσσω,
1704 2532 1770 2572 καὶ
1793 2535 1926 2586 4Γρη-

402 2600 528 2652 γορῶ,
558 2600 621 2639 καὶ
643 2597 792 2655 Ἐξιστᾷ
815 2597 954 2653 κύριος
975 2600 1157 2653 καρδίας,
1189 2600 1415 2641 ἐκστατικοῢ
1437 2597 1590 2653 ῥήματα
1609 2596 1774 2652 ὑπάρχει
1791 2603 1926 2649 ταῦτα,

402 2666 469 2705 καὶ
493 2663 579 2718 ου’χὶ
603 2671 1024 2721 παρακολουθοῦντος,
1056 2664 1148 2707 ἄλλά
1177 2665 1292 2709 ἄλλον
1319 2671 1542 2722 χαρακτῆρα
1574 2663 1928 2715 5ὖποδεικνύοντος

446 2787 478 2823 4.
501 2793 524 2823 1.
546 2800 570 2822 e.
598 2791 790 2834 deprecatus
816 2798 874 2824 est.
1181 2795 1300 2832 peritur
1323 2795 1355 2825 in
1377 2794 1445 2825 cod.
1457 2793 1584 2833 Rhediy.
1608 2795 1635 2823 ec
1657 2793 1690 2824 in
1712 2795 1841 2832 utraque
1861 2793 1926 2824 edi-

448 2835 524 2867 CAP.
550 2836 603 2866 lV.
630 2855 668 2859 -—
716 2838 742 2869 1.
768 2833 914 2880 ἅπτομαι
935 2838 1053 2868 volebat
1076 2839 1138 2868 Ga·
1184 2840 1272 2869 tione.
1322 2839 1395 2870 Cod.
1418 2840 1542 2878 Remus,
1564 2840 1685 2868 auctore
1708 2839 1845 2876 Petavio,
1869 2838 1926 2868 ha-

400 2881 524 2911 takerus
549 2882 626 2920 Opp.
655 2883 738 2914 Criu.
768 2893 801 2922 p.
824 2883 899 2916 795.
959 2880 1141 2925 ἐφίπταμαι
1184 2884 1229 2913 bet
1251 2881 1386 2922 ἐτάζων,
1412 2884 1493 2923 quod
1516 2884 1690 2914 correctoris
1708 2891 1821 2914 manus
1841 2883 1926 2914 vide-

402 2927 468 2957 cod.
497 2928 592 2956 Venet.
1184 2931 1234 2958 tur
1255 2938 1326 2959 esse.
1375 2930 1569 2968 Scripturam
1601 2923 1777 2966 ἐξιστάνων
1801 2929 1926 2967 firmant

446 2972 476 3001 2.
502 2968 677 3009 ἐξιστάνων
711 2974 819 3010 scripsi
852 2982 922 3003 cum
950 2973 1008 3004 Ios.
1041 2973 1142 3003 Scali-
1186 2982 1221 3003 ea
1245 2982 1324 3012 quae
1346 2974 1430 3012 infra
1454 2975 1594 3012 leguntur
1625 2970 1707 3011 ,,καὶ
1729 2970 1842 3015 ἐξιστᾷ
1866 2970 1926 3005 κύ-

400 3025 471 3055 gero
492 3019 518 3046 el-
540 3016 692 3047 Gatuhero
714 3026 770 3055 pro
793 3013 970 3058 ἐκστάνων,
995 3018 1076 3057 quod
1094 3027 1142 3049 re-
1188 3028 1254 3059 ριος
1277 3016 1436 3060 καρδίας,
1461 3016 1520 3051 καὶ
1543 3015 1763 3050 ἐκστατικοῦῑῑ
1787 3021 1852 3049 cett.
