2066 3319
524 211 705 245 PANARn
731 211 814 243 ΜΒ.
840 212 882 243 Ιῐ.
909 212 1015 244 TOM.
1039 213 1061 244 1.
1088 211 1326 244 HAER.L1V.
1617 202 1691 240 121

150 308 235 336 snm
265 291 405 332 solaris
431 290 616 331 circuitus
639 291 828 331 beneficio
853 291 1005 346 recipit.
1067 291 1170 333 Nam
1198 291 1234 332 in
1265 298 1470 344 angustum
1504 291 1694 340 foramen,

149 361 249 416 quod
273 360 319 400 ad
345 359 535 399 orientem
563 359 770 399 obversum
797 367 878 410 est,
913 359 1071 400 subiens
1096 374 1185 401 sese
1210 360 1440 413 comprimit,
1477 359 1601 414 pabuli
1625 373 1696 398 ex-

149 444 263 486 pers,
297 435 336 468 et
366 428 411 468 ad
440 428 632 468 orientem
660 428 891 483 respiciens.
955 428 1104 468 Contra
1132 428 1305 468 haeresis
1341 428 1414 468 ista
1447 428 1696 468 stoliditatem

149 499 302 552 quidem
328 497 364 536 in
390 496 569 536 omnibus
593 496 772 537 animalis
799 496 910 537 huius
943 497 1149 551 exprimit,
1184 498 1283 550 quod
1311 497 1347 535 in
1374 510 1419 534 eo
1446 510 1540 536 vero
1566 497 1696 536 lauda-

149 566 224 607 bile
249 573 331 615 est,
367 579 415 604 ne
440 564 598 604 minima
630 564 781 618 quidem
811 580 861 605 cx
889 573 996 620 parte
1023 565 1186 605 obtinet.
1252 562 1373 616 igitur
1404 579 1500 617 quae
1533 580 1553 604 a
1586 565 1696 604 nobis

150 635 324 675 haeresis
350 636 493 672 lacerta
514 636 652 672 solaris
679 634 916 688 appellatur,
951 649 970 673 a
996 636 1161 674 veritate
1191 633 1413 687 proculcata
1442 633 1553 672 modo
1579 634 1696 673 relin-

149 711 302 758 quatur,
338 717 422 742 cum
447 702 539 742 nihil
565 702 755 742 adversus
780 702 946 742 divinam
973 702 1176 741 veritatem
1201 701 1353 740 efficere
1376 701 1559 755 potuerit.
1609 700 1696 741 Nos

147 771 304 813 interim
336 771 382 811 ad
414 770 534 821 alias,
570 778 610 811 ut
641 771 783 811 dictum
816 777 898 821 est,
932 771 1242 824 progrediamur.

441 931 741 981 CONTRA
789 930 1409 992 THEODOTIANOS‚

543 1011 739 1060 haeresis
775 1012 1015 1073 XXXIV.,
1050 1012 1146 1061 sive
1182 1011 1305 1060 LIV.

266 1115 498 1156 Theodotus
531 1115 670 1155 iterum
709 1114 843 1155 nescio
877 1115 962 1169 quis
996 1115 1178 1165 emersit,
1212 1114 1319 1155 velut
1354 1114 1547 1169 appendix
1581 1128 1697 1169 quae-

150 1185 235 1226 dam
263 1184 366 1224 illius
400 1183 575 1224 haeresis
608 1198 720 1238 quam
748 1183 965 1237 Alogorum
993 1183 1149 1224 nomine
1176 1184 1564 1238 comprehendimus,
1599 1197 1697 1237 quae

148 1252 307 1294 loannis
334 1253 578 1307 evangelium
603 1260 641 1292 et
665 1254 776 1293 deum
810 1253 914 1293 illum
942 1253 1127 1302 verbum,
1163 1253 1262 1307 quod
1291 1266 1311 1291 a
1342 1252 1530 1307 principio
1557 1252 1697 1292 ibidem

150 1323 271 1364 fuisse
308 1322 469 1372 dicitur,
522 1335 594 1361 nec
630 1337 706 1362 non
743 1329 781 1362 et
811 1321 1078 1377 Apocalypsin
1115 1321 1277 1376 respuit.
1350 1320 1427 1362 Sed
1465 1329 1504 1361 et
1535 1321 1697 1360 aliarum

148 1400 238 1433 ante
262 1397 653 1432 commemoratarum
686 1390 904 1431 haereseon
937 1390 1220 1431 consuetudine
1249 1404 1340 1429 usus
1367 1396 1428 1430 est
1451 1388 1695 1440 Theodotus,

149 1468 188 1502 et
211 1461 346 1501 eodem
368 1467 541 1514 tempore
570 1459 696 1510 vixit,
729 1467 844 1514 atque
868 1460 943 1500 illis
966 1466 1100 1514 postea
1126 1459 1340 1509 successit,
1374 1472 1395 1498 a
1416 1473 1490 1513 quo
1515 1457 1698 1498 Theodo-

149 1530 242 1570 tiani
268 1542 409 1570 nomen
437 1535 688 1583 acceperunt.
750 1526 831 1568 lam
856 1542 951 1568 vero
981 1529 1081 1569 sitne
1110 1528 1221 1568 hodie
1247 1534 1448 1582 superstes
1481 1526 1574 1567 haec
1607 1527 1698 1567 hae-

147 1599 248 1640 resis
273 1598 383 1654 plane
408 1596 627 1637 nescimus:
663 1611 760 1652 qnae
787 1597 940 1651 quidem
965 1597 1149 1637 librorum
1172 1596 1432 1636 monumentis
1457 1596 1501 1636 ad
1526 1603 1698 1636 nostram

149 1666 377 1709 memoriam
410 1666 675 1706 commendata
710 1673 996 1720 pervenerunt,
1032 1679 1076 1705 ea
1109 1664 1369 1705 narrabimus.

266 1735 496 1776 Theodotus
524 1735 642 1788 igitur
665 1735 737 1775 iste
761 1732 958 1789 Byzantio
985 1733 1194 1784 oriundus,
1230 1747 1328 1788 quae
1360 1733 1471 1773 hodie
1500 1730 1698 1773 Constan-

150 1805 331 1860 tinopolis
357 1804 519 1854 dicitur,
554 1811 636 1844 arte
666 1802 858 1843 coriarius
884 1809 987 1853 erat,
1023 1803 1137 1843 homo
1159 1801 1331 1858 apprime
1356 1801 1480 1842 literis
1505 1802 1695 1842 eruditus.

151 1873 228 1929 Qui
258 1888 343 1914 cum
382 1873 465 1913 aliis
500 1873 695 1928 plerisque
727 1873 886 1912 ineunte
916 1872 1190 1927 persecutione
1225 1871 1531 1926 comprehensus
1564 1873 1699 1924 (quae-

151 1958 237 1984 nam
266 1956 360 1983 vero
387 1956 431 1981 ea
457 1942 680 1997 persecutio
706 1941 844 1991 fuerit,
878 1941 1045 1981 nondum
1072 1941 1283 1995 comperi),
1318 1940 1385 1979 sed
1411 1946 1488 1979 tum
1514 1939 1560 1979 ab
1593 1939 1698 1980 urbis

151 2013 348 2067 praefecto
369 2026 454 2051 cum
478 2010 651 2065 pluribus
676 2017 896 2063 correptus,
926 2024 1010 2050 cum
1037 2010 1082 2049 de
1107 2009 1286 2049 omnibns
1309 2009 1487 2063 quaestio
1512 2008 1558 2048 ob
1583 2006 1698 2049 Chri-

150 2082 198 2122 sti
236 2094 377 2121 nomeu
413 2080 646 2129 haberetur,
691 2079 812 2118 ceteri
849 2078 999 2133 quidem
1039 2079 1097 2118 dei
1138 2078 1269 2118 l'amuli
1306 2084 1503 2133 reportata
1537 2077 1700 2116 victoria

151 2151 323 2191 coeleste
356 2148 568 2203 praemium
593 2149 794 2188 consecuti
819 2154 932 2197 sunt,
976 2147 1165 2203 martyrio
1198 2161 1267 2202 pro
1298 2145 1457 2188 Christo
1490 2145 1696 2201 perfuncti.

154 2220 205 2262 At
227 2218 291 2258 ille
315 2215 515 2259 Christum
543 2231 708 2271 negans,
744 2223 822 2256 eta
846 2230 963 2271 scopo
990 2216 1168 2256 veritatis
1192 2216 1395 2265 excidens,
1426 2221 1699 2269 transgressor

151 2295 211 2330 est
236 2289 372 2329 factus.
429 2284 516 2340 Qua
541 2300 593 2326 ex
616 2300 657 2326 re
683 2300 766 2325 cum
793 2285 934 2340 probro
957 2286 1125 2326 omnium
1154 2285 1347 2340 appetitus
1371 2284 1555 2337 pudorem
1581 2283 1698 2324 susti-

151 2371 245 2398 nere
272 2371 347 2397 non
374 2363 529 2411 posset,
565 2355 699 2395 relicta
733 2355 855 2410 patria
883 2355 1069 2409 profugus
1097 2353 1261 2395 Romam
1297 2353 1518 2402 contendit,
1553 2359 1590 2392 et
1621 2352 1698 2392 illic

151 2425 353 2467 habitavit.
418 2422 496 2465 Sed
523 2432 560 2465 et
588 2423 739 2464 Romae
763 2438 783 2464 a
807 2424 970 2478 quodam
997 2424 1150 2478 agnitus
1186 2424 1221 2463 in
1250 2424 1410 2463 eandem
1448 2421 1698 2476 ignominiam

150 2495 300 2545 incidit,
335 2509 419 2534 cum
445 2494 507 2548 qui
535 2493 638 2533 illum
665 2493 712 2533 ob
734 2492 926 2547 insignem
954 2493 1210 2533 eruditionem
1239 2497 1444 2540 noverant,
1480 2490 1527 2530 ob
1551 2490 1585 2530 id
1610 2505 1696 2530 eum

150 2565 400 2613 incusarent,
435 2562 533 2616 quod
562 2562 674 2601 homo
698 2561 908 2602 excellenti
935 2561 1109 2601 doctrina
1135 2561 1329 2616 praeditus
1352 2574 1371 2599 a
1397 2559 1560 2599 veritate
1590 2559 1697 2599 exci-

151 2634 286 2675 disset.
351 2630 485 2685 Quare
520 2631 565 2670 ad
596 2631 654 2671 sui
691 2631 986 2671 excusationem
1010 2645 1151 2671 vanum
1177 2631 1315 2682 dogma
1347 2635 1588 2668 commentus
1621 2635 1694 2678 est,

151 2709 267 2756 atque
300 2703 352 2741 ita
384 2701 531 2740 iactare
563 2700 702 2755 coepit.
767 2698 876 2754 Ego,
912 2700 1056 2754 inquit,
1093 2714 1167 2739 non
1195 2700 1305 2737 deum
1333 2699 1494 2750 negavi,
1528 2698 1594 2736 sed
1630 2698 1697 2737 ho-

151 2771 308 2812 minem.
365 2767 632 2824 interrogatus
655 2783 766 2823 quem
791 2770 941 2809 demum
966 2769 1175 2817 hominem,
1208 2765 1422 2815 Christum,
1458 2766 1594 2820 inquit,
1630 2766 1697 2806 ho-

151 2839 293 2881 minem
326 2839 482 2893 negavi.
546 2838 648 2879 Hinc
683 2839 965 2893 praedicandae
998 2838 1117 2878 salsae
1153 2836 1264 2876 huius
1294 2835 1487 2890 opinionis
1520 2835 1696 2875 occasio-

196 2965 227 2998 ¹2.
254 2964 286 2998 ἐν
310 2962 413 3008 ὁποίῳ
435 2965 576 3009 διωγμῷ
596 2966 824 2997 rescribendum
839 2974 900 2996 esse
992 2962 1022 2995 3.
1051 2961 1267 3004 ἐγκαλεῖσὲαι
1299 2964 1444 3002 rescripsi
1477 2972 1545 2993 cum
1571 2964 1698 2994 Petet-io

153 3012 315 3043 videbatur
332 3013 479 3050 Peracto,
503 3021 563 3042 non
584 3013 774 3049 advertenti,
799 3012 901 3050 suspi-
945 3019 1003 3049 pro
1028 3007 1266 3049 ἐκκαλεῐσὲαι,
1291 3009 1372 3048 quod
1396 3010 1487 3048 vulgo
1512 3012 1606 3039 extat.

154 3066 225 3095 cor,
249 3058 327 3088 illud
349 3056 397 3100 τῷ
418 3066 476 3096 pro
498 3055 560 3090 τίνι
583 3066 646 3088 esse
669 3058 814 3097 positum.
993 3057 1023 3085 4.
1054 3055 1149 3093 Vulgo
1174 3054 1255 3091 πῶς.
1306 3054 1395 3093 Quod
1419 3054 1494 3093 ferri
1516 3057 1624 3094 potest.

1724 1119 1803 1161 Cap.
1832 1119 1855 1149 l.
