2030 3324
457 213 635 245 PANARn
664 214 747 245 Lm.
771 215 810 246 n.
835 216 943 248 ToM.
966 217 1003 248 n.
1031 216 1160 247 mea.
1184 216 1312 248 inx.
1576 209 1652 249 671

224 289 328 331 Nam
360 291 422 345 qui
458 292 505 332 de
535 293 610 332 filio
650 294 795 348 tropice¹
837 295 1012 348 quiddam
1048 295 1237 334 eiusmodi
1270 296 1461 335 allirmare
1499 296 1655 346 audeat,
1687 307 1764 350 Cap.
1788 308 1839 338 Li.

111 359 263 399 tametsi
288 359 324 398 in
348 373 420 399 una
446 360 637 400 duntaxat
660 362 784 415 aliqua
813 369 919 416 parte
946 362 1045 402 istud
1070 364 1247 416 usurpari
1269 364 1376 413 velit,
1404 364 1654 403 nihilominus

109 426 181 466 hoe
205 427 257 466 illi
286 427 355 481 ipsi
384 429 621 468 eontrarium
645 443 733 469 esse
755 430 1054 478 animadvertet,
1089 432 1189 483 quod
1213 432 1258 469 de
1287 438 1364 470 tota
1391 431 1545 471 divinae
1570 445 1656 486 pcr-

111 508 232 535 sonae
263 494 534 536 incarnatione
562 498 831 545 constituerit,
879 498 978 550 qnod
1014 497 1192 536 nimirum
1227 511 1318 537 vere
1352 499 1518 538 liominis
1548 505 1657 539 natu-

108 576 190 602 ram
220 563 491 617 assumpserit.
558 563 711 604 Etenim
741 572 779 604 ut
805 565 893 604 illud
919 565 1078 615 demus,
1112 565 1210 617 quod
1233 565 1279 605 de
1308 567 1434 606 anima
1467 567 1530 606 lilii
1560 567 1656 606 scri-

109 637 212 684 ptum
244 638 303 670 est
334 632 379 671 ad
405 632 630 686 allegoriam
663 639 862 687 spectare,
898 647 941 672 ac
969 633 1116 686 tropice
1142 633 1231 672 illud
1257 647 1369 673 omne
1399 634 1657 688 interpretan-

108 698 196 738 dum
223 712 335 749 esse,
369 708 550 754 superest
574 711 613 740 ut
638 701 735 740 idem
770 714 922 753 qnoque
948 701 992 739 de
1018 701 1135 740 corde
1161 702 1428 755 suspicemur,
1464 709 1577 755 atque
1610 716 1656 742 eo

108 767 262 806 tandem
291 781 355 807 res
391 769 560 818 recidat,
607 768 698 807 niliil
725 775 764 807 nt
792 770 979 817 veritate,
1024 768 1205 822 opinione
1238 776 1365 808 antem
1404 770 1532 810 omnia
1565 785 1658 810 con-

107 841 213 874 stare
239 835 457 876 videantur.
525 835 656 890 ltaque,
681 837 726 875 de
751 850 868 876 carne
895 850 992 890 quae
1016 837 1215 886 dicuntur,
1261 851 1328 890 per
1361 846 1510 892 tropum
1546 853 1657 878 usur-

107 916 201 957 pare
227 903 420 953 dicentur,
455 905 486 944 si
512 905 599 958 qnid
629 903 884 957 vitilitigatori
911 904 997 944 linic
1014 904 1112 944 Ario
1140 905 1350 945 credimus.
1397 904 1507 946 Unde
1533 920 1657 960 neque

107 985 198 1021 cor,
234 985 360 1026 neque
384 973 515 1021 iecur,
552 986 676 1026 neque
701 985 864 1021 earnes,
900 986 1025 1025 neque
1050 972 1251 1022 intestina,
1287 987 1413 1026 neque
1439 988 1545 1024 ossa,
1585 988 1656 1014 nec

107 1040 222 1080 ullam
241 1040 405 1094 denique
431 1040 649 1080 istiusmodi
677 1046 821 1094 partem
850 1040 1022 1079 divinum
1051 1040 1211 1080 verbum
1238 1040 1300 1079 illa
1323 1040 1360 1080 in
1388 1041 1657 1082 incarnatione

107 1107 353 1163 susceperit,
396 1109 464 1148 sed
492 1108 537 1148 ad
569 1107 793 1161 allegoriam
819 1115 856 1147 et
883 1114 1032 1162 tropum
1058 1108 1242 1148 universa
1271 1109 1507 1149 traducenda
1539 1117 1654 1160 sunt,

107 1183 173 1216 aut
197 1177 402 1217 confusum
429 1176 619 1230 quoddam
647 1190 789 1230 corpus
817 1176 987 1216 induerit
1011 1183 1188 1231 oportet,
1236 1177 1335 1230 quod
1363 1177 1560 1217 intestinis
1594 1192 1657 1233 pe-

108 1243 211 1285 nitus
245 1251 390 1285 careat.
454 1242 569 1298 Quod
598 1245 630 1284 si
664 1244 717 1284 ita
750 1251 833 1293 est,
881 1245 987 1284 vesci
1021 1251 1086 1285 aut
1124 1243 1256 1284 bibere
1284 1245 1476 1298 quomodo
1509 1246 1658 1301 potuit?

107 1312 246 1368 Apage
269 1320 345 1353 tam
370 1312 553 1353 absurda.
601 1311 680 1353 lam
704 1326 798 1352 vero
820 1326 905 1352 cuni
931 1320 1040 1366 pater
1059 1326 1127 1352 cor
1150 1319 1188 1352 et
1209 1312 1375 1353 animam
1400 1313 1472 1353 sibi
1498 1314 1655 1364 tribuat,

105 1381 220 1435 idque
249 1380 460 1434 allegorice
487 1396 531 1421 ac
558 1394 626 1436 per
652 1388 803 1435 tropum
830 1381 875 1420 de
901 1381 984 1435 ipso
1011 1380 1260 1435 interpretari
1288 1381 1507 1436 possimus,
1541 1397 1584 1422 ac
1610 1383 1656 1422 de

106 1448 184 1488 filio
209 1463 377 1502 quoque,
413 1450 511 1503 quod
539 1450 584 1489 ad
609 1449 774 1490 animam
798 1449 950 1498 attinet,
986 1463 1097 1503 quam
1123 1449 1169 1488 ab
1193 1449 1257 1489 illo
1280 1458 1500 1504 susceptam
1517 1451 1657 1491 Ariani

106 1524 276 1571 negant,
321 1524 528 1571 utcumque
562 1518 675 1557 etiam
713 1519 859 1571 tropice
892 1518 1032 1557 dictum
1070 1517 1193 1557 videri
1232 1517 1376 1572 possit,
1424 1526 1530 1559 certe
1570 1533 1655 1559 cum

107 1599 176 1625 cor
201 1584 276 1625 illis
303 1585 532 1640 opponitur,
568 1599 713 1640 negare
741 1586 899 1625 omnino
927 1600 1002 1625 non
1027 1591 1212 1640 possunt,
1247 1599 1293 1626 eo
1319 1587 1418 1640 quod
1446 1593 1564 1627 totam
1591 1587 1660 1627 hu-

106 1653 210 1693 mani
246 1654 422 1708 corporis
455 1654 748 1709 dispositionem
785 1661 1020 1708 assumptam
1053 1668 1072 1693 a
1109 1653 1265 1693 domino
1299 1655 1419 1695 fuisse
1452 1655 1552 1695 ultro
1585 1655 1657 1710 ipsi

105 1722 355 1761 confitentur.
400 1720 648 1776 Proindeque
674 1722 994 1776 quemadmodum
1020 1735 1088 1761 cor
1110 1721 1258 1762 duobus
1288 1722 1410 1762 modis
1433 1723 1554 1778 accipi
1580 1738 1656 1764 non

107 1797 272 1843 negant,
309 1790 462 1845 proprie
488 1790 635 1831 scilieet
667 1805 711 1830 ac
741 1804 858 1841 vere,
895 1797 932 1830 et
962 1790 1195 1844 allegorice,
1231 1789 1282 1830 ita
1307 1797 1346 1830 et
1371 1791 1418 1831 de
1444 1792 1571 1831 anima
1599 1793 1656 1832 iu-

106 1857 236 1898 dicare
262 1858 473 1908 convenit,
520 1865 559 1899 ut
597 1872 640 1898 ea
679 1872 773 1898 vere
811 1858 910 1909 lilio,
958 1872 1032 1898 non
1066 1858 1300 1912 allegorice,
1348 1873 1474 1913 neque
1509 1860 1657 1915 tropice

107 1926 315 1966 tribuatur.
380 1924 578 1980 Quocirca
613 1941 699 1967 cum
733 1934 915 1982 suscepta
953 1926 1120 1967 hominis
1154 1941 1174 1966 a
1213 1924 1374 1967 Christo
1408 1934 1544 1968 natura
1575 1928 1657 1969 suis

106 1993 286 2035 omnibus
305 1995 476 2036 numeris
499 1995 677 2036 absoluto
700 2009 865 2050 corpore
889 2002 1059 2045 constet,
1083 2009 1155 2036 nec
1175 2009 1250 2036 non
1275 2002 1313 2035 et
1334 1995 1479 2047 anima,
1507 2003 1653 2047 mente,

107 2063 248 2113 corde,
284 2063 525 2117 ceterisque,
560 2078 658 2118 quae
691 2064 835 2104 homini
860 2064 1014 2115 insunt,
1050 2070 1206 2119 praeter
1232 2070 1457 2119 peccatum,
1492 2078 1656 2119 cumque

107 2130 298 2172 humanae
325 2132 566 2182 functiones,
601 2146 669 2186 pro
695 2146 741 2172 eo
764 2147 807 2173 ac
830 2131 970 2173 rationi
996 2139 1302 2173 consentaneum
1327 2139 1432 2182 erat,
1468 2147 1543 2173 una
1570 2147 1656 2173 cum

107 2201 280 2254 perfecta
315 2200 518 2240 divinitate
555 2201 600 2241 ad
629 2201 766 2242 salutis
795 2201 1170 2241 administrationem
1199 2200 1246 2241 ab
1280 2200 1346 2240 illo
1382 2200 1511 2241 obitae
1548 2215 1658 2254 prae·

109 2268 303 2322 stitaeque
335 2269 502 2319 fuerint,
545 2268 619 2309 iam
648 2269 738 2309 illud
773 2268 964 2324 explicari
993 2269 1194 2310 commode
1223 2275 1374 2323 potest,
1409 2269 1656 2322 quemadmo-

110 2336 197 2376 dum
223 2336 327 2377 illius
351 2337 534 2377 divinitas
559 2351 636 2378 non
665 2337 738 2388 sit,
773 2337 873 2391 quod
897 2337 943 2378 ad
967 2337 1194 2391 dignitatem
1221 2337 1382 2387 attinet,
1417 2337 1657 2391 perfectione

108 2404 226 2459 patris
251 2405 437 2456 inferior,
472 2405 520 2445 ob
546 2419 708 2460 eamque
735 2420 846 2460 quam
870 2406 1076 2461 usurpavit
1097 2406 1225 2446 carnis
1249 2405 1438 2445 humanae
1468 2405 1658 2445 conditio-

108 2487 194 2513 nem
219 2473 418 2528 praeclare
444 2473 478 2514 id
503 2487 591 2515 esse
616 2476 832 2529 perlectum
856 2474 1117 2529 intelligemus
1141 2473 1240 2528 quod
1265 2482 1303 2513 et
1329 2473 1430 2514 sitim
1455 2480 1495 2514 et
1517 2474 1656 2514 samem

108 2541 267 2592 tulisse,
302 2548 341 2582 et
365 2541 532 2592 bibisse,
576 2550 614 2582 et
641 2542 882 2593 comedisse,
927 2550 966 2583 et
998 2556 1176 2583 somnum
1216 2541 1394 2596 cepisse,
1437 2548 1475 2581 et
1501 2541 1658 2583 tristitia

108 2623 152 2650 ac
178 2623 358 2650 moerore
385 2617 609 2650 contractus
644 2610 764 2652 fuisse
791 2611 954 2666 legitur,
989 2625 1074 2651 cum
1101 2609 1254 2650 interim
1289 2610 1373 2650 eius
1397 2609 1579 2650 divinitas
1611 2610 1657 2651 ab

109 2677 213 2718 omni
250 2677 439 2718 eiusmodi
474 2679 682 2719 affectione
719 2687 824 2720 esset
860 2679 1056 2719 immunis.
1122 2676 1180 2718 lta
1217 2677 1345 2718 nullus
1376 2677 1445 2718 hac
1478 2678 1516 2718 in
1549 2685 1658 2733 parte

107 2746 260 2786 illorum
294 2746 466 2801 opinioni
507 2747 613 2788 locus
652 2754 733 2797 est,
782 2748 963 2801 qnoniam
997 2747 1149 2801 quidem
1189 2746 1283 2786 deus
1315 2746 1362 2786 ad
1401 2759 1558 2787 carnem
1591 2747 1656 2787 de-

108 2815 274 2855 scendit.

223 2882 337 2936 Quod
360 2890 486 2924 autem
514 2884 585 2924 hoc
609 2883 656 2923 ab
673 2882 833 2923 Arianis
856 2883 1060 2924 obiicitur:
1097 2880 1140 2924 Si
1164 2897 1212 2923 ex
1239 2890 1348 2938 patre
1372 2890 1472 2935 erat,
1499 2883 1654 2938 quinam
1684 2889 1845 2932 Cap.L11.

178 3017 254 3050 Cn.
275 3019 346 3051 Lu.
372 3038 415 3044 —-
456 3021 481 3054 l.
508 3019 684 3063 Λεγόντων
706 3018 744 3054 δὲ
770 3016 882 3054 αὐτῶν
905 3021 1081 3060 suspicatus
1104 3023 1147 3052 est
1171 3020 1330 3054 Pacuvius.
