2066 3319
100 838 434 888 INDICULUS
464 840 845 889 HAERESEON
874 842 1038 902 QUAE
1068 843 1130 891 IN
1158 842 1328 892 ΤΟΜΟ
1351 844 1411 891 II.
1438 843 1556 893 LIB.
1577 846 1637 893 II.

103 918 568 979 CONTINENTUR,
622 920 726 982 QUI
770 920 891 968 EST
938 922 1018 970 EO
1067 923 1237 983 QUEM
1285 923 1492 972 SUPRA
1535 925 1639 973 PO-

213 999 441 1048 SUIMUS
482 1000 717 1048 ORDINE
748 1001 827 1060 V.‚
872 1001 934 1048 IN
973 1002 1093 1063 QUO
1133 1003 1470 1051 HAERESES
1498 1004 1538 1050 V

465 1080 929 1142 CONTINENTUR,
969 1081 1089 1131 HOC
1127 1082 1318 1131 MODO.

212 1225 244 1267 I.
307 1225 416 1268 Pauli
451 1225 715 1269 Samosateni.
788 1228 861 1269 llic
895 1231 1169 1285 propemodum
1208 1246 1283 1271 non
1319 1230 1491 1272 existere
1525 1228 1640 1271 Chri-

100 1303 199 1336 stum
227 1296 411 1347 affirmat,
446 1304 559 1352 atque
585 1297 772 1338 eiusmodi
800 1298 959 1338 verbum
987 1313 1075 1339 esse
1103 1300 1209 1354 fingit
1237 1301 1334 1354 quod
1362 1300 1399 1340 in
1424 1299 1640 1355 prolatione

101 1364 298 1416 consistitg
334 1366 497 1405 eundem
530 1380 645 1420 porro
675 1380 763 1406 esse
789 1382 807 1406 a
830 1365 958 1407 Maria
993 1368 1186 1422 coepisse.
1249 1369 1309 1409 Ae
1334 1383 1433 1423 quae
1458 1369 1581 1409 sacris
1604 1369 1639 1408 in

100 1432 222 1473 literis
253 1434 297 1473 de
330 1448 376 1474 eo
411 1434 658 1489 pronuntiata
691 1442 803 1484 sunt,
848 1436 1107 1490 praedicentis
1143 1451 1230 1477 csso
1260 1451 1366 1477 more
1397 1438 1521 1487 dieta,
1556 1451 1639 1477 eum

100 1501 181 1557 ipse
209 1503 375 1542 nondum
404 1503 610 1553 existeret,
645 1504 712 1543 scd
736 1518 757 1543 a
778 1502 924 1553 Maria,
960 1502 1011 1543 nti
1035 1504 1219 1556 diximus,
1254 1513 1291 1545 et
1315 1506 1360 1545 ab
1385 1520 1430 1546 eo
1454 1507 1643 1546 duntaxat

105 1577 276 1626 tempore
310 1586 384 1625 quo
417 1585 535 1611 carne
569 1572 766 1626 praeditus
797 1571 954 1611 advenit
985 1586 1073 1612 esse
1106 1574 1293 1628 coeperit.

215 1637 268 1679 Η.
330 1637 568 1689 Manichaei,
605 1655 699 1694 quos
723 1647 760 1680 et
781 1640 994 1680 Acuanitas
1018 1649 1172 1692 vocant,
1206 1640 1338 1683 Manis
1357 1641 1503 1684 Persae
1528 1643 1642 1684 disci-

102 1707 193 1763 puli.
259 1705 457 1749 Christum
484 1708 642 1762 figuram
672 1710 861 1763 quandam
885 1722 972 1749 esse
998 1709 1221 1761 defendunt,
1258 1709 1390 1752 Solem
1411 1710 1641 1766 Lunamque

101 1783 355 1817 venerantur.
421 1775 555 1817 Stettis
588 1792 631 1817 ae
658 1777 863 1818 virtutibus
889 1784 926 1817 et
956 1778 1206 1818 daemonibus
1235 1780 1464 1834 supplicant.
1530 1778 1640 1821 Sem-

100 1845 250 1900 piterna
286 1845 359 1885 duo
394 1845 604 1900 principia,
648 1846 787 1885 bonum
826 1860 870 1886 ae
906 1846 1068 1897 matum,
1113 1847 1368 1889 constituunt.
1443 1847 1641 1890 Christum

101 1913 231 1968 specie
259 1921 370 1953 tenus
405 1914 653 1969 apparuisse,
689 1915 895 1969 specieque
927 1923 1038 1955 tenus
1074 1929 1160 1955 esse
1193 1930 1363 1970 passum.
1428 1916 1554 1957 Vetus
1588 1925 1642 1957 te—

101 1988 357 2032 stamentum,
403 1996 565 2037 eumque
603 1983 663 2037 qni
706 1983 743 2023 in
783 1983 848 2023 itto
886 1983 1037 2023 loeutus
1075 1991 1157 2034 est,
1203 1985 1418 2026 maledictis
1459 1993 1638 2026 onerant.

100 2048 288 2090 Mundum
330 2065 405 2091 non
443 2052 668 2092 universum
706 2066 726 2091 a
763 2052 856 2102 deo,
901 2053 967 2092 sed
1001 2053 1082 2093 eius
1121 2060 1266 2107 partem
1300 2054 1521 2095 fabricatam
1555 2068 1643 2095 esse

99 2125 288 2160 statuunt.

213 2185 288 2228 ΙΙΙ.
340 2187 546 2229 Hieraciae
572 2189 618 2229 ab
645 2189 812 2230 Hieraee
836 2189 1048 2244 interprete
1072 2204 1117 2229 ae
1143 2190 1301 2231 doctore
1327 2190 1488 2245 quodam
1510 2189 1642 2231 Leon-

102 2256 242 2311 topoli‚
284 2257 383 2311 quod
414 2258 584 2312 Aegypti
622 2258 800 2313 oppidum
834 2265 917 2308 est,
960 2258 1139 2298 oriundo.
1205 2257 1282 2312 Qui
1314 2260 1640 2300 resurrectionem

101 2324 230 2365 carnis
265 2326 427 2380 respuit.
493 2325 661 2367 Utuntur
701 2325 752 2366 itti
790 2326 914 2367 veteri
951 2341 994 2366 ac
1032 2341 1133 2366 novo
1173 2334 1421 2368 testamento.
1485 2326 1643 2382 Nuptiis

102 2392 254 2447 penitus
295 2393 545 2434 interdicunt.
617 2393 836 2435 Monachos
873 2402 910 2435 et
944 2395 1116 2449 virgines
1155 2396 1399 2436 continentes
1431 2411 1474 2436 ac
1506 2396 1643 2436 viduos

101 2460 321 2502 admittunt.
385 2461 536 2504 Pueros
563 2471 712 2504 matura
736 2463 902 2503 nondum
930 2470 1057 2503 aetate
1086 2464 1195 2518 regni
1224 2465 1406 2504 coelestis
1435 2464 1642 2519 participes

102 2542 190 2570 esse
223 2538 388 2585 negant,
424 2532 523 2585 qnod
557 2532 726 2572 nondum
759 2532 972 2572 certamine
1005 2533 1194 2586 perfuncti
1228 2541 1332 2573 sunt.

215 2596 288 2639 lV.
351 2598 554 2640 Meletiani
582 2600 802 2641 schismatis
827 2600 862 2640 in
888 2600 1094 2655 Aegypto,
1131 2616 1206 2640 non
1230 2600 1403 2641 haeresis
1427 2601 1552 2642 locum
1577 2602 1643 2642 ob-

101 2665 240 2707 tinent.
303 2666 379 2722 Qui
408 2683 491 2709 cum
517 2669 591 2709 iltis
616 2683 771 2723 precum
799 2668 1071 2709 communione
1104 2669 1285 2722 coniungi
1315 2669 1545 2721 noluerunt,
1581 2672 1644 2726 qui

102 2733 139 2773 in
171 2737 443 2790 persecutione
476 2737 571 2792 lapsi
605 2744 709 2778 sunt.
772 2735 889 2777 Nunc
921 2751 962 2777 se
996 2738 1040 2777 ad
1075 2738 1247 2778 Arianos
1281 2747 1560 2793 aggregarunt.

147 2881 178 2914 6.
202 2885 248 2916 lta
278 2889 305 2916 et
327 2887 369 2917 lo.
390 2888 536 2918 Damasc.
585 2887 647 2918 Sed
670 2888 700 2919 in
722 2890 849 2927 utroque
942 2890 972 2917 θ’.
999 2883 1196 2923 ἅὲετοῦντες
1221 2888 1264 2919 10.
1287 2889 1433 2920 Damosc.

103 2929 231 2966 sortasse
252 2933 461 2970 reponendum
486 2929 603 2975 σχῆμά
627 2943 668 2964 τι.
942 2932 973 2964 ⁴).
998 2929 1107 2975 χήρας
1132 2935 1332 2965 Ιο.1)α1ηαεο.
1369 2935 1413 2973 Cf.
1436 2935 1519 2965 haer.
1532 2934 1586 2974 67,
1601 2935 1645 2975 2„

147 2972 176 3005 7.
202 2976 244 3005 Ab
262 2977 328 3014 ipso
349 2978 524 3016 Epiphanio
542 2980 721 3018 plerumque
742 2981 849 3018 appel·
897 2980 949 3009 ubi
969 2980 1062 3009 etiam
1085 2982 1166 3009 estat
1188 2977 1289 3021 χήρα.

104 3020 186 3050 tatur
205 3015 376 3061 “Ιέρακας;
401 3024 455 3054 sed
475 3027 501 3054 et
521 3020 629 3066 Ἱέραξ
653 3024 737 3055 haer.
753 3024 848 3063 boso.
949 3025 994 3055 10.
1021 3022 1223 3066 Μελιτιανοὶ,
1247 3028 1371 3065 uterque
1391 3027 1486 3057 codez
1505 3028 1645 3066 scriptus.
