2030 3324
494 197 671 229 PANARH
700 198 781 229 [ΑΒ.
804 199 1036 232 11.TOM.11.
1063 201 1193 232 HAEn.
1212 202 1364 234 Lxx'ln.
1624 197 1704 235 577

150 279 221 321 sub
253 277 485 318 Alexandro
524 277 732 331 episcope,
779 278 840 330 qui
884 279 1056 319 eiusdem
1100 295 1184 321 cum
1218 282 1493 322 Alexandrino
1535 282 1704 323 nominis

151 343 625 399 Constantinopolitanam
659 345 791 384 sedem
826 348 998 387 tenebat.

261 411 340 453 Per
363 413 463 453 idem
491 419 641 466 teinpus
669 412 938 455 Alexandriae
964 415 1101 456 heatae
1126 418 1337 457 memoriae
1364 419 1593 459 Alexander
1614 427 1701 473 post

148 479 325 530 Meletii,
361 481 407 520 de
432 495 506 534 quo
531 480 635 527 dixi,
672 482 912 523 confessoris
942 484 1111 535 obitum,
1146 486 1336 524 adversus
1363 487 1554 527 ecclesiae
1582 488 1704 528 schis-

149 563 208 589 ma
243 548 464 589 vehementi
501 548 667 602 quodam
700 550 841 590 ardore
879 565 1094 592 succensus
1128 550 1387 602 Meletianos‚
1435 554 1497 608 qui
1531 556 1704 609 privatos

148 623 367 657 conventus
404 615 621 666 habebant,
668 616 817 670 agitare
845 633 887 659 ac
922 634 1073 660 vexare
1111 627 1149 659 et
1176 621 1250 660 vim
1283 620 1468 661 adhibere
1501 631 1701 677 coeperat,

149 698 196 724 ne
222 684 269 724 ab
294 698 370 724 una
400 684 613 738 eademque
648 685 816 725 ecclesia
842 688 1128 728 contumaciter
1152 688 1444 739 desciscerent,
1490 690 1543 729 illi
1569 698 1705 731 contra

151 753 417 793 detrectantes
451 752 674 793 tumultuari
709 768 754 793 ac
791 754 1020 808 perturbare
1053 756 1199 796 omnia.
1271 756 1405 810 Quare
1447 765 1706 812 persequente

148 835 216 862 eos
241 828 281 862 et
303 827 467 875 urgente
491 821 621 861 acrius
644 821 876 862 Alexandro
908 823 1083 863 nonnulli
1107 838 1127 864 e
1153 832 1285 864 sectae
1310 825 1520 879 primariis,
1555 842 1600 867 ac
1624 827 1705 882 pie-

149 896 226 930 tate
256 897 294 930 et
315 890 460 930 virtute
491 889 602 929 l'acile
632 889 848 944 principes,
895 898 934 930 ut
972 891 1017 931 iis
1051 892 1306 933 incommodis
1341 894 1616 945 mederentur,
1659 896 1705 935 ad

147 958 370 998 comitatum
399 958 560 1012 profecti
585 964 698 1007 sunt,
745 964 784 997 ut
812 958 1037 1012 imperatori
1064 960 1352 1015 supplicarent,
1399 962 1445 1001 ab
1475 976 1599 1016 eoque
1629 964 1705 1016 pri—

148 1033 326 1066 vatorum
360 1032 624 1065 conventuum
658 1025 743 1065 sinc
778 1025 855 1065 ullo
891 1026 1166 1080 impedimento
1207 1029 1428 1068 l'acnltatem
1464 1029 1703 1070 obtinerent.

147 1092 212 1134 Ex
242 1093 300 1133 his
337 1092 534 1148 praecipui
565 1100 679 1133 erant
704 1091 948 1147 Paphnutius
986 1094 1139 1149 quidam
1175 1097 1236 1136 vir
1268 1111 1430 1150 magnus
1466 1104 1504 1136 et
1538 1098 1705 1137 anacho-

147 1169 253 1212 reta,
288 1162 399 1202 cuius
425 1168 550 1201 mater
573 1158 776 1202 Christum
802 1162 892 1202 olim
918 1164 1099 1203 consessa
1126 1164 1275 1214 suerat,
1309 1165 1376 1204 sed
1406 1172 1443 1205 et
1465 1165 1547 1218 ipse
1579 1166 1706 1220 aliqua

147 1244 199 1271 ex
224 1237 332 1284 parte
358 1230 519 1270 eandem
543 1230 830 1270 consessionem
855 1230 1020 1272 obierat.
1084 1230 1183 1272 Cum
1211 1246 1258 1273 eo
1284 1241 1366 1273 erat
1395 1241 1432 1274 et
1457 1232 1626 1274 loannes
1660 1234 1704 1274 il—

146 1298 270 1339 lorum
296 1298 526 1353 episcopus,
570 1298 629 1338 vir
652 1305 690 1338 et
713 1298 794 1353 ipse
821 1299 1045 1353 cun1p1·imis
1074 1300 1335 1352 venerabilis,
1371 1315 1524 1342 necnon
1547 1309 1586 1342 et
1613 1299 1706 1342 Cal—

146 1366 284 1407 linicus
303 1365 448 1407 Pelusii
476 1367 698 1421 episcopus,
734 1381 820 1407 eum
843 1367 928 1407 aliis
952 1367 1182 1421 quibusdam
1207 1369 1270 1423 qui
1300 1370 1412 1410 huius
1437 1370 1590 1411 consilii
1613 1384 1701 1425 par-

149 1434 284 1489 ticipes
308 1436 478 1476 fuerant.
530 1433 606 1488 Qui
633 1449 717 1475 cum
743 1436 789 1475 ad
813 1435 1089 1490 imperatorem
1114 1437 1318 1477 venissent
1341 1445 1379 1478 et
1406 1439 1514 1478 adire
1541 1438 1702 1489 vellent,

147 1502 245 1557 pulsi
281 1517 325 1543 ac
358 1503 495 1544 reiecti
531 1510 636 1543 sunt.
699 1501 803 1543 Nam
835 1501 1005 1544 Palatini
1042 1505 1172 1545 audito
1205 1503 1511 1546 Meletianorum
1549 1506 1705 1547 nomine

149 1570 237 1625 quid
271 1571 342 1610 hoc
374 1571 447 1611 sibi
475 1571 592 1612 vellet
623 1571 851 1625 ignorantes
873 1572 979 1612 adire
1002 1573 1213 1628 principem
1241 1574 1396 1613 minime
1423 1575 1701 1629 permiserunt.

264 1637 372 1680 luter
408 1639 503 1680 hacc
535 1637 802 1693 Paphnutius,
852 1638 1019 1681 loannes
1053 1655 1096 1680 ac
1135 1642 1254 1681 ceteri
1290 1639 1633 1697 Constantinopoli
1666 1650 1704 1683 et

148 1706 409 1749 Nicomediae
440 1707 657 1762 longiorem
692 1722 839 1748 moram
882 1708 1081 1750 trahentes
1120 1724 1206 1750 cum
1238 1708 1413 1751 Eusebio
1445 1709 1705 1751 Nicomediae

149 1777 333 1832 episcopo
359 1775 662 1816 familiaritatem
688 1776 939 1827 contrahunt,
968 1777 1080 1831 eique
1106 1791 1188 1818 rem
1211 1792 1364 1818 omnem
1384 1779 1578 1833 aperiunt.
1622 1777 1707 1819 No-

148 1853 289 1886 verant
319 1845 420 1885 enim
448 1844 548 1884 hunc
575 1844 674 1899 apud
696 1844 972 1898 imperatorem
997 1845 1123 1899 gratia
1149 1853 1187 1886 et
1211 1847 1442 1887 auctoritate
1471 1847 1601 1888 valere
1624 1847 1706 1902 plu-

148 1913 304 1954 rimum.
368 1911 447 1953 Per
469 1912 570 1953 hunc
592 1913 721 1967 itaque
747 1912 947 1953 conciliari
977 1927 1018 1954 se
1046 1913 1288 1969 imperatori,
1324 1929 1369 1955 ac
1394 1914 1553 1970 perduci
1574 1922 1707 1970 postu-

151 1982 246 2022 lant.
320 1979 399 2035 Qui
424 1995 508 2021 cum
535 1980 687 2036 prolixe
714 1980 772 2020 his
796 1980 925 2022 onmia
958 1983 1146 2022 facturum
1170 1997 1213 2024 se
1233 1983 1472 2038 recepisset,
1517 1990 1558 2023 ut
1589 1990 1628 2023 et
1659 1983 1707 2024 de

148 2049 303 2090 illorum
334 2063 473 2089 caussa
501 2050 547 2089 ad
573 2049 848 2104 imperatorem
878 2051 1068 2100 referret,
1104 2058 1142 2091 et
1164 2051 1200 2091 id
1233 2052 1334 2105 quod
1366 2051 1550 2106 petebant
1585 2051 1706 2106 impe—

150 2124 295 2168 traret,
329 2116 502 2158 vicissim
528 2117 600 2157 hoc
630 2117 676 2157 ab
702 2117 778 2158 illis
805 2119 975 2172 postulat
1007 2126 1047 2160 ut
1074 2118 1210 2160 Arium
1238 2119 1274 2159 in
1300 2119 1612 2160 communionem
1644 2133 1707 2159 re-

151 2186 350 2241 ciperent,
398 2184 462 2240 qui
501 2185 626 2226 fictam
665 2186 961 2241 simulatamque
1006 2188 1284 2242 poenitentiam
1329 2202 1418 2243 prae
1461 2201 1504 2228 se
1546 2187 1704 2227 tulerat.

150 2252 264 2307 Quod
292 2254 352 2294 ubi
382 2254 700 2308 spopondissent,
734 2255 780 2294 ad
803 2255 1079 2310 imperatorem
1107 2270 1175 2297 eos
1203 2257 1359 2297 adducit
1382 2255 1596 2306 Eusebius,
1633 2268 1703 2295 ex-

151 2323 336 2377 ponitque
359 2322 448 2377 quid
475 2321 551 2362 illis
576 2321 721 2376 negotii
746 2323 811 2373 sit,
845 2338 889 2363 ac
913 2331 1111 2378 postremo
1135 2323 1361 2366 Meletianis
1386 2324 1432 2365 ab
1457 2337 1504 2364 eo
1530 2331 1705 2378 tempore

152 2392 409 2446 permissum,
446 2390 624 2445 privatim
652 2397 690 2430 ut
711 2390 795 2432 sine
821 2391 896 2432 ulla
922 2393 1147 2447 cuiusquam
1174 2393 1353 2434 molestia
1379 2392 1592 2432 convenire
1618 2405 1707 2446 pos-

151 2467 255 2500 sent.
320 2458 474 2502 Utinam
496 2458 700 2500 Meletiani
725 2459 810 2510 isti,
846 2460 908 2515 qui
931 2462 1223 2502 exactissimam
1251 2461 1421 2502 iustitiae
1455 2474 1500 2501 ac
1529 2460 1707 2500 veritatis

152 2528 346 2569 rationem
372 2528 538 2583 prol'essi
565 2529 744 2578 fuerant,
779 2543 864 2568 cum
892 2528 938 2569 iis
961 2530 1023 2583 qni
1050 2530 1142 2584 lapsi
1171 2537 1282 2570 erant
1308 2537 1395 2584 post
1427 2528 1704 2583 poenitentiam

152 2597 464 2638 communionem
490 2596 632 2637 habere
659 2609 770 2651 quam
794 2611 878 2637 cum
899 2595 1061 2638 Arianis
1085 2598 1336 2639 maluissent!
1402 2595 1580 2649 Contigit
1603 2596 1706 2636 enim

152 2666 229 2708 illis
250 2666 350 2721 quod
374 2673 434 2706 est
458 2665 495 2705 in
523 2664 756 2721 proverbio,
793 2672 832 2705 ut
855 2665 917 2720 qui
943 2667 1086 2706 fumum
1110 2666 1283 2706 devitant
1305 2666 1341 2705 in
1363 2665 1492 2719 ignem
1517 2664 1703 2704 incidant.

198 2791 230 2824 6.
255 2793 301 2823 na
325 2792 406 2823 libri.
457 2792 606 2831 Suspicor
622 2801 680 2831 pro
704 2789 761 2823 καὶ
782 2801 844 2823 esse
862 2801 908 2822 re·
1001 2792 1031 2822 ⁴2.
1059 2793 1201 2822 Fortasse
1216 2792 1411 2822 scribendum
1427 2784 1548 2822 αὐτῶν.
1586 2788 1649 2821 Sed
1665 2791 1709 2820 est

155 2838 343 2868 stituendum
368 2833 464 2870 κου’κ.
956 2846 1015 2875 quo
1040 2837 1191 2875 defendas
1216 2831 1332 2876 αὐτὴν.

200 2881 230 2915 7.
256 2879 451 2926 ἐξεβάλοντο
474 2883 540 2914 cod.
563 2883 695 2921 scriptus
717 2884 854 2921 uterque,
884 2885 911 2914 et
1002 2882 1033 2913 3.
1059 2877 1197 2921 Ἀρεεών
1222 2882 1327 2912 vitiose
1351 2884 1434 2912 extat
1456 2882 1488 2911 in
1511 2881 1557 2911 ed.
1579 2881 1685 2911 Petav.

155 2928 203 2958 ed.
225 2937 273 2966 pr.
313 2924 527 2970 ἐξεβάλλοντο
551 2928 598 2958 ed.
619 2928 726 2958 Peter.
1002 2923 1033 2957 4.
1062 2927 1157 2957 Intell.
1180 2925 1352 2969 δέχεσῖαι.
1399 2927 1547 2957 Petamus
1569 2926 1709 2964 suspica-

204 2971 282 3003 CAP.
301 2973 356 3003 Vl.
378 2991 419 2995 —
460 2973 487 3004 1.
512 2968 692 3015 Εὗσε-βείω
713 2973 803 3003 codd.
822 2981 910 3010 mss„
957 2973 1048 3002 batur
1071 2967 1176 3014 αὐτῷ.

156 3019 201 3049 uti
224 3027 332 3056 supra.
1002 3017 1034 3048 ξ).
1057 3014 1266 3059 &aoy->scofina
1291 3017 1357 3048 cod.
1381 3017 1510 3056 Rhediy.

227 3071 345 3107 Corpus
364 3070 543 3100 Haereseol.
568 3070 604 3099 11.
624 3071 650 3098 2.
1383 3075 1435 3115 37

1729 422 1809 466 Cap.
1837 423 1876 456 V.

1729 1645 1806 1688 Cap.
1823 1647 1878 1680 vl.
