2066 3319
461 180 638 212 PANARn
669 182 810 212 1118.st
835 183 943 215 Tou.
966 185 1004 215 ΙΙ.
1033 184 1163 218 HAER.
1187 186 1308 217 vai.
1582 181 1661 217 515

114 260 212 303 Dum
239 259 339 299 cuim
365 258 598 299 intermissis
626 259 736 300 bouis
761 261 943 315 operibus
967 263 1195 314 dormimus,
1223 265 1308 304 dum
1338 265 1460 305 otlicia
1491 265 1660 306 iustitiae

111 327 364 381 negligimus,
412 326 498 365 dum
534 327 578 366 ad
618 330 850 381 exequenda
890 330 949 369 dei
988 332 1167 372 mandata
1206 333 1309 385 vigili
1350 341 1662 388 experrectoque

109 395 237 436 auimo
266 409 340 435 uon
363 408 519 443 sumns',
568 403 658 434 tune
692 396 728 435 iu
757 396 867 436 uobis
903 406 1059 451 peccata
1097 400 1426 453 proseminantur.
1490 400 1664 441 Videsne

111 469 314 518 praetcrea
343 469 381 502 ut
407 463 442 501 in
469 462 537 501 liae
577 463 760 517 parobola
800 480 997 506 messores·
1024 467 1068 506 ad
1099 468 1424 507 coueienuuuluiu
1459 469 1664 510 fasciculos

109 531 370 585 componant?
432 528 502 569 Die
527 531 668 580 sodes,
714 547 734 570 o
761 530 1016 583 Manat-haee,
1055 534 1278 574 vinciuntur
1302 535 1378 575 illie
1406 536 1579 586 auiinae,
1616 552 1663 577 au

109 613 192 639 cum
219 598 347 638 anima
373 612 538 652 corpora
567 600 871 651 comburuntur,
907 616 954 640 an
986 602 1093 640 solae
1126 602 1316 641 duntaxat
1345 604 1522 644 animae?
1571 603 1664 644 Non

110 667 211 706 euim
246 666 388 720 poterit
421 673 483 706 tua
517 665 581 706 illa
614 668 659 707 de
692 667 908 707 animorum
937 669 1169 722 purgatione
1195 676 1298 709 stare
1325 672 1545 721 sententia,
1580 686 1664 712 eum

109 735 154 774 ad
189 733 420 788 supplicium
461 748 504 774 ac
538 735 719 775 iudicium
762 736 977 776 tradentur.
1043 735 1121 776 Sed
1155 737 1201 776 de
1234 737 1291 778 his
1325 738 1533 791 liat-tenu53
1579 748 1667 779 suut

109 802 210 842 enim
244 802 421 842 veritatis
456 802 573 842 verba
607 803 847 856 sapientibus
881 803 977 843 haud
1012 804 1193 844 obscura.

224 938 339 979 Aliud
370 952 522 992 quoque
557 938 819 979 testimonium
856 941 1005 993 profert
1031 940 1154 980 sacris
1184 955 1203 981 e
1229 941 1352 981 literis
1378 943 1662 996 depromptum,
1714 942 1792 1002 ‘32¹1ss-

108 1007 217 1047 cuius
243 1020 400 1048 sensum
424 1022 510 1047 eum
533 1006 682 1060 ignoret
713 1006 889 1061 penitus,
924 1008 1108 1048 salutaris
1135 1009 1335 1049 doctrinae
1359 1009 1433 1049 vim
1456 1010 1581 1050 aliena
1607 1011 1664 1051 in-
1693 988 1829 1018 wah

110 1075 389 1130 terpretatioue
417 1075 638 1129 detorquet.
704 1074 763 1114 Eo
797 1075 912 1129 igitur
936 1077 1035 1129 quod
1063 1090 1082 1116 a
1108 1077 1263 1117 domiuo
1291 1078 1433 1117 dictum
1460 1084 1516 1118 est
1542 1078 1666 1118 abuti-

110 1152 194 1194 tur,
231 1146 337 1182 Venit
358 1146 534 1195 princeps
556 1146 688 1182 tnnmli
705 1145 816 1181 lenius
850 1151 886 1181 el
919 1147 955 1182 iu
989 1159 1045 1182 me
1075 1159 1180 1183 suum
1215 1148 1316 1184 m'he'l
1342 1149 1494 1185 imvem‘t.
1563 1145 1874 1193 'l'un11‹‚a„...1⁴,³o.

110 1212 199 1252 illud
232 1211 421 1266 apostoli,
468 1215 567 1250 Deus
601 1214 712 1250 huius
751 1214 874 1250 secula·
900 1216 1116 1251 etz-caecavit
1151 1217 1398 1265 eogilaliones
1439 1216 1659 1265 zbfirlelium,
1683 1228 1830 1261 zema,
1849 1230 1872 1255 ⁴.

110 1289 150 1319 u!
185 1295 258 1319 leon
291 1283 528 1319 intem-entm-
566 1282 681 1318 lucem
715 1282 905 1331 evangelie·
932 1283 1096 1331 glot-iae.
1164 1280 1377 1322 Videmus
1420 1283 1538 1337 igitur
1578 1298 1666 1323 num

109 1352 288 1400 Princeps
314 1351 378 1387 ille
403 1352 549 1395 mundi,
588 1348 632 1387 de
661 1362 734 1401 quo
767 1348 944 1388 domiuus
972 1349 1164 1402 loquitur,
1203 1351 1238 1389 in
1267 1350 1395 1390 intima
1423 1351 1663 1391 detrudetur.

110 1420 157 1456 Si
176 1420 294 1463 enim,
331 1416 451 1470 inquit
468 1449 477 1467 ,
511 1418 702 1455 mallatus
720 1418 853 1467 fuero,
890 1432 1013 1455 omnes
1039 1420 1184 1456 traham
1210 1422 1260 1457 ml
1281 1422 1470 1470 meipsmu.
1538 1418 1664 1473 Quem
1680 1433 1872 1465 10anu.12‚32.

109 1485 228 1539 igitur
252 1484 380 1524 mundi
404 1482 627 1538 Principem
655 1484 848 1537 appellat?
889 1483 931 1524 Si
958 1485 1168 1535 diabolum,
1203 1501 1272 1526 eur
1294 1485 1463 1527 loannes
1489 1487 1526 1526 in
1548 1501 1666 1527 evau-

108 1553 210 1607 gelio
234 1553 279 1593 de
304 1553 502 1593 salvatore
525 1553 638 1602 dicit,
677 1555 716 1590 lu
736 1555 893 1603 propt-iu
917 1556 1044 1591 venit?
1105 1551 1294 1595 Videmus
1319 1555 1419 1595 enim
1454 1555 1549 1595 duas
1582 1555 1667 1595 illas

109 1621 211 1662 iuter
243 1635 284 1662 se
316 1620 534 1661 sententias
560 1634 648 1660 esse
675 1620 916 1671 contrarias,
962 1635 1045 1661 cum
1082 1628 1119 1661 et
1151 1623 1351 1676 apostolus
1386 1623 1499 1674 dicit,
1552 1627 1872 1682 7'0m.s‘10ann.5,19.

111 1693 269 1729 mundns
294 1693 331 1729 in
353 1691 518 1740 maligno
538 1692 685 1740 positus
709 1697 786 1735 esl,
823 1695 861 1728 et
885 1688 973 1728 alibi
996 1690 1182 1744 seriptum
1208 1691 1280 1742 sit,
1314 1694 1358 1729 Iu
1384 1695 1518 1731 tmmdo
1541 1694 1664 1731 salva-
1679 1671 1872 1704 loann.4,4e.

111 1767 170 1798 toi·
204 1766 299 1797 erat.
366 1756 527 1797 Fierine
562 1764 689 1812 potest
726 1756 838 1796 ambo
877 1764 917 1797 ut
953 1756 1030 1797 illie
1063 1758 1176 1798 simul
1213 1759 1438 1799 resideant?
1498 1758 1601 1800 Nam
1634 1761 1665 1801 si

111 1829 268 1866 'leundas
299 1829 336 1865 in
369 1828 534 1876 waltguo
556 1834 655 1865 lotas
678 1833 733 1864 es!
758 1828 926 1877 positus,
963 1825 1048 1880 quis
1076 1826 1112 1866 in
1141 1840 1187 1866 eo
1214 1827 1401 1867 salvatori
1433 1827 1541 1868 locus
1575 1829 1665 1875 erit,

111 1902 149 1936 ut
177 1896 214 1935 iu
243 1895 385 1935 mundo
414 1908 501 1933 esse
528 1894 706 1934 dicatur?
768 1892 936 1934 Rursum
966 1894 997 1934 si
1027 1908 1125 1948 quae
1160 1894 1196 1934 in
1230 1896 1371 1936 mundo
1399 1903 1487 1936 sunt
1521 1897 1566 1937 ad
1601 1897 1665 1937 filii

111 1963 172 2004 dei
197 1963 386 2018 peculium
409 1962 619 2017 pertinent,
646 1962 731 2016 quis
759 1961 820 2001 ille
842 1962 1023 2017 princeps
1047 1963 1106 2002 dei
1131 1962 1247 2003 rebus
1272 1964 1520 2004 dominatur?
1553 1963 1666 2018 Quod

111 2032 141 2071 si
179 2031 334 2086 propria
373 2031 436 2070 lilii
463 2031 522 2070 dei
560 2030 622 2070 illa
660 2029 742 2084 ipsa
771 2044 846 2069 non
876 2037 989 2081 sunt,
1036 2031 1213 2085 quisnam
1250 2033 1378 2072 mundi
1403 2031 1593 2088 Princeps
1622 2047 1667 2074 ea

112 2114 210 2153 quae
237 2100 274 2139 in
303 2099 444 2140 mundo
471 2105 560 2139 suut
594 2098 747 2153 propria
771 2098 980 2139 salvatoris
1004 2112 1092 2139 esse
1116 2099 1310 2154 patiatur?
1370 2098 1520 2141 Contra
1554 2115 1665 2151 vero,

111 2167 143 2209 si
174 2168 338 2208 mundus
362 2168 407 2207 ad
432 2167 547 2207 lilium
572 2167 630 2207 dei
655 2167 846 2221 pertinet,
880 2181 950 2207 eur
973 2166 1019 2206 ab
1042 2167 1105 2207 illo
1130 2166 1314 2223 Principe
1341 2170 1522 2210 mundum
1555 2184 1665 2209 suum

113 2236 291 2292 usurpari
320 2236 521 2291 permisit?
566 2234 781 2277 Enimvero
804 2249 1019 2291 expressae
1042 2250 1179 2276 omnes
1202 2237 1241 2276 iu
1263 2237 1455 2292 scriptura
1489 2237 1667 2278 veritatis

114 2319 232 2346 voces
259 2318 408 2345 summa
435 2319 519 2344 eum
543 2304 732 2359 sapientia
760 2303 1034 2358 pronuntiatae
1057 2312 1164 2355 sunt,
1199 2320 1274 2359 quo
1300 2306 1389 2345 illud
1417 2306 1560 2346 domiui
1581 2320 1668 2360 per-

114 2373 235 2413 tinet:
273 2375 380 2412 l'em'l
402 2376 562 2412 Ioannes
587 2375 752 2412 iustiliae
780 2376 873 2412 viam
899 2381 1046 2421 lenens,
1081 2389 1154 2412 mm
1179 2377 1428 2422 manducans,
1464 2390 1581 2426 neque
1612 2376 1665 2413 be'-
1686 2386 1798 2414 Manu.

113 2442 221 2489 bens,
257 2449 294 2480 et
315 2444 466 2489 dicuni,
502 2444 742 2480 Daemonium
769 2442 902 2480 stubei.-
939 2445 1037 2481 vem'l
1051 2444 1167 2494 filins
1192 2445 1352 2481 hominis
1376 2445 1604 2481 manducans
1631 2452 1666 2481 el
1692 2422 1735 2457 11,
1758 2422 1797 2448 ¹⁹⁶

115 2511 261 2558 bibens,
298 2517 334 2548 et
355 2512 505 2557 dicant,
543 2512 641 2548 Eece
663 2512 769 2548 homo
797 2525 934 2558 voras,
970 2518 1006 2549 et
1030 2514 1297 2562 vz'm'polulor,
1332 2514 1474 2549 amicus
1495 2512 1668 2562 publiea-

113 2593 245 2617 ηοιίιηι
267 2586 304 2617 el
322 2586 587 2630 peccalorum:
633 2586 669 2617 el
699 2580 905 2630 e'ustficala
932 2587 988 2617 est
1009 2582 1193 2631 sapientia
1226 2594 1246 2617 a
1267 2581 1371 2630 siliis
1399 2582 1492 2617 sues.
1559 2577 1668 2631 Quo-

114 2647 228 2686 modo
255 2646 345 2687 illud
369 2646 662 2700 intelligendum
689 2653 765 2697 est,
797 2650 1017 2699 sapientiam
1045 2649 1180 2699 «siliis
1204 2662 1283 2685 esse
1304 2649 1560 2698 instfficatam,
1595 2648 1666 2688 uisi

115 2714 161 2754 ab
196 2714 254 2755 his
289 2714 351 2769 qui
386 2714 602 2769 sapientiae
640 2729 758 2756 voces
788 2715 1035 2768 intelligunt?
1098 2713 1207 2756 Unde
1241 2722 1278 2754 et
1310 2715 1407 2769 apud
1441 2716 1667 2770 proplietam

116 2782 229 2833 dicit,
273 2786 348 2833 Qui
374 2786 545 2835 sapiens,
580 2791 617 2822 et
642 2786 831 2835 intelliget
849 2786 964 2832 llaec,
999 2786 1171 2835 quonium
1201 2792 1326 2823 rectae
1355 2788 1435 2823 viae
1465 2787 1608 2823 domini
1634 2792 1670 2823 ee
1688 2795 1758 2823 ose.
1772 2795 1813 2829 1⁴,
1833 2796 1873 2822 ιο,

161 2952 181 2971 Ι)
230 2948 238 2959 ’
267 2950 274 2962 Ι
446 2949 465 2963 ’x
549 2953 555 2963 r
711 2956 716 2960 .
967 2954 973 2961 u
1032 2950 1040 2960 θ
1075 2950 1083 2961 x
1298 2957 1302 2961 .

164 2975 192 2983 -.
217 2963 317 2994 αγιας
347 2963 405 2994 pro
432 2954 597 2995 αΛηῗςειας
629 2958 807 2994 suspicatus
831 2958 873 2986 est
965 2954 995 2986 ὀ.
1023 2964 1085 2986 utto
1111 2954 1178 2985 cod.
1204 2955 1332 2995 Rhediy.

117 2998 274 3030 Petamus.

1294 3058 1395 3100 33*
