2066 3319
793 625 968 662 SANCTI

542 724 1224 781 EPIPHANII

353 861 775 910 CONTRA
847 861 1420 911 HAERESES

660 975 777 1007 LtssRt
803 976 842 1006 Il.
891 975 1044 1007 TOMUS
1072 975 1111 1008 ΙΙ.

259 1134 560 1183 CONTRA
596 1135 897 1184 PAULUM
936 1135 1518 1198 SAMOSATENUM,

536 1216 732 1264 haeresis
769 1215 936 1276 XLV.,
973 1217 1066 1265 sive
1104 1215 1246 1264 LXV.

225 1314 448 1357 Secundum
480 1317 565 1358 illos
590 1315 735 1358 Paulus
763 1315 1046 1359 Samosateuns
1080 1319 1279 1372 sequitur,
1314 1320 1375 1373 qui
1410 1327 1494 1374 post
1519 1319 1656 1362 Nova·
1679 1325 1753 1367 Cap.
1783 1327 1802 1355 ¹-

114 1391 192 1425 tum
218 1391 332 1439 atque
357 1383 569 1439 Origenem
603 1386 748 1426 extitit.
814 1385 890 1439 Qui
918 1387 1068 1441 quidem
1097 1384 1293 1441 Origenes
1326 1395 1524 1442 postremo
1555 1390 1657 1431 inter

114 1452 332 1494 haereticos
357 1461 581 1495 numeratus
605 1462 680 1504 est,
715 1454 762 1493 ob
788 1455 1050 1507 arrogantiam
1074 1455 1175 1495 illam
1205 1470 1314 1510 quam
1340 1457 1558 1498 adsciscere
1582 1459 1653 1499 sibi

114 1521 256 1572 voluit,
291 1529 328 1561 et
360 1522 540 1563 insolenti
565 1537 609 1563 ac
635 1537 819 1577 nugarum
851 1523 1074 1576 plenissima
1100 1524 1333 1578 loquacitate
1361 1525 1609 1580 immissaque
1634 1543 1654 1567 a

114 1589 265 1630 diabolo
289 1598 417 1630 mente
442 1592 629 1631 adversus
654 1591 857 1631 veritatem
886 1591 1105 1646 insurgere.
1171 1590 1276 1633 Sane
1304 1593 1337 1633 is
1367 1595 1552 1648 lugendus
1586 1611 1654 1636 no-

113 1657 171 1698 bis
201 1658 403 1699 admodum
431 1660 562 1709 venit,
601 1659 662 1713 qui
688 1659 826 1699 diaboli
855 1659 998 1700 invidia
1027 1660 1156 1715 lapsus
1188 1676 1239 1701 ex
1267 1662 1342 1702 alto
1368 1664 1652 1718 praecipitavit.

113 1724 216 1766 Nam
241 1727 278 1766 in
304 1727 368 1767 illo
399 1728 616 1782 scripturae
645 1728 785 1768 (lictum
812 1727 903 1768 illud
931 1728 1129 1783 impletur:
1172 1732 1386 1769 Fascmatlo
1413 1735 1506 1770 enim
1535 1747 1655 1784 nuga-
1676 1739 1784 1775 Sap-⁴.
1810 1743 1846 1768 ¹2.

113 1798 239 1834 citatis
266 1797 442 1835 obscurat
467 1797 559 1835 bona
573 1828 581 1843 ,
617 1804 653 1835 el
678 1799 928 1836 inconstantia
958 1801 1278 1849 concupiscentiae
1308 1804 1527 1839 transvertit
1556 1816 1654 1840 men—

113 1871 182 1902 tem
211 1867 292 1904 sz‘ne
321 1867 478 1904 malitia.

225 1931 384 1974 Recedo
412 1947 512 1973 nunc
543 1933 589 1973 ad
614 1933 741 1984 illum,
777 1934 885 1974 cuius
920 1933 1189 1989 explicandum
1224 1936 1362 1990 dogma
1394 1938 1652 1993 suscepimus,

112 1998 275 2042 Paulum
301 2000 627 2052 Samosatenum,
663 2002 771 2043 euius
796 2002 962 2043 nominis
986 2017 1103 2058 supra
1134 2004 1369 2046 mentionem
1403 2006 1583 2059 fecimus,
1618 2015 1656 2048 et

113 2085 215 2111 nuno
245 2070 347 2112 illius
383 2070 564 2112 haeresin
597 2071 861 2126 proponimus.
926 2070 1000 2112 Hic
1027 2070 1243 2113 Samosatis
1267 2072 1576 2130 Mesopotamiae
1609 2077 1654 2116 ad

111 2136 350 2194 Euphratem
377 2139 472 2180 urbe
501 2147 639 2190 natus,
675 2140 892 2180 Aureliano
920 2154 963 2180 ac
984 2138 1115 2181 Probo
1142 2141 1418 2196 imperantibus
1439 2143 1653 2184 Antioche-

112 2221 185 2248 uae
208 2208 399 2248 ecelesiae
426 2208 645 2263 propositus
673 2215 746 2248 est.
811 2207 886 2262 Qui
912 2209 1036 2250 elatus
1063 2211 1286 2264 arrogantia
1309 2226 1353 2251 ac
1381 2214 1479 2252 fastu
1505 2227 1523 2252 a
1549 2213 1652 2253 veri-

113 2282 189 2316 tate
216 2276 386 2326 excidit,
430 2285 545 2331 atque
572 2277 801 2318 Artemonis
835 2277 1014 2318 haeresin
1050 2277 1304 2331 instauravit,
1350 2281 1410 2335 qui
1445 2296 1528 2321 cum
1562 2289 1650 2322 ante

112 2344 253 2386 multos
285 2359 408 2386 annos
440 2345 661 2396 extitisset,
697 2345 849 2401 penitus
881 2353 941 2386 est
973 2346 1184 2388 extinctus.

226 2480 300 2522 Est
323 2490 450 2523 autem
484 2483 577 2524 haec
603 2482 703 2523 illius
727 2483 871 2538 opinio.
936 2482 1061 2525 Deum
1092 2492 1239 2540 patrem
1265 2492 1301 2524 et
1326 2486 1440 2525 filium
1468 2500 1511 2526 ae
1539 2488 1648 2542 spiri-

113 2557 191 2590 tum
217 2558 393 2591 sanctum
427 2567 542 2592 unum
569 2565 655 2592 esse
688 2552 825 2602 deum,
860 2552 1020 2593 verbum
1044 2554 1104 2593 dei
1131 2554 1290 2607 eiusque
1315 2553 1488 2606 spiritum
1523 2555 1650 2597 inesse

113 2619 185 2660 deo
208 2627 419 2675 perpetu0,
453 2620 552 2660 sicut
577 2620 742 2660 hominis
766 2620 804 2660 in
830 2621 946 2661 corde
969 2622 1164 2676 proprium
1190 2622 1347 2662 verbnm
1372 2621 1501 2663 inesse
1525 2625 1651 2665 cerni-

114 2701 212 2728 mus.
275 2686 416 2728 Filium
443 2688 502 2728 dei
536 2688 824 2729 subsistentiam
853 2689 996 2730 habere
1021 2704 1090 2744 per
1113 2704 1201 2730 sese
1226 2690 1390 2740 nullam,
1425 2691 1491 2732 sed
1515 2693 1552 2732 in
1578 2693 1650 2733 deo

114 2756 352 2807 subsistere,
389 2756 421 2796 id
451 2757 550 2810 qnod
576 2755 748 2798 Sabellio
780 2772 930 2812 quoque
960 2758 1124 2812 placuit,
1159 2765 1194 2798 et
1219 2757 1403 2809 Novato,
1437 2767 1475 2800 et
1499 2759 1648 2812 Notae,

115 2823 275 2879 aliisque
307 2825 525 2877 nonnullis,
560 2840 787 2880 quamquam
820 2841 895 2866 non
931 2827 1065 2867 eodem
1099 2841 1183 2865 cnm
1208 2826 1293 2867 istis
1325 2829 1461 2879 modo,
1496 2830 1562 2869 sest
1595 2830 1650 2869 di-

116 2904 230 2932 verso
255 2894 415 2947 quodam
442 2893 505 2934 ille
530 2894 688 2934 sentiat.
741 2895 801 2935 Ad
828 2895 938 2946 baec,
973 2895 1032 2934 dei
1058 2894 1217 2934 verbum
1243 2895 1281 2935 in
1305 2903 1429 2938 terras
1452 2897 1648 2953 delapsum

160 2993 190 3027 3.
216 2993 434 3035 ἐξωκείλαντα
459 2998 524 3029 cod.
545 3007 603 3030 scr.
624 3001 747 3038 uterque
768 3001 793 3030 et
811 2999 857 3030 ed.
951 2995 982 3030 4.
1008 2997 1055 3040 τῷ
1080 2998 1180 3030 adfeci
1202 3008 1239 3030 ex
1262 3003 1388 3040 utroque
1409 3002 1485 3033 libro
1508 3011 1562 3032 ms.

114 3042 212 3079 princ.
952 3044 981 3075 ἴ).
1009 3038 1106 3080 ἄλλος
1130 3047 1253 3085 uterque
1277 3047 1351 3077 tiber
1374 3056 1431 3078 τηε.
