2066 3319
540 177 719 209 PANAan
745 177 828 208 Lm.
847 177 885 207 n.
910 177 1014 208 TOM.
1039 178 1076 207 n.
1103 175 1232 207 ΗΑΕΡ..
1251 175 1371 207 vai.
1644 164 1725 206 407

188 258 371 312 quaedam
398 256 600 306 invenire,
635 270 686 296 ex
719 255 812 296 urbe
846 269 914 295 sua
943 255 1140 307 digressus
1170 255 1215 295 ad
1246 255 1391 308 regiam
1427 254 1646 303 contendit,
1681 268 1724 293 ac

187 339 369 378 quorsum
397 324 570 364 venisset
597 324 775 378 aperiens
807 330 950 363 certam
985 322 1059 362 lilio
1094 323 1197 375 regis
1235 338 1344 376 opem
1379 323 1580 377 promittit.
1645 319 1724 362 Sed

184 406 272 446 spes
308 391 557 446 impostorem
597 390 746 431 l'cl'ellit.
810 390 911 431 Nam
948 406 1032 431 cuni
1073 405 1191 445 aegro
1224 391 1505 430 medicamenta
1537 391 1723 444 quaedam

184 460 445 510 adhibuisset,
480 458 753 514 expectatione
778 473 847 499 sua
872 461 1078 499 frustratus
1101 467 1175 509 est,
1210 459 1307 498 adeo
1334 466 1374 498 ut
1396 459 1496 498 inter
1518 459 1620 499 illius
1643 473 1724 499 ma-

185 542 256 567 nns
287 528 517 567 adolescens
543 534 740 580 postremo
767 527 815 566 sit
842 534 1038 577 mortuus,
1073 542 1147 580 quo
1173 540 1271 566 vana
1302 526 1424 580 ipsius
1456 542 1497 566 ac
1524 527 1723 567 mendacia

186 596 377 650 promissa
409 595 754 635 convincerentur.
820 594 928 635 Haec
959 610 1043 635 cnm
1075 595 1126 634 ita
1159 594 1439 647 contigissent,
1481 594 1587 634 iussu
1619 595 1723 648 regis

183 665 219 703 in
244 664 398 703 vincula
423 662 644 702 coniicitur.
707 661 848 717 Neque
871 662 971 702 enim
1003 661 1207 703 Persarum
1234 676 1348 715 reges
1372 661 1407 702 in
1434 663 1627 716 gravioris
1659 664 1724 703 de-

182 731 261 772 licti
287 746 377 772 reos
402 730 565 771 subinde
591 731 775 786 supplicia
802 733 1037 782 decernunt,
1071 731 1138 771 sed
1164 730 1411 784 exquisitiori
1434 731 1594 784 quodam
1622 745 1725 771 mor-

182 800 230 841 tis
254 799 478 852 excogitato
514 813 659 853 genere
689 799 891 839 tormentis
925 799 1031 853 prius
1064 799 1150 838 illos
1177 812 1220 838 ac
1246 798 1463 852 quaestioni
1496 798 1719 838 subiiciunt.

181 867 255 909 Hic
285 868 404 921 igitur
436 867 586 906 illorum
622 882 703 907 mos
733 874 807 906 cst.

293 1002 528 1053 AtManes,
564 1003 648 1044 sive
672 1000 890 1054 Cubricus,
925 1002 1079 1043 interim
1105 1002 1143 1042 in
1172 1016 1332 1043 carcere
1365 1002 1624 1053 detinebatur,
1659 1003 1722 1044 ubi

178 1073 282 1113 illum
318 1072 494 1126 discipuli
527 1071 610 1111 eius
643 1071 851 1111 identidem
890 1070 1126 1111 invisebant.
1189 1069 1270 1111 lam
1304 1071 1406 1111 enim
1435 1086 1566 1121 suam,
1602 1079 1642 1111 ut
1672 1072 1724 1112 ita

178 1141 316 1191 dicam,
353 1155 506 1181 manum
534 1139 743 1179 circulator
766 1139 839 1179 iste
865 1138 1092 1193 collegerat,
1127 1154 1223 1193 quos
1246 1140 1453 1194 discipulos
1481 1140 1721 1191 nominabat,

178 1211 273 1249 duos
299 1223 344 1249 ae
367 1208 518 1262 viginti.
569 1206 744 1260 Quorum
769 1221 789 1247 e
815 1221 977 1247 numero
1001 1215 1079 1248 tres
1106 1208 1239 1262 elegit,
1267 1207 1477 1260 Thomam,
1513 1208 1722 1250 Hermeam

178 1285 216 1318 et
239 1278 405 1317 Addam.
470 1276 529 1316 Ae
563 1290 648 1316 cnm
677 1276 807 1315 animo
834 1283 1030 1331 repeteret
1064 1290 1161 1330 quae
1189 1277 1234 1317 de
1261 1277 1383 1317 sacris
1408 1274 1723 1318 Christianorum

178 1345 284 1385 libris
309 1345 504 1395 audierat,
541 1344 601 1398 qui
626 1343 664 1383 in
690 1342 835 1383 Iudaea
862 1351 1018 1398 totoque
1046 1352 1237 1385 terrarum
1271 1346 1365 1385 orbe
1391 1345 1722 1386 circumfereban-

178 1421 260 1464 tur,
301 1413 372 1453 hoc
407 1421 464 1453 est
497 1413 607 1466 lege,
643 1412 864 1466 prophetis,
900 1413 1138 1467 evangeliis,
1172 1415 1514 1468 apostolorumque
1545 1414 1718 1469 scriptis,

179 1490 379 1522 numerata
403 1481 565 1536 pecunia
593 1479 906 1535 Hierosolymam
932 1481 1018 1521 illos
1043 1482 1198 1535 allegat.
1262 1481 1340 1523 Sed
1365 1482 1437 1522 hoe
1460 1489 1550 1522 ante
1575 1484 1722 1523 fecerat

178 1565 287 1605 quam
319 1550 355 1590 in
388 1563 585 1590 carcerem
616 1549 893 1599 coniiceretur,
930 1550 1082 1603 quando
1117 1550 1214 1605 apud
1248 1551 1390 1591 multos
1420 1550 1539 1591 verba
1574 1550 1720 1591 faciens

177 1620 314 1673 dogma
337 1633 447 1658 suum
474 1617 639 1672 probare
664 1631 740 1657 non
765 1624 932 1671 poterat.
998 1616 1259 1671 Quamobrem
1286 1619 1416 1659 andito
1446 1616 1593 1659 Christi
1619 1619 1721 1659 eius-

178 1701 250 1742 que
274 1700 494 1736 servorum,
533 1685 603 1725 lioc
629 1693 689 1725 est
714 1683 1028 1726 Christianorum
1057 1687 1226 1737 nomine,
1263 1687 1334 1727 hac
1356 1688 1437 1742 ipsa
1462 1688 1720 1743 professionis

176 1755 287 1795 huius
315 1754 570 1809 appellatione
599 1754 644 1793 ad
670 1754 885 1794 illudendos
910 1754 1085 1795 homines
1106 1755 1210 1795 abuti
1241 1756 1389 1797 statuit.
1451 1755 1624 1797 Profecti
1649 1757 1719 1797 ita-

176 1838 248 1878 que
276 1822 450 1877 discipuli
472 1822 591 1862 libros
617 1822 689 1861 illis
715 1822 819 1862 nulla
845 1823 1073 1877 interposita
1097 1838 1204 1864 mora
1228 1831 1425 1865 coemunt.
1489 1824 1641 1867 Deinde
1673 1827 1718 1867 ad

174 1892 400 1946 magistrum
434 1891 584 1931 reversi
621 1890 693 1930 iam
731 1904 815 1930 eum
851 1890 1029 1931 libertate
1066 1892 1254 1946 privatum
1292 1901 1408 1947 atque
1444 1892 1483 1933 in
1521 1908 1718 1935 carcerem

175 1967 413 2016 compactum
441 1958 654 2014 reperiunt.
720 1958 809 2011 Quo
836 1959 881 1999 ad
912 1959 1014 1999 illum
1040 1960 1206 2014 ingressi
1234 1960 1354 2002 libros
1376 1962 1559 2002 offerunt.
1623 1962 1719 2017 Qui-

174 2030 244 2071 bus
269 2029 438 2083 aeceptis
464 2042 507 2067 ac
528 2027 736 2080 diligenter
757 2027 924 2067 evolutis
948 2028 1045 2068 mala
1069 2029 1140 2069 fide
1164 2029 1346 2085 pleraque
1371 2031 1615 2085 depravavit,
1650 2046 1718 2072 ve-

173 2098 278 2139 ritati
305 2097 547 2138 mendacium
574 2110 684 2135 suum
713 2096 937 2148 admiscuit,
973 2096 1203 2152 ubicumque
1228 2098 1398 2153 speciem
1432 2099 1599 2154 aliquam
1631 2114 1717 2141 ora-

175 2167 292 2207 tionis
317 2165 615 2221 appellationem
643 2171 781 2204 naetus
806 2172 886 2215 est,
921 2179 1019 2219 quae
1045 2166 1218 2206 nonnihil
1251 2167 1444 2222 opinionis
1471 2183 1565 2208 suae
1592 2169 1716 2209 simile

175 2249 266 2291 prae
303 2249 345 2275 se
378 2236 522 2284 [θη-εις
566 2233 665 2273 unde
693 2240 730 2272 et
763 2233 964 2274 confictam
999 2234 1180 2289 deinceps
1211 2249 1232 2275 a
1259 2250 1302 2276 se
1332 2237 1497 2277 fabulam
1526 2237 1716 2277 affirmare

174 2310 336 2345 conatus
358 2310 432 2343 est.
483 2300 643 2342 Interim
666 2302 814 2355 ingenti
839 2302 1089 2356 pecuniarum
1113 2303 1151 2344 vi
1174 2304 1418 2359 assiduisque
1441 2305 1620 2360 precibus
1645 2319 1715 2346 ex-

175 2380 285 2414 orato
311 2370 655 2412 commentariensi
681 2371 807 2424 l'ugam
833 2370 990 2425 arripit,
1026 2385 1070 2412 ac
1094 2373 1231 2414 relicta
1255 2371 1417 2414 Perside
1446 2373 1714 2415 Romanorum

174 2442 269 2482 fines
297 2440 527 2495 ingreditur.
593 2436 770 2493 Cumque
799 2439 872 2478 iam
906 2441 951 2479 ad
975 2438 1285 2496 Mesopotamiae
1310 2441 1561 2496 Persidisque
1596 2444 1715 2484 confi-

173 2510 235 2550 nia
262 2524 307 2550 ac
331 2509 601 2557 solitudinem,
638 2521 735 2561 quae
758 2507 835 2547 illic
859 2515 941 2559 est,
977 2511 1245 2564 pervenisset,
1280 2511 1495 2551 nuntiatum
1520 2518 1579 2552 est
1603 2526 1714 2567 prae-

173 2578 454 2619 stantissimum
491 2577 680 2631 quendam
717 2589 805 2616 esse
830 2577 978 2627 virum,
1013 2585 1128 2633 atque
1156 2579 1365 2620 excellenti
1390 2580 1532 2634 pietate
1561 2581 1713 2635 praedi-

173 2654 275 2699 tum,
308 2645 539 2687 Marcellum
567 2644 747 2696 nomine,
782 2645 843 2700 qui
868 2643 1116 2699 Cascharae,
1151 2650 1249 2702 quod
1271 2647 1581 2703 Mesopotamiae
1606 2650 1713 2705 oppi-

171 2821 367 2860 inquirendos
385 2828 489 2851 sacros
502 2820 594 2849 libros
614 2819 732 2849 misisse
751 2822 917 2859 antequam
967 2818 1061 2862 ‹xagni
1086 2820 1192 2851 Praes.
1226 2819 1268 2851 ad
1294 2819 1427 2851 Collect.
1451 2820 1599 2854 Monam.
1620 2822 1709 2855 vett.

173 2867 204 2896 in
221 2875 374 2897 carcerem
395 2865 585 2899 truderetur,·
610 2873 684 2894 nam
706 2865 738 2895 in
757 2874 830 2896 mox
850 2866 919 2895 lau·
966 2864 1055 2896 Errl.
1081 2865 1137 2896 Gr.
1163 2877 1194 2908 p.
1219 2866 1313 2907 ΧΙΙ.)

173 2911 246 2941 dato
281 2911 421 2942 Archelai
459 2911 676 2948 disputationis
710 2911 773 2941 loco
808 2911 918 2941 diserte
1010 2910 1040 2942 Q,
1066 2912 1112 2943 lta
1134 2913 1199 2943 cod.
1223 2912 1351 2952 Rhediy.
1378 2915 1404 2944 et
1427 2913 1472 2944 ed.
1497 2914 1606 2946 Pelav.
1656 2915 1709 2957 [30-

173 2956 295 2995 dicitur,
328 2957 362 2987 id
391 2966 410 2986 a
433 2957 552 2986 Manere
583 2956 700 2994 factum
733 2956 826 2995 fuisse
858 2965 918 2995 quo
967 2953 1141 2998 σκήματος
1163 2958 1272 2988 habene
1297 2959 1363 2989 cod.
1387 2959 1447 2990 Ien.
1471 2962 1498 2990 et
1517 2960 1564 2990 ed.
1586 2961 1685 2999 princ.

175 3004 305 3040 tempore
335 3004 367 3033 in
399 3009 518 3033 carcere
553 3001 777 3033 detinebatur.“
837 3002 917 3037 (Za-
1009 3002 1039 3035 ὃ.
1066 3003 1213 3043 Suspicor
1234 3003 1282 3046 τῷ
1309 3001 1362 3036 ἐπὶ
1384 3003 1441 3037 τοῦ
1465 3003 1706 3048 δεσμωτηρίου.

1753 1004 1830 1047 Cap.
1853 1006 1894 1038 V.
