2030 3324
469 200 651 233 PANARu
676 201 759 233 Lm.
781 202 820 234 u.
845 202 953 234 ΤοΜ.
974 203 1013 234 n.
1037 202 1170 234 men.
1191 202 1318 234 inx.
1592 195 1673 235 669

127 295 173 322 ac
197 280 374 321 veritatis
403 293 522 320 voces
547 280 650 334 ipsas
683 294 704 320 a
728 281 859 321 divino
885 282 1005 322 verbo
1033 282 1302 337 pronuntiatas
1329 281 1547 336 rationique
1582 296 1674 322 con-

126 355 336 389 sentaneas
369 347 618 402 relinquere?

238 414 414 470 Pergnnt
436 416 473 455 in
496 416 732 470 nuncupandis
755 417 933 468 vocibus,
968 430 1066 470 quae
1092 424 1198 457 recte
1224 432 1267 457 ac
1292 419 1491 472 praeclare
1516 419 1552 458 in
1578 433 1672 458 uno-
1701 430 1778 473 Cap.
1800 430 1835 461 L.

126 497 277 538 quoque
306 483 521 536 scripturae
558 483 655 523 libro
691 492 902 538 conceptae
935 491 1041 524 sunt.
1108 483 1148 524 ln
1177 499 1252 538 quo
1285 486 1429 539 piratas
1456 486 1670 536 imitantur,

125 551 188 605 qui
221 565 315 592 sana
352 565 516 605 corpora
551 552 741 592 mutilant.
808 550 863 592 lta
897 552 950 592 illi
986 552 1209 592 testimonio
1246 553 1409 606 quodam
1443 553 1671 604 abutuntur,

124 633 170 659 ac
196 618 378 673 loquendi
406 620 712 669 consuetudine,
757 634 868 674 quam
896 619 1043 674 tropice
1073 620 1229 674 saepius
1261 634 1449 675 usurpare
1483 622 1674 676 scriptura

123 687 345 727 consuevit.
399 685 450 727 Et
477 688 629 741 quidem
651 688 751 741 quod
775 688 819 727 ad
848 701 934 727 eum
958 687 1110 728 modum
1138 688 1284 742 tropice
1313 688 1454 728 dictum
1479 697 1554 740 est,
1590 697 1672 730 tan-

123 768 237 809 quam
264 768 358 795 vere
392 756 625 810 proprieque
656 755 797 795 dictum
827 756 968 795 alserre
1002 755 1144 796 solent.
1210 754 1324 808 Quod
1349 763 1476 796 autem
1507 772 1602 797 vere
1634 765 1672 798 et

121 822 352 877 simpliciter
376 824 668 878 pronuntiatum
691 829 773 873 est,
810 823 921 863 aliam
948 824 992 863 ad
1017 837 1224 877 personam
1251 837 1320 877 per
1342 824 1567 878 allegoriam
1596 833 1672 866 tra—

122 890 233 931 hunt.
298 890 372 931 Hic
394 891 495 931 enim
522 897 732 931 accurrunt
754 890 901 941 statim,
936 898 974 930 et
1002 905 1052 931 ex
1078 890 1196 932 Esaia
1221 892 1455 932 sententiam
1483 893 1671 933 eiusmodi

123 959 344 1013 pr,oseruut
375 959 413 998 in
437 974 510 1013 qna
536 959 593 999 sic
617 965 726 1012 pwttci
748 958 911 1012 loquens
934 959 1217 999 introducitur.
1251 963 1351 999 Eece
1374 964 1517 1012 ι’)ιΙεΙΙι3
1500 970 1562 1000 ⁰·ec
1577 976 1673 1013 puer
1691 971 1760 1000 lsai.
1781 972 1832 1009 42
1853 973 1879 1000 1.

122 1041 224 1066 meus
255 1029 436 1074 delectus,
487 1030 524 1065 e'n
555 1041 627 1078 quo
658 1029 752 1065 ηιιἸιι
773 1029 925 1078 placui,
975 1041 1080 1079 quem
1111 1029 1241 1079 dmg-et
1268 1043 1392 1068 (neema
1424 1044 1527 1077 mea,
1574 1043 1672 1082 quae

122 1094 274 1148 quidem
307 1108 356 1135 ex
394 1094 514 1148 patris
546 1107 714 1147 persona
737 1094 938 1145 dicuntur3
983 1108 1055 1134 nec
1090 1095 1136 1135 de
1172 1109 1217 1135 ea
1245 1109 1286 1136 re
1311 1096 1560 1137 dubitandum
1595 1105 1670 1138 est.

123 1160 225 1215 Quid
253 1163 397 1218 igitur?
447 1160 552 1202 Num
580 1162 696 1202 etiam
730 1169 842 1217 pater
873 1163 1040 1203 animam
1074 1162 1262 1217 suscepit.
1326 1163 1672 1219 Respondentibus

121 1231 259 1282 nobis,
291 1229 457 1270 Minime
485 1230 520 1270 id
546 1230 723 1284 quidem,
760 1229 908 1284 Ecquid
937 1230 1080 1284 igitur,
1116 1231 1317 1285 inquiunt,
1352 1233 1453 1273 aliud
1480 1241 1562 1283 est,
1597 1234 1673 1274 nisi

121 1299 222 1353 quod
261 1299 410 1354 tropice
446 1298 518 1338 ista
545 1298 754 1338 dicuntur?
814 1297 984 1340 Perinde
1021 1299 1152 1353 itaque
1186 1307 1225 1340 et
1250 1314 1270 1339 a
1297 1300 1372 1341 lilio
1409 1302 1554 1357 tropice
1584 1310 1675 1342 sunt

120 1366 187 1406 illa
215 1367 332 1407 dicta.
398 1364 454 1407 Ita
478 1380 530 1407 ex
556 1366 668 1407 huius
695 1366 903 1407 occasione
937 1366 1011 1407 loci
1034 1382 1212 1422 magnum
1239 1382 1283 1409 se
1308 1377 1442 1410 contra
1464 1372 1670 1411 veritatem

120 1442 393 1490 argumentum
420 1442 557 1476 nactos
580 1435 842 1486 arbitrantur;
889 1436 990 1489 quod
1023 1436 1115 1490 ipsis
1146 1443 1273 1477 tamen
1299 1452 1541 1492 nequaquam
1567 1438 1672 1478 dabi-

121 1517 222 1544 mus.
287 1501 440 1558 Quippe
469 1503 616 1544 veritas
655 1503 729 1543 fuci
762 1518 805 1543 ac
846 1503 1027 1544 lenocinii
1065 1505 1190 1545 omnis
1224 1518 1369 1560 expers
1404 1519 1472 1560 per
1505 1506 1674 1561 seipsam

119 1577 217 1621 stat,
254 1585 380 1626 neque
414 1578 480 1612 aut
508 1571 686 1626 superari
713 1578 862 1625 potest,
904 1579 968 1612 aut
1004 1573 1240 1627 exquisitum
1269 1574 1459 1628 quendam
1493 1582 1671 1615 ornatum

122 1639 333 1680 desiderat.
380 1638 594 1679 Videamus
618 1654 734 1694 porro
760 1653 857 1694 quae
884 1640 934 1680 sit
955 1640 1156 1681 amborum
1182 1641 1241 1682 vis
1264 1656 1310 1682 ac
1334 1649 1522 1697 potestas.
1568 1642 1672 1683 Nam

121 1707 154 1747 si
180 1714 291 1761 pater
317 1707 362 1747 ad
388 1722 528 1763 corpus
557 1707 827 1758 descenderit,
863 1715 901 1748 et
922 1722 1079 1749 carnem
1105 1709 1296 1760 induerit,
1343 1717 1457 1764 atque
1485 1711 1673 1751 eiusmodi

122 1788 346 1816 sermonem
372 1776 584 1830 usurparit,
608 1789 748 1816 revera
772 1776 887 1816 etiam
911 1777 1076 1817 animam
1102 1777 1249 1818 babuit.
1294 1776 1365 1819 Sin
1389 1792 1546 1819 carnem
1573 1779 1672 1819 haud

122 1844 367 1898 susceperit,
403 1851 441 1883 et
461 1843 710 1884 nihilominus
738 1844 809 1885 boc
840 1845 1009 1895 dixerit,
1044 1849 1185 1885 Anima
1209 1860 1288 1885 mea
1317 1854 1386 1886 ete.
1404 1878 1414 1895 ,
1451 1846 1599 1902 tropice
1627 1847 1672 1887 de

122 1911 195 1951 deo
219 1912 292 1952 ista
319 1911 534 1967 praedicari
560 1912 768 1967 putandum
794 1920 869 1963 est,
904 1920 945 1953 ut
965 1914 1282 1967 germanitatem,
1317 1928 1414 1969 quae
1438 1915 1542 1955 inter
1565 1929 1608 1956 se
1630 1929 1675 1955 ac

123 1979 239 2020 filium
279 1980 572 2032 intercedebat,
616 1995 662 2021 ea
692 1981 845 2022 ratione
881 1982 1067 2023 firmaret.
1130 1982 1192 2023 Ad
1219 1982 1336 2023 lilium
1376 1990 1505 2024 autem
1538 1984 1674 2024 eadem

121 2047 186 2088 illa
209 2048 422 2089 convenire
449 2056 662 2103 nequeunt.
706 2047 859 2104 Quippe
882 2057 992 2105 pater
1013 2049 1168 2091 minime
1193 2065 1350 2092 carnem
1373 2053 1538 2107 accepit,
1559 2066 1673 2106 quam

122 2115 222 2156 filius
244 2116 383 2157 induit.
446 2116 515 2157 llle
544 2132 621 2158 non
649 2125 709 2158 est
736 2119 858 2159 sactus
880 2119 1017 2159 bomo:
1053 2119 1154 2160 lilius
1181 2118 1297 2160 homo
1326 2120 1451 2160 factus
1477 2127 1552 2161 est.
1613 2120 1673 2160 Ac

122 2183 238 2224 simili
267 2185 380 2239 plane
407 2185 558 2226 ratione
583 2186 760 2240 quiddam
797 2186 874 2227 alio
900 2187 986 2227 loco
1016 2187 1113 2242 patri
1145 2187 1341 2229 tribuitur.
1402 2187 1505 2228 Nam
1540 2195 1581 2228 ut
1612 2188 1674 2228 hic

121 2252 175 2292 ita
198 2252 391 2306 loquitur,
427 2256 572 2293 Deleffrtc
602 2257 706 2294 illum
738 2258 861 2294 anima
893 2270 993 2304 mea,
1030 2255 1085 2296 sic
1108 2255 1222 2306 alibi,
1257 2259 1391 2295 Invenz
1407 2258 1668 2308 Davz'dfilmm
1690 2261 1816 2331 ''13¹³ng

121 2323 245 2368 Iesse,
282 2325 401 2360 vitum
431 2326 632 2362 secundum
664 2338 730 2362 (²01
760 2338 900 2363 meum.-
945 2324 1062 2376 item,
1099 2327 1172 2364 C·01
1202 2339 1319 2363 meum
1351 2327 1461 2376 longe
1489 2326 1596 2364 abest
1622 2327 1670 2364 ab
1688 2329 1758 2359 lsai.
1777 2333 1821 2367 ²⁹,
1838 2332 1879 2361 13-

122 2390 214 2428 z'lle's.
264 2387 398 2443 Quare
422 2391 452 2431 si
475 2398 680 2445 propterea
707 2392 806 2446 quod
835 2392 985 2447 tropice
1011 2393 1155 2433 dictum
1182 2399 1265 2443 est,
1302 2396 1412 2443 Quem
1438 2395 1574 2433 di'leoezt
1591 2408 1673 2433 anz—

122 2471 180 2496 ma
203 2472 302 2505 mea,
339 2458 374 2498 id
400 2459 445 2498 de
470 2459 595 2499 anima
624 2473 759 2500 verum
789 2474 877 2501 esse
904 2461 1150 2511 confitemur,
1186 2474 1432 2515 consequens
1458 2469 1518 2502 est
1543 2469 1583 2502 ut
1607 2476 1673 2503 eo-

123 2526 209 2566 dem
239 2526 352 2566 modo
386 2528 484 2580 quod
520 2527 565 2567 de
595 2528 712 2568 corde
749 2528 890 2569 dicitur
918 2529 1066 2584 tropice
1103 2529 1242 2569 dictum
1274 2530 1466 2570 videatur.
1531 2529 1673 2585 Neque

121 2601 251 2649 potest
285 2594 331 2634 ab
363 2594 517 2635 homine
547 2596 736 2650 prudente
765 2611 811 2637 ea
840 2598 885 2638 de
918 2611 960 2638 re
992 2597 1055 2638 vel
1088 2597 1284 2638 levissime
1319 2597 1500 2638 dubitari.
1564 2597 1672 2654 Ergo

122 2663 154 2702 si
179 2663 225 2703 de
251 2663 378 2703 anima
405 2663 550 2717 tropice
574 2671 685 2718 pater
707 2665 899 2719 loquitur,
934 2666 980 2706 de
1001 2666 1141 2716 corde,
1177 2666 1276 2719 quod
1299 2665 1457 2706 minime
1481 2669 1669 2722 suscepit,

124 2745 249 2786 neque
274 2732 376 2772 enim
401 2746 558 2772 earnem
587 2733 819 2787 assumpsit,
855 2747 1019 2774 necesse
1044 2741 1104 2774 est
1130 2733 1318 2774 eiusmodi
1347 2735 1474 2775 omnia
1500 2749 1568 2790 per
1594 2743 1674 2776 tro—

123 2813 211 2854 pum
236 2801 426 2854 quendam
453 2801 499 2841 ad
528 2807 674 2855 patrem
700 2801 1004 2842 accommodari.
1067 2801 1160 2841 Non
1184 2802 1283 2842 idem
1311 2810 1439 2843 tamen
1464 2811 1500 2844 et
1528 2804 1575 2844 de
1598 2805 1673 2845 lilio

123 2868 370 2909 sentiendum
400 2876 481 2918 est,
519 2869 580 2923 qui
607 2869 758 2923 quidem
787 2883 944 2910 carnem
978 2884 1062 2910 cum
1089 2870 1193 2910 omni
1221 2870 1473 2912 humanarum
1506 2872 1673 2927 partium

125 2935 379 2992 dispositione
411 2937 597 2990 suscepit.

213 3013 245 3048 6.
271 3018 413 3049 Fortasse
439 3014 500 3050 οὐκ
527 3015 607 3050 ἔστι.
