2066 3319
227 1289 317 1332 Κεφ.
339 1286 395 1327 ος’.

255 2118 323 2146 pag.
339 2110 397 2137 696.

404 203 484 242 530
968 201 1130 234 SANCTI
1155 201 1380 233 EPIPHANH

406 284 477 325 δύο
502 280 703 334 διαθήκας
725 279 812 328 ἒνὸς
834 280 931 334 λέγει
955 282 1077 328 θεοῦ,
1118 279 1214 330 φησὶ
1240 276 1313 332 γαρ
1338 274 1360 318 ὁ
1383 274 1618 323 ἀπόστολος·
1651 272 1677 326 ἦ
1699 274 1834 328 πρώτη
1865 275 1947 315 δια-

404 349 515 403 θήκη
541 351 584 390 ἐκ
613 352 684 390 τοῦ
706 346 825 402 ὅρους
845 350 947 387 Σινᾶ
969 344 1115 397 ἐδόθη,
1147 347 1201 392 εἰς
1225 346 1403 385 δουλείαν
1423 347 1606 398 γεννῶσα.
1673 339 1725 381 Τὸ
1749 339 1823 395 γαρ
1855 339 1948 395 ὄρος

405 421 506 459 Σινᾶ
541 417 643 457 ε’στιν
679 416 720 456 ἐν
752 419 798 471 τῇ
825 412 1000 468 Ἀραβία.
1062 413 1118 452 Εἰ
1147 411 1221 466 γαρ
1257 410 1328 452 δύο
1365 410 1437 451 εἰσὶ
1474 414 1673 464 γυναῖκες,
1715 405 1808 448 ἄλλα
1844 404 1899 455 εἷς
1927 406 1949 448 ὁ

406 484 529 538 ἀνὴρ,
560 483 663 525 οὕτω
687 483 805 524 εἶκαὶ
827 480 900 523 δύο
925 481 997 521 εἰσὶ
1017 481 1230 532 διαθῆκαι,
1261 476 1354 519 ἄλλα
1382 475 1437 525 εἷς
1456 475 1478 518 ὁ
1498 475 1614 527 θεὸς,
1647 473 1670 517 ό
1689 473 1760 523 τοὶς
1784 473 1858 515 δύο
1880 475 1948 515 θέ-

406 568 533 605 μενος.
594 551 676 591 Καὶ
708 549 773 590 δια
808 553 924 590 τοῦτο
957 545 1005 589 οὔ
1039 545 1112 588 δύο
1144 547 1306 599 κέκληκε
1338 543 1496 595 καινάς,
1539 542 1631 585 οὐδὲ
1662 541 1735 583 δύο
1769 540 1949 591 παλαιὰς,

407 617 500 660 ἄλλα
523 620 614 671 μίαν
635 615 824 667 παλαιοὶν,
855 616 923 657 καὶ
945 617 1038 667 μίαν
1064 613 1212 667 καινήν.
1274 615 1354 653 Καί
1374 626 1492 664 φησι,
1523 609 1712 663 Διαθήκη
1734 609 1775 651 δὲ
1797 609 1863 650 ἐπὶ
1892 624 1951 649 νε-

407 691 520 740 κροῖς
544 687 684 738 βεβαία
708 685 808 734 ἐστὶ,
840 681 900 724 διὸ
927 683 994 723 καὶ
1016 679 1042 734 ἦ
1065 682 1201 736 πρώτη
1222 679 1316 721 ἄνευ
1349 681 1513 731 αἵματος
1537 676 1609 720 οὐκ
1631 678 1798 732 ἐγένετο·
1839 677 1951 728 ἔλαβε

406 752 479 808 γάρ
503 756 686 805 Μωϋσῆς
721 750 764 792 τὸ
803 748 900 803 αἷμα
929 754 1007 790 τῶν
1037 747 1209 804 τράγων,
1251 748 1317 788 καὶ
1340 744 1562 799 έρροὲντισεν
1595 742 1690 785 αὐτό
1725 742 1768 785 τό
1799 744 1952 796 βιβλίον

407 822 475 863 καὶ
497 819 565 861 τόν
592 818 705 861 λαόν·
745 817 810 859 δια
841 822 958 859 τοῦτο
984 817 1051 858 καὶ
1081 813 1106 868 ἦ
1130 816 1289 870 δευτέρα
1319 814 1384 855 ἐπὶ
1405 817 1458 869 τῷ
1481 810 1646 867 θανάτῳ
1678 815 1750 852 τοῦ
1779 814 1954 865 σωτῆρος

407 887 535 940 ἐδόθη
561 885 755 939 διαθήκη·
799 883 918 927 ὁπότε
942 883 1103 937 μάλιστα
1124 885 1166 923 αἱ
1187 881 1406 935 ἀμφότεραι
1433 876 1614 932 οἷλλήλαις
1635 877 1896 936 συνᾴδουσιν,
1926 874 1954 930 ἦ

409 956 480 1009 μὲν
507 956 692 1009 λέγουσα,
737 952 823 994 Οὔκ
845 954 1016 1004 ἐκλείψει
1046 949 1175 1005 ἅρχων
1200 951 1238 999 ἐξ
1259 947 1409 999 Ἰούδα,
1440 945 1533 989 οὐδὲ
1554 946 1772 1002 ἡγούμενος
1805 947 1847 987 ἐκ
1876 949 1954 986 τῶν

408 1022 546 1077 μήρων
568 1020 711 1072 αὐτοῦ,
753 1022 827 1069 ἕως
851 1018 900 1061 ἂν
931 1021 1029 1076 ἔλθῃ
1065 1012 1129 1075 δῷ
1156 1015 1376 1059 ἀπόκειται·
1418 1013 1443 1068 ἡ
1475 1015 1516 1056 δὲ
1551 1015 1711 1070 δευτέρα
1738 1012 1819 1064 ὅτι,
1857 1011 1955 1061 θεός

407 1085 459 1144 ἦν
482 1091 524 1132 ἐν
549 1093 732 1145 Χριστῷ,
759 1087 910 1141 κόσμον
931 1084 1203 1128 καταλλάσσων
1233 1085 1378 1141 ἑαυτῷ,
1410 1081 1462 1136 μὴ
1492 1081 1738 1137 λογιζόμενος
1771 1082 1955 1129 θὲαυτοῖς

408 1157 456 1199 τοὶ
487 1156 798 1212 παραπτώματα.
860 1156 941 1195 Καὶ
971 1152 1095 1195 πολλοὶ
1126 1154 1205 1194 ἔστι
1243 1152 1331 1206 περὶ
1361 1149 1504 1192 τούτου
1534 1150 1676 1204 λέγειν,
1718 1147 1783 1191 διοὶ
1813 1149 1855 1190 δὲ
1884 1146 1954 1201 τὴν

409 1227 623 1278 συντομίαν
649 1222 935 1278 ὑπερβήσομαι.

523 1293 735 1346 Δένδρεσιν
760 1290 801 1331 δὲ
826 1288 1106 1343 έξηραμμένοις
1134 1288 1201 1327 καὶ
1231 1284 1491 1340 γεγηρακόσιν
1522 1282 1720 1334 ἀπεικάζει
1745 1282 1861 1325 πάλιν
1889 1281 1955 1324 νό-

410 1377 484 1413 μον
514 1361 582 1400 καὶ
617 1356 847 1413 προφήτας,
878 1359 1004 1408 δῆθεν
1030 1352 1107 1395 ἀπὸ
1134 1358 1206 1395 τοῦ
1231 1355 1351 1407 ῥητοῦ
1381 1348 1429 1394 οὗ
1452 1354 1623 1408 εἴρηκεν,
1665 1349 1708 1392 ‘O
1739 1350 1862 1405 νόμος
1888 1351 1955 1392 καὶ

412 1430 453 1469 οἵ
476 1431 678 1482 προφῆται
698 1422 988 1473 ἕωςἸωᾶννου.
1032 1423 1112 1462 Καὶ
1135 1419 1250 1462 οὐδὲν
1268 1419 1410 1462 τούτου
1435 1419 1702 1474 ἥλιθιώτερον.
1768 1421 1852 1460 Τίνι
1881 1416 1954 1473 γαρ

410 1493 459 1536 οὐ
487 1494 610 1546 σαφὲς
632 1490 798 1547 ύποίρχει
829 1490 888 1533 ’ὅτι
913 1490 1193 1545 πληρωθέντος
1215 1493 1286 1530 τοῦ
1307 1486 1387 1529 ὖπὸ
1414 1492 1491 1529 τῶν
1512 1491 1731 1542 προφητῶν
1751 1490 1952 1541 καταγγελ-

408 1562 573 1615 λομένου
596 1561 851 1612 ἐτελέσθησαν
882 1559 923 1599 οῖ
939 1561 1162 1612 προφῆται,-
1203 1558 1258 1597 Εἰ
1279 1554 1352 1611 γάρ
1385 1557 1437 1597 ἔτι
1463 1560 1670 1610 προφῆται
1692 1553 1857 1609 ἤρχοντο
1888 1571 1953 1595 κα-

408 1630 676 1684 ταγγέλλοντες
702 1624 875 1682 Χριστὸν
906 1631 917 1653 ¹
933 1624 1141 1679 ἐρχόμενον
1167 1622 1245 1665 οἷπὸ
1267 1626 1451 1678 Μαρίας,
1484 1621 1597 1665 οὔπω
1623 1620 1793 1678 Χριστός
1814 1620 1956 1674 ἐπεδή-

411 1711 542 1749 μησεν.
591 1694 726 1737 ’Έοικε
750 1693 822 1749 γάρ
847 1691 898 1746 2ἦ
926 1691 1119 1740 ὑπόθεσις
1141 1691 1239 1744 αὕτη
1271 1690 1436 1748 τοιούτῳ
1459 1692 1535 1732 τινὶ
1560 1688 1780 1746 πράγματι,
1812 1687 1865 1738 ὥς
1886 1691 1954 1742 βα·

411 1762 536 1812 σιλεῦς
559 1764 706 1816 μέλλων
727 1760 947 1813 ἀποδημεῖν
974 1762 1029 1808 εἰς
1049 1758 1180 1814 χώραν
1199 1760 1424 1814 προπέμπει
1450 1757 1643 1800 3ένώπιον
1665 1755 1788 1799 αὐτοῦ
1810 1758 1954 1809 4έφίπ-

410 1848 532 1882 πους,
562 1826 893 1885 προετοιμαστοὶς,
923 1827 1330 1882 προκαταγγέλτορας,
1361 1827 1428 1868 καὶ
1456 1825 1595 1880 ὅσονῆ
1623 1827 1821 1881 παρουσία
1845 1823 1954 1877 φθά-

411 1915 469 1940 νει
490 1902 562 1940 τοῢ
586 1898 792 1950 βασιλέως,
823 1894 996 1951 τοσούτῳ
1021 1897 1177 1942 πλείους
1200 1897 1241 1936 οἱ
1266 1899 1335 1947 τῆς
1356 1897 1574 1948 παρουσίας
1595 1893 1764 1949 κήρυκες
1785 1897 1956 1947 προλαμ-

412 1964 598 2019 βάνοντες
630 1965 696 2005 καὶ
727 1966 768 2005 ἐν
800 1969 884 2011 ταῖς
906 1961 1041 2004 πόλεσι
1066 1960 1113 2002 τα
1136 1966 1203 2014 τῆς
1238 1965 1458 2017 παρουσίας
1480 1963 1775 2017 διαγγέλλοντες.
1829 1958 1958 2001 Ἐποὶν

411 2033 454 2074 δὲ
482 2031 625 2089 φθάσῃ
656 2029 677 2073 ὁ
707 2029 885 2083 βασιλεύς
908 2031 1093 2078 εἰςελθεῖν
1117 2031 1171 2077 εἰς
1193 2028 1263 2081 τήν
1287 2028 1418 2080 πόλιν,
1449 2032 1506 2078 τίς
1532 2031 1587 2071 ἔτι
1617 2032 1723 2084 χρεία
1745 2026 1954 2083 κηρύκωνς

417 2102 475 2148 τίς
498 2101 553 2141 ἔτι
575 2102 681 2154 χρεία
710 2102 727 2126 ⁵
745 2100 942 2150 ἐφίππων,
977 2096 1000 2149 ἢ
1021 2101 1099 2137 τῶν
1119 2095 1242 2137 ἄλλων
1261 2101 1338 2137 τῶν
1361 2096 1774 2152 προκαταγγελλόντων
1794 2094 1865 2149 τήν
1885 2099 1955 2136 τοῦ

412 2167 601 2220 βασιλέως
633 2168 874 2221 παρουσίαν,
916 2163 1035 2206 ὁπότε
1066 2161 1186 2212 αὐτὸς
1216 2161 1237 2204 ὁ
1268 2163 1448 2216 βασιλεύς
1473 2166 1587 2206 ἔνδον
1610 2163 1794 2219 ὑπάρχει,-
1843 2161 1955 2204 Οὕτω

412 2237 480 2277 καὶ
501 2232 523 2276 ό
545 2233 667 2288 νόμος
690 2234 756 2275 καὶ
782 2234 821 2274 οἱ
839 2236 1041 2287 προφῆται
1062 2230 1171 2286 ἄχρις
1208 2228 1433 2272 6Ἰωάννου.
1490 2230 1673 2274 Ἰωάννου
1697 2233 1738 2273 δὲ
1763 2229 1956 2286 κηρύξαν-

412 2320 480 2352 τος
505 2300 645 2355 φωνήν
669 2302 710 2343 ἐν
732 2305 780 2358 τῇ
805 2299 957 2356 ἐρήμῳ,
999 2300 1064 2340 καὶ
1091 2301 1286 2348 δείξαντος
1316 2298 1374 2340 ὅτι
1407 2294 1522 2348 οὗτός
1557 2301 1658 2340 ἐστιν
1687 2297 1710 2341 ό
1734 2297 1858 2353 οἶμνὸς
1887 2302 1957 2340 τοῦ

412 2375 528 2422 θεοῦ,
560 2367 583 2411 ὁ
605 2370 728 2424 αἴρων
751 2366 821 2420 τὴν
847 2365 1038 2421 ἁμαρτίαν
1064 2371 1133 2408 τοῦ
1156 2365 1320 2419 κόσμου,
1349 2364 1477 2408 οὐκέτι
1499 2371 1716 2421 προφητῶν
1740 2368 1819 2408 ἔστι
1836 2369 1956 2422 χρεία,

417 2437 526 2486 ὅπως
547 2438 692 2479 ἔλθωσι
713 2436 780 2476 καὶ
803 2433 1024 2489 κηρύξωσιν
1042 2432 1135 2486 ἡμῖν
1159 2433 1229 2486 τὴν
1250 2439 1319 2475 τοῦ
1345 2438 1518 2488 Χριστοῦ
1543 2432 1620 2476 οἷπὸ
1648 2435 1853 2489 παρθένου
1882 2451 1955 2475 πα-

416 2507 600 2559 ρουσίαν·
630 2506 737 2558 χρεία
756 2503 797 2544 δὲ
818 2507 894 2544 τῶν
913 2500 1321 2556 προκαταγγείλαντων
1345 2500 1467 2543 αὐτοῦ
1487 2500 1557 2555 τῆν
1585 2505 1826 2557 παρουσίαν,
1857 2499 1957 2556 πρὸς

416 2574 627 2624 βεβαίωσιν
659 2575 728 2624 τῆς
751 2569 872 2611 αὐτοῦ
899 2571 1139 2624 παρουσίας,
1179 2568 1239 2610 ὅτι
1261 2569 1581 2625 προκατήγγελτο.
1638 2567 1706 2618 Ὡς
1736 2568 1810 2624 γάρ
1838 2571 1876 2610 εἷ’
1900 2586 1958 2617 τις

417 2637 670 2694 παιδαγωγὸν
709 2639 786 2691 ἔχοι
826 2635 1022 2692 (καθάπερ
1057 2637 1124 2677 καὶ
1154 2634 1177 2677 ὅ
1207 2635 1424 2686 ἀπόστολος
1446 2638 1545 2692 λέγει
1571 2636 1651 2687 ὅτι,
1693 2635 1957 2691 Παιδαγωγός

416 2704 530 2758 ἡμῶν
554 2707 709 2761 γέγονεν
730 2703 752 2747 ὅ
774 2704 894 2759 νόμος
914 2706 968 2754 εἰς
991 2703 1062 2757 τὴν
1083 2708 1155 2745 τοῦ
1173 2707 1313 2758 κυρίου
1334 2707 1592 2759 παρουσίαν),
1623 2701 1724 2746 {miv
1749 2703 1791 2744 δὲ
1811 2702 1954 2760 φθάσῃ

417 2770 569 2825 ’ἡλικίας
592 2774 798 2829 γενέσθαι,
830 2774 895 2814 καὶ
923 2770 1137 2824 καταλάβοι
1163 2769 1231 2812 τόν
1255 2770 1501 2822 διδάσκαλον,
1532 2769 1580 2813 οὗ
1605 2769 1763 2819 πάντως
1784 2768 1956 2823 οἷποβάλ-

417 2843 521 2881 λεται
552 2839 620 2881 τὸν
650 2839 904 2895 παιδαγωγὸν
937 2838 997 2889 ὦς’
1020 2837 1165 2894 έχθρόν
1187 2836 1434 2894 ὑπάρχοντα,
1475 2837 1578 2880 οὕτω
1599 2838 1667 2880 καὶ
1688 2836 1799 2892 ἡμεῖς
1819 2844 1954 2880 καθω-

462 2941 494 2974 8.
522 2935 552 2985 ᾦ
572 2944 800 2976 rescribendum
818 2944 897 2976 vidit
917 2945 1076 2983 petavius,
1097 2952 1167 2975 cum
1256 2940 1288 2974 9.
1314 2943 1360 2973 lta
1384 2943 1454 2973 libri
1478 2951 1589 2974 omnes.

416 2987 509 3027 vulgo
532 2990 650 3018 extaret
668 2983 697 3022 ὃ.
1256 2986 1332 3018 CAP.
1353 2987 1510 3019 LXXVI.
1529 3004 1571 3010 —
1613 2985 1643 3018 1.
1669 2984 1846 3030 ἐρχόμενον
1871 2988 1955 3019 abest
