2066 3319
462 180 640 212 PANARn
664 180 748 211 [ΑΒ.
764 180 805 211 11.
831 180 937 212 TOM.
957 181 981 211 1.
1009 179 1248 212 HAER.LX1.
1542 170 1616 209 201

91 269 148 302 sto
173 263 266 300 enim
292 262 491 299 manducat
509 267 547 298 et
568 261 670 298 bibit.
738 257 870 299 Iamne
891 259 998 299 vides
1025 260 1187 300 eandem
1209 259 1246 298 in
1270 257 1436 299 ecelesia
1461 271 1623 297 6011601·-

91 329 188 369 diam
214 328 452 381 eandemque
482 340 587 382 spem
621 342 664 367 ac
699 328 808 367 {idem
839 342 934 381 quae
959 329 1164 382 unicuique
1189 327 1398 367 secundum
1431 325 1623 381 propriam

93 397 168 438 vim
193 395 467 451 propriumque
493 395 636 435 laboris
662 403 858 436 certamen
887 397 1107 450 gratificare
1139 396 1293 435 studet?
1352 394 1506 434 Etenim
1535 408 1623 434 san-

92 471 151 505 cta
178 465 237 504 dei
264 463 429 504 ecclesia
458 464 546 503 navi
576 464 724 504 cuidam
750 464 886 504 similis
916 471 990 504 est.
1052 462 1179 503 Navis
1206 477 1321 517 porro
1345 477 1419 502 non
1447 470 1485 502 et
1513 462 1624 502 unica

90 532 240 583 tabula,
274 533 340 572 sed
371 546 420 571 ex
447 531 612 571 diversis
637 539 945 586 coagmentatur.
1010 531 1138 571 Habet
1163 531 1263 570 enim
1294 544 1345 570 ex
1372 545 1447 570 11110
1474 531 1623 584 quidem

90 600 195 655 ligno
218 600 414 650 carinam,
449 600 514 640 sed
546 614 622 640 non
652 615 727 640 uno
752 614 796 640 ac
820 600 981 653 simplici
1011 599 1148 638 modo:
1183 598 1376 638 anchorae
1403 599 1539 639 deinde
1571 599 1624 639 al-

90 667 211 709 terius
235 668 391 722 generis
418 674 529 719 sunt,
564 675 640 708 tum
668 667 908 723 peritonaea,
945 667 1136 716 tabulata,
1170 665 1378 706 statumina
1404 680 1447 706 ac
1472 668 1620 721 puppis,

90 737 252 777 laterum
289 743 624 791 transtrorumque
657 744 809 792 partes,
843 736 953 785 vela,
989 742 1188 784 1611101163,
1222 733 1458 788 phalangas,
1492 750 1625 775 manu-

92 804 202 856 bria,
234 804 366 845 clavos
393 819 437 845 ac
464 805 612 859 reliqua
645 805 772 845 omnia
804 805 913 844 vario
939 817 990 843 ex
1021 802 1209 842 materiae
1241 815 1386 855 genere
1419 817 1624 856 coagmen-

90 880 236 914 tantur.
297 872 353 913 At
382 887 636 927 unaquaeque
658 873 819 914 istarum
849 872 1065 912 haereseon
1087 870 1202 911 unico
1227 870 1332 922 ligno
1354 878 1538 911 constans
1563 885 1625 911 cc-

92 941 236 982 clesiae
259 948 389 981 notam
417 956 461 982 ac
489 941 752 981 characterem
776 954 867 995 prae
890 954 932 980 se
957 954 1034 980 non
1057 939 1186 979 habet.
1241 935 1391 978 Contra
1417 938 1477 978 dei
1502 939 1626 979 eccle-

89 1010 146 1051 sia
168 1009 352 1050 honestas
376 1009 528 1065 nuptias
551 1009 738 1060 admittit,
774 1023 817 1048 ac
839 1008 1093 1048 veneratione
1119 1006 1380 1062 prosequitur.
1443 1010 1627 1047 Honestae
1646 1014 1736 1043 nens.
1753 1018 1791 1047 13.
1809 1019 1828 1044 1.

89 1082 183 1119 enim
209 1082 360 1131 nuptiae
381 1086 488 1126 sunt,
523 1086 561 1117 et
586 1086 690 1117 toras
714 1079 987 1116 immaculatas.
1052 1075 1181 1116 Habet
1202 1082 1238 1115 et
1262 1075 1554 1126 continentiam,
1590 1083 1627 1116 et

89 1147 240 1202 quidem
281 1147 543 1201 singularem,
592 1160 752 1200 eamque
795 1145 1062 1195 commendat,
1116 1151 1246 1199 utpote
1288 1157 1386 1197 qnae
1431 1151 1626 1184 certamen

90 1217 279 1271 quoddam
315 1215 498 1270 suscipit,
540 1214 734 1269 vitamque
767 1214 887 1269 ipsam
920 1213 1028 1268 quasi
1065 1211 1260 1267 potentior
1290 1212 1468 1266 despicit.
1539 1211 1627 1253 Nec

90 1285 216 1325 minus
240 1284 502 1338 virginitatem
533 1283 670 1333 habet,
706 1296 866 1337 eamque
891 1295 1126 1336 magnopere
1150 1280 1368 1335 praedicat,
1404 1282 1511 1335 quasi
1543 1296 1628 1321 cum

88 1353 233 1393 virtute
257 1352 525 1402 coniunctam,
560 1351 834 1405 levissimaque
865 1364 991 1405 penna
1024 1350 1251 1405 praeditam.
1313 1347 1401 1390 Nec
1428 1349 1462 1389 ei
1491 1350 1630 1391 desunt

93 1422 190 1462 certi
212 1420 404 1472 homines,
440 1420 502 1475 qui
526 1421 665 1461 mundo
689 1418 985 1468 renuntiarunt,
1021 1432 1092 1458 1166
1117 1418 1305 1458 adversus
1327 1431 1394 1457 eos
1420 1418 1482 1472 qui
1507 1419 1629 1459 adhuc

90 1490 129 1530 in
152 1489 293 1530 mundo
319 1497 526 1529 versantur
547 1495 777 1542 arroganter
797 1487 1054 1536 insolescunt,
1089 1487 1155 1526 sed
1181 1485 1228 1526 iis
1254 1486 1347 1540 ipsis
1370 1486 1626 1527 delectantur.

92 1557 240 1612 Quales
277 1557 364 1597 olim
397 1558 559 1612 apostoli
595 1558 772 1607 fuerunt,
817 1556 987 1596 omnium
1025 1554 1175 1594 scilicet
1211 1568 1340 1594 rerum
1379 1556 1629 1609 possessione

92 1627 219 1666 vacui.
283 1623 365 1665 Imo
393 1633 431 1665 et
462 1626 634 1665 salvator
664 1625 745 1679 ipse
779 1623 954 1663 domiuus
988 1623 1181 1672 omnium,
1223 1636 1306 1662 cum
1339 1622 1379 1662 111
1411 1623 1480 1663 hac
1512 1637 1629 1663 carne

92 1694 268 1745 viveret,
304 1694 395 1734 1111111
423 1708 472 1734 ex
502 1694 607 1734 111366
639 1692 806 1733 terrenis
833 1692 948 1732 rebus
978 1692 1177 1746 possidere
1203 1691 1339 1731 voluit.
1401 1689 1542 1745 Neque
1575 1699 1630 1732 ta-

91 1776 180 1803 men
202 1761 347 1802 idcirco
374 1762 557 1802 mulieres
580 1762 666 1802 illas
688 1762 851 1801 16116616
874 1760 1018 1810 voluit,
1053 1773 1150 1813 quae
1174 1759 1245 1799 sibi
1270 1774 1313 1800 ac
1340 1759 1421 1800 suis
1445 1760 1630 1814 apostolis

93 1831 374 1872 ministrarent.
438 1829 494 1871 lta
527 1830 627 1871 enim
661 1830 846 1884 scriptum
875 1836 956 1869 est:
1001 1832 1102 1879 Quae
1125 1830 1269 1880 quidem
1302 1835 1450 1866 secutae
1468 1829 1632 1881 fuerant
1649 1836 1720 1866 Luc.
1740 1841 1766 1873 e,
1781 1842 1805 1869 3,

93 1901 198 1939 illum
219 1914 242 1938 a
266 1902 454 1948 Galilaea,
489 1902 743 1938 ministrantes
764 1901 839 1950 Ipsi
857 1906 892 1937 et
914 1900 960 1936 iis
982 1900 1148 1950 quicum
1172 1911 1212 1935 eo
1237 1904 1366 1944 erant,
1401 1899 1446 1935 de
1464 1901 1544 1936 suis
1560 1900 1630 1951 saw

91 1969 306 2008 cultatz'bzcs.

207 2033 320 2089 Quod
347 2036 419 2076 nisi
449 2036 502 2076 ita
526 2050 569 2076 se
595 2049 657 2076 res
682 2035 861 2085 haberet,
897 2034 957 2088 qui
987 2035 1139 2074 tandem
1169 2033 1320 2088 impleri
1346 2040 1479 2088 posset
1509 2034 1624 2075 illud:
1652 2033 1730 2078 Cap·
1754 2038 1805 2069 IV-

95 2108 221 2145 Venite
240 2108 290 2144 ad
311 2108 501 2144 dexteram
524 2120 637 2144 meam
660 2106 852 2151 benedieti,
887 2104 1020 2156 quibus
1036 2110 1148 2155 pater
1169 2117 1270 2141 meus
1291 2104 1460 2141 coelestes
1478 2108 1633 2155 paravit
1647 2101 1759 2171 {2⁷³3ss-

92 2189 247 2227 regnum
271 2189 293 2213 a
316 2177 579 2213 constitutione
604 2176 743 2213 mnndi.
811 2175 964 2212 Esarz'vi
982 2175 1098 2219 enim,
1133 2179 1170 2210 et
1189 2174 1342 2210 dedistis
1366 2174 1460 2210 milei
1477 2175 1629 2211 mcmdu-

92 2259 200 2292 care,
234 2246 358 2290 sitim‘,
397 2251 435 2281 et
457 2245 610 2282 dedistis
642 2244 736 2281 milei
765 2242 907 2288 bibere,
942 2243 1063 2280 nudas
1085 2242 1176 2292 fui,
1215 2248 1254 2278 et
1282 2243 1525 2291 cooperuistis
1555 2256 1623 2279 me.

94 2310 205 2366 Quae
228 2312 356 2352 omnia
380 2312 572 2366 quomodo
597 2312 725 2351 facere
752 2310 903 2350 tandem
931 2310 1172 2364 potuissent,
1207 2308 1281 2348 11131
1307 2308 1419 2347 1113113
1444 2322 1494 2349 ex
1523 2309 1628 2349 labo·

92 2381 198 2422 ribus
231 2387 345 2435 atque
376 2395 429 2421 ex
459 2381 620 2434 privatis
646 2378 890 2420 facultatibus
913 2378 998 2418 iure
1022 2377 1255 2432 comparatis
1280 2377 1413 2416 eadem
1435 2377 1498 2417 illa
1520 2392 1630 2432 prae-

93 2450 312 2491 stitissent?
372 2447 485 2502 Quod
518 2448 552 2488 si
581 2448 642 2488 isti
676 2447 738 2502 qui
772 2447 882 2487 bonis
915 2461 957 2487 se
987 2446 1164 2486 omnibus
1195 2445 1373 2485 abdicant
1404 2452 1442 2484 et
1475 2453 1630 2500 aposto-

93 2518 206 2560 licum
231 2518 334 2558 vitae
356 2531 479 2572 genus
504 2517 779 2566 instituerunt,
813 2516 899 2556 aliis
923 2522 1057 2555 essent
1076 2514 1245 2564 admisti,
1280 2527 1354 2553 11011
1378 2513 1502 2553 aliena
1525 2523 1629 2555 esset

93 2587 158 2627 illa
181 2586 336 2627 vivendi
359 2587 474 2636 ratio,
510 2599 634 2640 neque
657 2599 679 2625 a
705 2584 844 2625 divinis
868 2584 1017 2638 legibus
1041 2598 1085 2623 ac
1110 2581 1359 2638 praescriptis
1383 2581 1626 2633 abhorreret,

94 2670 138 2696 ac
163 2656 195 2696 si
223 2655 410 2696 uxoribus
442 2655 602 2709 iusuper
634 2667 724 2709 prae
755 2652 1031 2708 temperantiae
1065 2651 1191 2691 studio
1224 2650 1515 2702 renuntiarent,
1549 2652 1630 2691 lan-

95 2724 218 2764 dabile
246 2730 351 2764 esset
377 2722 593 2763 institutum
626 2722 741 2773 illud,
783 2736 850 2776 pro
883 2736 930 2761 eo
957 2721 1056 2775 quod
1087 2719 1238 2773 nuptias
1271 2718 1426 2759 minime
1461 2720 1630 2760 detesta—

95 2799 244 2833 rentur.
318 2790 395 2833 Sed
431 2806 515 2831 cum
555 2791 602 2831 iis
642 2790 705 2845 qui
742 2790 985 2831 matrimonia
1018 2787 1289 2828 contraxerint
1319 2789 1627 2829 communionem

139 2883 171 2915 Τ.
197 2882 302 2917 ἱστίου
326 2884 392 2915 cod.
413 2884 512 2915 Vener.
933 2880 1009 2910 Cn‘.
1035 2879 1086 2909 lV.
1114 2897 1157 2903 —
1203 2880 1230 2910 1.
1257 2880 1340 2911 Haec
1361 2881 1474 2919 verba,
1499 2890 1577 2920 quae
1599 2883 1631 2912 in

140 2928 172 2960 ὅ.
199 2926 305 2961 ὁλκῶν
330 2930 464 2968 suspicio
490 2931 609 2961 Petacii
633 2930 701 2968 suit.
885 2928 971 2957 libris
984 2926 1074 2963 vulqo
1088 2925 1315 2964 desiderantur,
1339 2927 1514 2957 reducenda
1528 2928 1631 2965 fuisse,

140 2972 172 3004 9.
197 2969 232 3006 οὗ
257 2972 311 3007 τὸν
336 2976 401 3006 cod.
428 2975 528 3005 Venet.
887 2972 965 3001 illud
986 2967 1129 3011 γυμνὸς,
1165 2972 1195 3001 in
1220 2973 1306 3001 tanta
1330 2972 1467 3002 nuditate
1483 2973 1630 3011 positum,

123 3018 171 3050 10.
196 3019 253 3051 τοῦ
278 3019 355 3052 ‘2205
381 3020 447 3051 cod.
472 3022 571 3051 Venet.
888 3018 963 3047 satis
985 3017 1102 3054 probat.
