2056 3298
535 157 714 189 PANAttn
738 157 819 188 1113.
841 159 880 188 n.
907 159 1012 191 Tou.
1034 160 1055 190 1.
1081 159 1212 190 ΗΑΕΒ.
1228 159 1380 191 xnvnt.
1672 151 1718 189 21

193 249 265 290 que
293 235 466 275 cernitur
496 249 606 288 quam
640 249 737 289 qnae
766 235 923 290 spiritus
954 239 1100 287 saneti,
1136 239 1197 292 qui
1224 253 1291 293 per
1314 238 1520 293 prophetas
1546 237 1634 277 olim
1668 237 1723 276 lo-

193 310 304 343 cutus
335 311 416 353 est,
451 317 634 356 germana
667 304 845 344 videatur
875 318 918 343 ac
951 306 1119 358 propria.

304 369 415 424 Quod
438 372 469 411 si
495 371 647 410 veritati
677 372 915 412 mendacium
939 373 1155 412 admiscere
1183 373 1398 423 volueriut,
1433 382 1467 413 et
1501 381 1719 413 accuratum

191 453 388 480 sacrarum
418 440 615 479 literarum
645 439 887 480 dissimulare
920 454 1100 489 sensum,
1135 454 1178 480 ac
1211 441 1293 479 loca
1328 443 1511 494 (maedam
1545 456 1725 481 accumu-

189 508 269 547 lare
296 508 433 562 quibus
458 521 631 547 errorem
659 522 766 547 suum
792 498 998 561 procudunt
1026 515 1062 547 et
1088 508 1227 547 divinis
1251 509 1417 547 orarulis
1443 524 1552 562 quant
1577 510 1724 549 similli-

189 573 288 616 mum
319 576 480 615 reddant
505 583 592 630 puta
620 577 718 629 quod
745 576 934 631 scriptura
959 576 1125 625 dixerit,
1170 579 1277 614 Me'st‘t
1302 579 1390 613 (leus
1417 576 1615 624 ἔκστασιν,
1647 581 1715 615 hoc

186 652 244 683 est
263 659 450 696 soporem,
486 647 523 683 e'n
542 647 688 691 Adam,
723 653 759 683 el
778 648 951 683 dormiit:
985 644 1111 683 sciant
1137 645 1250 696 longe
1274 643 1386 682 aliam
1410 644 1468 683 liic
1494 658 1580 683 esse
1604 660 1715 699 quam

185 712 222 752 in
249 712 399 752 illorum
429 712 583 765 negotio
607 713 811 752 rationem.
874 710 964 752 Non
991 712 1115 762 etum,
1150 712 1247 765 quod
1273 713 1315 751 ad
1345 713 1439 753 istos
1464 714 1622 757 attinet,
1656 728 1723 752 no-

186 795 274 820 vum
300 781 485 834 quoddam
522 794 661 835 corpus
695 795 713 819 a
745 781 815 819 deo
849 780 1148 833 designabatur,
1184 780 1291 819 cuius
1320 782 1466 833 gratia,
1502 782 1599 834 quod
1635 781 1722 820 olim

186 848 338 888 Adamo
377 849 543 897 fecerat,
588 862 655 902 pro
694 862 761 887 sua
801 848 1040 901 benignitate
1078 855 1272 902 stuporem
1315 849 1552 888 immitteret.
1622 848 1723 888 Nam

186 916 326 956 Adami
357 923 491 970 stupor
516 915 579 955 ille
604 917 727 955 somni
753 917 902 970 quidam
935 922 1068 970 torpor
1091 917 1242 965 extitit,
1279 931 1352 956 non
1382 917 1521 956 mentis
1554 916 1720 956 insania.

187 983 369 1039 Stuporis
393 998 508 1038 porro
533 984 763 1024 vocabulum
789 984 960 1039 pluribus
987 985 1108 1023 modis
1130 985 1305 1038 usurpari
1328 984 1441 1024 solet.
1486 984 1600 1024 Alius
1623 984 1722 1024 enim

184 1060 266 1103 est,
301 1065 412 1106 quem
440 1053 651 1092 vehemens
676 1053 859 1106 quaedam
885 1052 983 1106 parit
1006 1053 1224 1092 admirati0.
1288 1053 1398 1092 Alias
1432 1067 1500 1107 pro
1529 1054 1658 1092 surore
1685 1060 1722 1091 et

183 1120 334 1160 insania
362 1120 549 1171 sumitur,
585 1135 637 1160 ex
663 1134 708 1160 eo
735 1121 834 1174 quod
870 1120 1021 1160 animus
1046 1134 1065 1160 a
1097 1121 1293 1175 proposito
1326 1120 1527 1172 ἐκστῆναι,
1560 1120 1631 1160 ltoc
1664 1130 1724 1159 cst

184 1188 383 1238 aberrare,
417 1188 571 1229 dicitur.
633 1189 688 1228 At
713 1189 774 1229 itte
799 1203 936 1228 somno
962 1195 1098 1243 stupor
1124 1189 1217 1239 alio,
1252 1189 1429 1228 nimirum
1456 1190 1499 1228 ad
1525 1188 1721 1228 naturales

184 1257 423 1307 functiones,
459 1257 688 1297 referendus
726 1264 782 1297 est
820 1258 1047 1312 praesertim
1086 1272 1169 1297 eum
1200 1257 1352 1297 Adamo
1388 1257 1472 1296 viro
1511 1264 1645 1297 sancto
1677 1271 1721 1296 ac

182 1325 241 1366 dei
276 1324 451 1365 manibus
483 1325 671 1380 perpolito
703 1325 912 1365 altissimus
944 1325 994 1366 sit
1025 1326 1087 1366 ille
1119 1333 1255 1381 stupor
1283 1326 1464 1365 iniectus.

293 1390 460 1434 Constat
486 1394 585 1433 enim
617 1408 727 1448 quam
751 1393 888 1434 merito
916 1394 1086 1448 stuporis
1112 1394 1182 1433 ltoc
1213 1408 1352 1433 nomen
1381 1408 1399 1432 a
1426 1394 1616 1449 scriptura
1641 1394 1720 1432 fue-

183 1461 231 1501 rit
264 1469 504 1516 usurpatum.
567 1460 886 1516 Quandoquidem
919 1462 1071 1502 ltomiue
1100 1462 1302 1516 consopito
1337 1476 1475 1502 ‚sensus
1509 1475 1643 1502 omnes
1676 1462 1721 1501 ad

183 1530 350 1584 quietem
375 1543 462 1569 sese
495 1532 746 1570 transferunt.
810 1528 877 1570 Sic
902 1530 1056 1569 videndi
1085 1530 1262 1580 facultas,
1297 1531 1464 1584 exempli
1491 1532 1630 1583 gratia,
1667 1537 1722 1569 ta-

184 1598 293 1638 metsi
320 1611 506 1652 praesens
527 1598 642 1648 adsit,
671 1598 813 1638 clausis
837 1599 958 1638 oculis
982 1599 1072 1638 nihil
1098 1599 1254 1638 omnino
1280 1599 1479 1647 discernit,
1515 1606 1721 1653 propterea

183 1667 282 1720 quod
321 1673 397 1705 tum
436 1666 500 1706 illc
539 1681 612 1720 quo
648 1681 850 1706 movemur
885 1667 1043 1721 spiritus
1080 1668 1164 1706 sive
1203 1666 1327 1705 anima
1367 1667 1591 1720 requiescit.
1655 1665 1721 1707 Sic

185 1734 388 1789 quantavis
419 1734 520 1774 domi
548 1735 757 1789 fragrantia
783 1735 831 1774 sit
858 1742 924 1775 aut
959 1736 1106 1785 foetor,
1148 1734 1238 1774 nihil
1275 1742 1401 1774 tamen
1438 1735 1623 1784 odoratu,
1658 1735 1720 1789 qui

183 1817 278 1842 sanc
303 1816 488 1857 praesens
514 1810 596 1853 est„
633 1803 831 1858 percipere
858 1818 1086 1858 possumus,
1120 1817 1166 1843 eo
1191 1804 1288 1857 quod
1314 1803 1445 1843 sensui
1470 1803 1519 1842 illi
1544 1803 1587 1842 ad
1616 1804 1722 1857 qnie-

184 1878 258 1911 tem
284 1871 499 1926 composito
523 1871 630 1911 velut
657 1872 807 1925 quidam
832 1879 967 1926 torpor
991 1871 1178 1926 obrepsit.
1246 1870 1340 1911 ltetn
1375 1872 1465 1911 licet
1497 1885 1650 1911 amarus
1683 1872 1720 1911 in

183 1953 251 1980 ore
276 1940 327 1979 sit.
349 1953 479 1992 sapor,
513 1947 578 1979 aut
604 1940 745 1990 salsus,
780 1947 843 1980 aut
870 1940 1006 1990 dulcis,
1042 1940 1133 1979 nihil
1155 1948 1310 1993 gustatu
1335 1940 1515 1989 sentitur,
1551 1954 1596 1979 co
1621 1941 1720 1993 qnod

182 2008 356 2062 stupidus
379 2008 437 2048 hic
462 2021 601 2047 sensus
629 2023 674 2047 ac
695 2008 844 2063 sopitus
871 2009 1105 2048 fune-tionem
1130 2010 1269 2049 nullam
1293 2016 1470 2058 exercet,
1506 2008 1719 2048 cuiusmodi

183 2083 381 2131 praestare
405 2076 571 2130 vigilans
596 2076 761 2116 solebat.
824 2075 960 2116 Manet
984 2085 1022 2116 et
1046 2077 1198 2117 auditus
1221 2076 1327 2131 ipse,
1362 2077 1428 2116 sed
1457 2076 1634 2115 audiendi
1662 2083 1721 2116 est

185 2145 346 2185 facultas
370 2145 516 2184 otiosa:
551 2145 648 2184 adeo
675 2152 713 2184 ut
740 2145 964 2199 plerumque
995 2145 1094 2184 domi
1123 2145 1367 2199 loquentibus
1393 2145 1611 2194 nonnullis,
1647 2145 1719 2184 nisi

183 2213 245 2267 qui
280 2213 419 2252 dormit
456 2214 756 2268 expergefaetus
795 2214 929 2263 fuerit,
972 2227 1070 2267 quae
1099 2213 1145 2252 ab
1179 2214 1225 2254 iis
1255 2213 1432 2253 dicuntur
1464 2227 1537 2252 non
1571 2212 1715 2263 audiat,

182 2282 280 2336 quod
316 2281 439 2322 omnis
475 2295 521 2321 eo
554 2289 726 2336 tempore
758 2282 970 2335 intercepta
999 2283 1045 2322 sit
1071 2281 1188 2322 actio.
1252 2280 1455 2321 Postremo
1485 2296 1568 2321 cum
1602 2296 1718 2335 quac-

182 2351 266 2390 dam
303 2363 372 2404 per
403 2364 542 2405 corpus
575 2350 759 2389 oberrent
789 2350 958 2401 bestiae,
1001 2350 1133 2390 harum
1168 2357 1367 2390 contaetus
1399 2349 1553 2389 minime
1586 2357 1663 2390 tum
1696 2364 1717 2390 a

182 2419 292 2459 nobis
317 2419 540 2473 percipitur,
572 2418 642 2458 nisi
668 2419 765 2458 torte
785 2419 1050 2459 vehementius
1071 2419 1315 2474 pupugerint.
1364 2416 1484 2458 Cuius
1508 2432 1551 2457 ea
1579 2433 1718 2459 caussa

183 2494 264 2536 est,
309 2488 407 2541 quod
442 2501 582 2527 sensus
616 2487 737 2526 nostri
777 2488 1008 2528 domicilium
1045 2488 1081 2527 in
1116 2488 1178 2527 illa
1216 2487 1338 2526 somni
1377 2486 1503 2540 quiete
1535 2487 1580 2526 ab
1613 2487 1715 2526 omni

182 2556 334 2596 actione
359 2555 590 2596 cessaverit.
644 2553 755 2607 Quod
784 2555 933 2609 quidem
959 2570 1098 2596 sensus
1122 2556 1433 2605 instrumenttun,
1468 2570 1550 2595 cum
1576 2556 1623 2595 sit
1649 2571 1715 2595 na-

183 2631 266 2664 tura
294 2631 489 2664 terrenum
517 2623 720 2677 animaque
748 2623 994 2664 nihilominus
1022 2625 1228 2664 excellenti
1264 2623 1497 2677 praeditum,
1532 2625 1630 2678 quod
1663 2625 1715 2664 ita

181 2693 276 2733 deus
308 2692 482 2733 utilitatis
507 2700 664 2732 nostrae
689 2706 828 2733 caussa
852 2694 1075 2743 constituit,
1109 2707 1218 2733 suum
1256 2691 1368 2730 habet
1397 2705 1532 2731 somno
1565 2699 1714 2747 tempus

181 2761 427 2810 attributum,
473 2774 539 2814 per
578 2760 676 2815 quod
713 2761 757 2800 ab
786 2762 975 2802 acerrima
1014 2760 1204 2802 sentiendi
1244 2760 1438 2800 sum-tione
1474 2761 1511 2800 in
1546 2761 1712 2814 quictem

225 2852 302 2883 CAp.
321 2852 359 2882 V.
386 2871 428 2876 —
476 2851 504 2884 1.
529 2850 690 2893 κέκληκεν
715 2855 834 2884 correxi
852 2863 921 2884 cum
1014 2854 1045 2883 ¹2.
1080 2849 1234 2893 περιττὴ)
1268 2853 1376 2891 scripsi
1407 2862 1475 2883 cum
1500 2854 1626 2883 Perat-io
1657 2863 1713 2891 pro

180 2900 315 2930 petavio.
372 2899 423 2929 Sic
458 2899 566 2929 iterum
596 2908 664 2937 cup.
687 2897 706 2929 ἰ)
741 2896 839 2938 ,ἐκεῖ
871 2896 920 2938 δὲ,
968 2896 1042 2937 περὶ
1066 2896 1135 2936 τήν,
1161 2898 1242 2936 quod
1263 2899 1329 2928 cod.
1349 2899 1476 2938 thedty.
1501 2902 1527 2929 et
1547 2900 1620 2930 taber
1639 2900 1713 2931 Cor-

179 2942 302 2985 inquit‚
337 2942 574 2984 περιττοτέρως
606 2942 731 2984 έκῑίνην
765 2942 919 2976 ἔκστασιν
966 2945 1048 2974 narii
1071 2944 1226 2982 praebent.

181 2987 376 3030 κέκληκεν(
401 2990 486 3021 Libri
500 2992 611 3021 veteres
627 2990 736 3020 habent
750 2988 922 3032 βέβληκεν.

1748 587 1822 613 Geu.
1841 587 1867 619 2,
1883 586 1924 613 21-

1751 1397 1826 1440 (Ἴτην.
1855 1398 1892 1428 V.
