2066 3319
456 184 633 216 PANAan
659 183 799 216 man.
824 182 931 216 Tomi.
950 185 973 215 1.
1001 184 1131 216 meu.
1150 185 1273 216 inv.
1553 176 1629 216 321

105 270 194 305 test.
258 261 319 304 Ob
342 262 378 303 id
401 270 512 304 acute
536 263 665 304 statIm
690 263 779 303 illud
805 263 967 314 adiecit,
1002 268 1084 316 Ego
1107 267 1272 304 cuneolis
1294 280 1374 303 sum
1396 266 1635 303 venumdatus

101 333 170 372 sub
188 340 362 384 peceato,
398 345 481 371 cum
506 331 542 371 id
568 339 682 372 antea
705 331 890 381 dixisset,
922 335 1004 383 Ego
1029 334 1187 371 vivebam
1213 335 1412 385 aliquando
1434 336 1514 371 siue
1536 334 1629 383 lege.

103 396 211 452 Quae
236 413 320 439 cum
346 399 399 439 illi
425 399 622 451 dicerent,
657 399 828 454 plerique
854 400 890 439 in
919 407 1114 453 stuporem
1148 401 1518 454 admirationemque
1544 414 1636 439 (του-

101 467 368 508 vertebantur.
433 465 512 508 Iam
541 482 636 508 vero
662 475 912 522 posteaquam
939 469 1082 508 veritas
1107 475 1167 508 est
1194 469 1506 508 manifestissime
1532 476 1637 523 pate-

103 536 227 586 facta,
263 550 339 576 non
365 536 478 576 modo
509 536 624 590 longe
651 550 719 577 eos
752 537 980 587 aberrasse,
1015 537 1082 577 sed
1107 544 1145 576 et
1170 550 1355 576 summam
1382 538 1426 576 ad
1462 537 1638 591 blasphe-

101 603 214 644 miam
251 604 479 659 pervenisse
508 611 675 645 constat.
739 603 817 658 Qui
847 620 930 645 cum
963 612 1052 645 ante
1085 611 1329 659 praeceptum
1363 605 1537 659 eorporis
1569 618 1637 644 ex-

101 678 231 726 pertes
250 672 400 713 vixisse
425 673 546 712 velint
568 673 730 723 animas,
766 687 837 713 nec
861 673 936 713 ullo
960 687 1029 727 per
1052 686 1139 713 sese
1161 679 1318 726 peccato
1342 686 1456 726 posse
1479 673 1637 727 corripi,

102 740 214 780 aliam
250 740 432 795 deinceps
462 740 500 780 in
532 741 752 796 opinionem
786 741 930 795 delapsi
959 754 1068 780 suum
1100 741 1191 780 illud
1222 741 1358 794 dogma
1394 741 1456 780 vel
1489 741 1639 795 seipsos

101 808 228 863 potius
253 815 495 849 everterunt.
561 807 739 865 Corpora
763 809 864 849 enim
889 808 1024 848 iisdem
1049 809 1122 848 illis
1149 815 1283 863 postea
1307 808 1413 848 velut
1435 808 1472 848 in
1497 808 1639 862 snppli-

100 877 199 917 eium
225 875 436 928 fabricant,
470 877 570 931 quod
599 885 689 918 ante
714 891 853 932 corpus
883 877 1146 931 peccaverint.
1210 875 1434 930 Quinetiam
1462 878 1638 916 convicia

99 945 174 986 illis
206 952 437 995 occurrunt,
481 952 521 986 ut
551 945 688 986 vinclis
723 960 768 985 ac
802 945 947 1000 pedicis
984 945 1109 985 simile
1141 958 1229 985 esse
1261 959 1402 999 corpus
1433 945 1636 994 affirment,

101 1013 250 1068 aliaque
280 1013 419 1054 stolida
444 1014 478 1054 id
503 1027 626 1068 genus
648 1013 839 1054 effutiant.
903 1014 958 1054 At
982 1027 1078 1054 vero
1102 1014 1232 1068 longe,
1266 1013 1320 1054 uti
1345 1012 1449 1063 dixi,
1485 1020 1640 1053 contra-

99 1083 158 1122 rio
182 1083 295 1122 modo
319 1095 407 1122 sese
432 1096 496 1122 res
520 1082 649 1122 babet.
694 1079 862 1137 Oportet
884 1082 986 1122 enim
1011 1083 1125 1122 etiam
1150 1089 1238 1122 ante
1265 1088 1464 1137 peceatum
1487 1081 1639 1136 corpori

101 1157 320 1191 consertam
357 1150 523 1191 animam
552 1152 688 1191 fuisse.
750 1149 909 1204 Alioqui
936 1165 1021 1190 cum
1049 1151 1175 1190 anima
1203 1150 1308 1191 nullo
1336 1162 1404 1204 per
1434 1164 1522 1190 sese
1554 1164 1642 1205 prc-

101 1226 187 1260 cato
218 1219 315 1260 affici
347 1227 484 1274 queat,
519 1219 622 1260 nullo
657 1226 767 1274 paeto
802 1226 891 1259 ante
922 1233 1062 1273 corpus
1098 1233 1261 1274 peecare
1297 1219 1502 1274 potuisset.
1569 1216 1639 1259 Sin

101 1288 297 1343 peccavit,
342 1288 475 1328 salsum
509 1295 569 1328 est
604 1289 706 1328 nullo
739 1302 821 1328 eam
857 1295 1016 1342 peccato
1053 1302 1122 1343 pet·
1153 1303 1242 1328 sese
1276 1287 1449 1343 potuisse
1481 1287 1639 1341 corripi,

101 1356 270 1411 quinimo
298 1357 409 1397 facile
433 1356 478 1396 ab
506 1370 551 1396 eo
575 1356 703 1397 invadi
728 1356 1022 1411 expugnarique
1049 1356 1186 1411 potuit.
1250 1355 1361 1398 Unde
1391 1363 1430 1396 et
1455 1355 1546 1395 licet
1576 1356 1641 1396 de-

102 1439 178 1464 nuo
203 1439 343 1479 corpus
375 1425 467 1465 illud
496 1439 571 1464 non
597 1424 782 1479 accipiat,
818 1424 994 1479 peccabit
1016 1424 1288 1476 nihilominus,
1323 1425 1639 1479 quemadmodum

102 1500 307 1547 antequam
335 1507 420 1533 cum
444 1493 509 1533 illo
533 1493 837 1547 coniungeretur
861 1492 1078 1533 iamdudum
1107 1494 1269 1533 fecerat.
1326 1491 1522 1546 Quorsum
1546 1506 1640 1532 vero

102 1575 242 1616 corpus
269 1561 425 1601 omnino
453 1569 538 1617 post
569 1562 777 1602 admissum
805 1561 984 1602 delictum
1012 1561 1211 1616 capiebat,
1247 1568 1311 1601 aut
1338 1560 1426 1615 quid
1453 1561 1517 1601 illo
1546 1575 1641 1615 opus

102 1629 293 1670 habebat?
355 1627 398 1671 Si
426 1637 465 1671 ut
492 1629 679 1685 supplicio
705 1644 748 1670 ac
773 1630 906 1670 dolore
927 1630 1161 1678 afficeretur,
1197 1644 1266 1670 cur
1286 1644 1370 1670 cum
1395 1643 1559 1684 corpore
1584 1630 1641 1669 lu-

101 1712 194 1738 xum
220 1698 348 1753 potius
374 1698 609 1752 deliciasque
641 1699 840 1738 sectatur?
900 1697 1065 1738 Arbitrii
1089 1712 1183 1738 vero
1208 1697 1268 1738 sui
1296 1697 1513 1738 libertatem
1547 1711 1640 1751 quo-

104 1766 216 1806 modo
241 1766 412 1807 retinere
435 1767 473 1807 in
497 1767 569 1807 hoc
594 1767 735 1806 mundo
758 1766 936 1806 videtur?
996 1764 1171 1807 Credere
1197 1766 1322 1816 euim,
1357 1773 1423 1806 aut
1454 1780 1529 1805 non
1556 1780 1641 1806 erc-

102 1835 194 1875 dere
218 1835 256 1875 in
284 1842 420 1876 nostra
443 1842 503 1876 est
528 1835 726 1875 voluntate
755 1834 936 1890 positum.
999 1833 1072 1876 Ubi
1099 1842 1226 1875 autem
1251 1843 1455 1888 utrumque
1478 1833 1573 1874 iuris
1596 1848 1641 1874 ac

101 1904 313 1945 voluntatis
337 1911 396 1944 est
420 1911 598 1954 nostrae,
633 1917 877 1957 consequens
898 1910 955 1943 est
980 1910 1021 1943 ut
1042 1911 1079 1943 et
1100 1910 1206 1943 reete
1231 1916 1348 1957 agere
1374 1902 1436 1942 vet
1459 1916 1636 1958 peceare,

101 1972 192 2013 boni
217 1972 359 2026 aliquid
386 1973 515 2012 facere
539 1972 600 2012 vel
625 1972 729 2021 mali,
763 1971 813 2012 sit
837 1972 1044 2025 integrum.
1095 1969 1274 2025 Quonam
1301 1979 1411 2026 paeto
1438 1978 1639 2026 praeterea

101 2041 268 2082 futurum
292 2041 383 2081 illud
405 2040 586 2081 iudicium
612 2040 810 2095 expectari
835 2040 996 2095 amplius
1028 2047 1178 2095 potest,
1211 2054 1286 2094 quo
1315 2040 1352 2080 in
1381 2039 1523 2080 iudicio
1555 2039 1639 2081 uni-

102 2111 240 2165 cuique
269 2110 363 2150 deus
393 2123 461 2164 pro
488 2122 645 2164 operum
672 2108 821 2149 ratione
849 2123 892 2149 ac
917 2109 1131 2149 studiorum
1156 2109 1364 2164 rependet,
1398 2116 1436 2148 et
1465 2123 1540 2149 non
1574 2123 1640 2163 po-

101 2179 176 2219 tius
198 2179 273 2219 iam
300 2178 438 2219 adesse
458 2176 695 2227 censebitur,
730 2177 761 2218 si
784 2177 889 2231 gigni
911 2191 955 2218 ac
980 2176 1109 2218 subire
1133 2177 1168 2217 in
1192 2191 1332 2232 corpus
1355 2177 1517 2217 animam
1539 2176 1638 2217 idom

102 2254 163 2288 est
191 2261 234 2288 ae
264 2246 449 2297 iudicari,
484 2253 521 2286 et
547 2246 770 2286 meritorum
807 2246 979 2301 praemia
1006 2246 1230 2301 percipere,
1264 2246 1386 2286 emori
1414 2252 1549 2285 contra
1581 2252 1637 2286 at-

102 2330 175 2371 que
209 2330 230 2356 a
263 2329 427 2370 corpore
461 2314 612 2369 seiungi
647 2314 741 2355 nihil
775 2321 833 2355 est
866 2315 966 2355 aliud
998 2329 1110 2369 quam
1139 2313 1295 2355 liberari
1326 2329 1370 2354 ac
1402 2314 1635 2364 rel'ocillari3

103 2392 308 2440 propterea
342 2384 441 2438 quod
478 2390 637 2439 peceato
670 2390 758 2423 ante
794 2397 933 2438 corpus
963 2383 1132 2424 admisso
1168 2383 1205 2423 iu
1241 2383 1340 2423 idem
1371 2381 1460 2422 illud
1493 2383 1635 2433 anima,

106 2452 211 2493 velut
234 2453 281 2492 ad
303 2452 528 2507 supplicium
553 2452 749 2503 damnata,
777 2451 1034 2507 compellitur,
1066 2466 1163 2506 quae
1184 2458 1317 2492 vestra
1339 2457 1399 2490 est
1421 2451 1638 2492 sententia?

105 2518 186 2561 lam
219 2521 311 2561 illud
343 2520 438 2561 satis
470 2534 686 2575 superque,
720 2520 827 2560 velut
858 2533 908 2561 ex
937 2520 1169 2571 abundanti,
1204 2520 1381 2560 oratione
1410 2526 1541 2560 nostra
1573 2521 1638 2560 de-

106 2596 361 2630 monstratum
385 2596 467 2641 est,
501 2588 583 2629 fieri
610 2603 685 2629 non
711 2602 825 2643 posse
848 2596 889 2630 ut
915 2603 1055 2645 corpus
1086 2589 1238 2630 animae
1265 2587 1384 2628 veluti
1414 2588 1637 2630 carnificina

105 2671 148 2698 ac
179 2657 372 2699 vinculum
404 2657 607 2698 habeatur,

218 2727 348 2781 Atque
383 2726 473 2766 illud
510 2725 661 2781 quidem
699 2727 874 2768 sufficere
912 2727 1088 2777 videtur,
1130 2726 1228 2779 quod
1264 2738 1316 2765 ex
1353 2725 1474 2766 saeris
1513 2725 1635 2768 literis

108 2795 370 2846 ostendimus,
403 2795 568 2850 primum
603 2801 776 2835 nostrum
804 2802 1026 2850 parentem,
1069 2794 1184 2834 etiam
1219 2800 1308 2834 ante
1342 2794 1543 2845 delictum,
1584 2809 1635 2835 ex

109 2876 271 2917 corpore
293 2863 495 2918 animaque
517 2863 638 2904 fuisse
662 2863 883 2914 conflatum,
913 2871 1025 2917 atque
1046 2862 1096 2902 ita
1118 2862 1334 2916 disputandi
1356 2863 1466 2903 [inem
1488 2864 1632 2903 l'acere.

109 2928 196 2984 Ego
217 2944 310 2972 vero
331 2945 479 2973 summa
502 2946 603 2973 nunc
622 2931 773 2973 illorum
797 2932 922 2987 capita
944 2930 1217 2985 perstringam,
1251 2930 1438 2972 duntaxat
1459 2939 1499 2972 ut
1520 2946 1634 2986 argu-

109 3004 346 3050 mentorum,
381 2999 518 3054 quibus
545 3007 728 3052 utuntur,
762 2999 953 3056 praesidia
979 3013 1022 3039 ae
1048 2999 1286 3040 firmamenta
1315 3000 1551 3052 convellam,
1586 3013 1633 3040 nc

184 3063 299 3100 Corpus
317 3065 494 3094 Haereseol.
513 3065 550 3093 ll.
569 3068 594 3094 2.
1311 3071 1360 3111 21

1662 2731 1740 2776 Cap.
1760 2732 1798 2765 L.
