2066 3319
469 190 652 224 PANARtl
681 190 765 222 ΜΒ.
787 191 827 222 u.
855 190 963 223 ToM.
987 192 1026 222 u.
1054 190 1187 222 HAER.
1212 190 1335 222 var.
1610 180 1691 220 537

150 271 382 314 immortalis
414 270 539 311 obiret
569 277 758 320 mortem,
803 277 842 309 et
871 270 932 324 qui
960 271 1231 326 comprehendi
1258 285 1332 310 non
1367 276 1486 324 potest
1517 282 1692 323 compre-

148 341 262 382 hendi
296 354 338 380 se
367 338 631 394 permitteret,
667 345 704 378 ct
732 338 810 378 vita
837 346 1018 393 suscepta
1052 353 1168 379 carne
1195 346 1409 393 pateretur,
1454 352 1497 377 ac
1530 336 1694 391 denique

148 423 217 464 per
238 415 400 448 mortem
423 420 509 447 eum
532 406 594 461 qui
621 406 732 446 morti
757 406 1028 446 dominabatur
1053 407 1279 461 infringeret
1301 406 1442 461 peccati
1467 420 1549 446 cum
1569 412 1692 445 morte

146 476 359 517 stimulum.
423 474 512 529 Quo
545 482 719 528 tempore
745 474 835 514 illud
861 474 1057 528 impiatum
1083 482 1162 524 est,
1211 476 1281 513 L'bz'
1307 483 1363 513 est
1394 490 1490 513 mors
1514 476 1897 513 stimulus2.‹J0r.15‚55.

148 550 265 585 tems?
296 545 362 582 aba·
381 552 437 582 est
459 544 605 593 inferne
640 546 795 581 protos-m
821 549 914 582 tem?
978 541 1058 583 ttlic
1083 543 1183 583 enim
1212 556 1315 582 mors
1347 549 1403 581 est
1430 556 1568 582 eversa
1603 556 1691 596 pro-

147 612 355 667 fligataque
381 611 560 666 penitus,
595 624 694 664 quae
719 625 803 650 cum
830 625 990 664 regnum
1026 612 1070 651 ad
1099 618 1271 664 tempora
1292 608 1415 649 Mosis
1443 610 1690 660 obtinuisset,

147 681 218 722 sub
248 681 312 720 itto
337 678 507 720 cohibita
531 680 671 719 suerat.
729 677 908 733 Inprimis
932 693 1026 733 ergo
1047 679 1170 718 iustus
1195 677 1291 718 Abel
1319 677 1446 718 extitit
1472 685 1510 717 et
1537 677 1689 729 Enoch,

145 752 213 802 qui
241 751 449 788 translatus
481 756 537 786 est
575 763 621 786 nc
654 750 795 786 videret
826 756 1000 794 mortem,
1044 762 1110 786 tter
1143 750 1311 786 [avemus
1344 754 1410 784 est.
1476 745 1564 786 Nec
1601 747 1687 786 dum
1710 755 1786 782 Gen·
1808 755 1834 788 5,
1854 754 1898 780 ²⁴·

145 817 289 872 scripta
322 817 387 857 lex
420 815 662 871 promulgata
701 816 847 866 suerat,
892 816 959 855 sed
995 815 1181 855 naturalis
1218 814 1478 854 tantummodo
1517 814 1689 868 vigebat,

145 899 245 940 quae
270 885 458 939 cuiusque.
483 884 612 924 animo
637 882 778 933 infixa,
813 897 857 923 ac
881 897 950 938 per
970 883 1128 937 generis
1152 882 1440 923 successionem
1474 897 1494 922 a
1523 883 1693 937 parenti-

146 954 217 994 bus
243 953 279 993 in
307 953 405 993 filios
435 959 646 1007 propagata
673 953 813 991 tuerat.
858 949 1118 1005 Posteaquam
1147 965 1241 991 vero
1262 951 1381 1004 palam
1407 951 1602 1005 proposita
1627 951 1693 990 lex

145 1029 228 1073 est,
267 1020 336 1061 t'uit
363 1021 425 1061 hie
449 1021 555 1061 velut
578 1019 730 1074 quidam
756 1019 931 1073 gladius,
976 1034 1051 1074 quo
1087 1019 1233 1074 peceati
1268 1019 1325 1059 vis
1358 1025 1416 1058 est
1441 1032 1485 1058 ac
1519 1017 1693 1072 potentia

145 1090 285 1131 divisa.
331 1087 409 1130 Sed
434 1089 646 1129 accedente
672 1087 870 1128 salvatore
893 1087 1069 1128 stimulus
1094 1087 1228 1128 mortis
1250 1087 1471 1127 confractus
1499 1093 1573 1126 est.
1621 1086 1693 1125 At-

145 1172 218 1213 que
243 1158 307 1198 illo
329 1157 495 1212 denique
518 1164 690 1212 tempore
719 1171 819 1195 mors
845 1159 881 1195 2'12
905 1159 1096 1195 victoriam
1124 1160 1255 1195 iterum
1283 1156 1556 1194 absorbebitur.
1625 1152 1694 1194 Vi-

145 1228 213 1268 des
235 1226 555 1281 quemadmodum
580 1226 675 1265 deus
699 1224 875 1264 homines
898 1225 940 1264 ad
963 1225 1124 1265 salntem
1155 1225 1271 1265 variis
1297 1224 1420 1264 modis
1446 1223 1691 1278 perduxerit,

145 1303 184 1336 at
212 1296 383 1351 perfecta
408 1294 513 1335 salus
540 1293 577 1333 in
610 1291 770 1334 Christo
799 1291 886 1332 lesu
920 1292 1074 1333 domino
1099 1300 1232 1334 nostro
1255 1293 1441 1347 contigit,
1476 1292 1695 1345 continget-

145 1378 219 1419 que
254 1370 463 1419 prrpetuo,
497 1361 658 1417 perinde
682 1369 795 1414 atque
820 1361 857 1400 in
884 1362 1089 1415 evangelio
1114 1362 1297 1416 scriptum
1326 1369 1407 1401 est:
1452 1365 1507 1400 De
1528 1360 1900 1412 plenitu-mann-¹2¹⁶·

143 1436 229 1472 dine
258 1436 337 1471 eins
369 1446 436 1470 nos
467 1445 591 1470 omnes
624 1433 845 1481 accepimus·
911 1428 1110 1482 Quaenam
1149 1443 1243 1470 vero
1277 1436 1334 1470 est
1366 1429 1430 1470 itta
1461 1429 1685 1483 plenitudo?

144 1505 248 1549 Leoe,
283 1500 407 1554 iuquit
421 1531 431 1550 ‚
459 1514 532 1551 per
556 1502 721 1550 Moysem
745 1500 832 1536 (lata
856 1506 933 1536 est:
975 1502 1105 1549 gratia.
1128 1507 1164 1537 et
1185 1501 1321 1537 veritas
1340 1514 1411 1550 per
1434 1501 1554 1537 Iesum
1582 1500 1689 1550 saeta

144 1577 212 1609 est.
278 1566 361 1608 tttic
394 1582 510 1623 porro
544 1568 631 1607 data
663 1573 746 1616 est,
795 1566 853 1606 hic
886 1567 1000 1606 saeta.
1065 1564 1176 1620 Quod
1205 1566 1235 1606 si
1271 1580 1322 1606 ex
1356 1566 1418 1606 itta
1454 1565 1693 1621 plenitudine

146 1637 320 1678 derivata
354 1637 420 1677 lex
445 1643 527 1686 est,
570 1635 698 1689 gratia
726 1641 765 1674 et
794 1634 942 1675 veritas
970 1632 1059 1675 lesu
1085 1635 1285 1685 tribuitur,
1332 1642 1408 1674 tam
1436 1642 1549 1675 vetus
1582 1648 1693 1689 quam

147 1720 290 1746 novum
325 1711 599 1745 testamentum
633 1704 717 1757 lege
750 1710 788 1743 et
817 1703 943 1757 gratia
974 1717 1018 1742 ae
1050 1703 1215 1743 veritate
1241 1703 1477 1743 continetur.

261 1772 364 1828 Quin
393 1781 430 1814 et
458 1773 548 1813 ittud
576 1771 836 1812 Manichacus
871 1785 890 1811 e
921 1771 1122 1826 scripturiS
1155 1772 1340 1812 arcessit:
1391 1774 1564 1810 Christus
1594 1773 1698 1809 rede-
1747 1774 1825 1815 Cap.

147 1846 215 1882 me't
233 1858 301 1882 nos
326 1857 348 1881 α
379 1844 576 1881 maledicto
603 1843 720 1892 leges,
752 1842 879 1891 faetus
897 1855 968 1892 pro
991 1841 1096 1879 nobis
1121 1842 1367 1879 maledictum.
1433 1838 1550 1880 Dicat
1578 1818 1903 1895 igit111·(¹;2,³{³{xi3

148 1911 285 1966 quibus
309 1911 474 1951 nummis
502 1911 601 1949 facta
627 1910 691 1949 itta
713 1909 763 1948 sit
787 1908 946 1963 emptio,
973 1909 1123 1963 quodve
1150 1908 1312 1964 pretium
1336 1923 1402 1963 pro
1426 1907 1536 1948 nobis
1561 1920 1700 1962 repen-

146 1994 229 2021 sum
267 1980 396 2020 fuerit.
459 1977 552 2019 Non
585 1977 685 2017 enim
722 1976 843 2016 dixit:
892 1980 1013 2025 Emit,
1057 1978 1148 2027 sed,
1191 1980 1365 2017 Redemit.
1432 1975 1578 2016 Verum
1612 1990 1697 2015 eum

147 2048 382 2104 emptionem
417 2046 594 2096 noverit,
630 2045 792 2100 pretium
824 2052 950 2085 tamen
978 2045 1147 2100 ignorat.
1210 2044 1425 2100 Utrumque
1449 2059 1564 2100 porro
1596 2043 1699 2083 veri-

148 2125 205 2158 tas
236 2117 316 2172 ipsa
346 2117 568 2157 confitetur.
633 2112 756 2154 Plane
782 2114 920 2168 quippe
948 2129 1018 2154 nos
1044 2114 1233 2165 redemit,
1268 2129 1311 2154 ac
1337 2129 1403 2169 pro
1431 2113 1541 2154 nobis
1576 2114 1698 2152 factus

147 2185 416 2236 maledictum,
451 2199 471 2224 a
499 2183 596 2237 legis
623 2197 692 2222 nos
720 2182 924 2223 maledicto
954 2183 1078 2237 pretio
1103 2183 1329 2224 vindicavit.
1392 2180 1577 2223 Ceterum
1605 2195 1699 2234 quo-

147 2269 232 2295 nam
263 2254 376 2294 modo
409 2252 692 2301 vindicaverit,
733 2251 862 2291 statim
897 2251 1088 2291 eeclesiae
1113 2251 1300 2306 magister
1332 2250 1507 2291 subiicit:
1552 2252 1691 2296 Prelio,
1718 2256 1903 2289 1.‹?0r.6.20.

146 2323 285 2377 inquit,
320 2326 434 2374 empti
453 2324 556 2368 estis,
588 2323 754 2372 pretioso
780 2324 965 2371 sangnine
985 2324 1082 2372 agni
1100 2323 1333 2360 immaculati
1353 2328 1391 2358 et
1415 2320 1703 2358 incontaminate*

148 2394 303 2431 Christi.
370 2388 635 2443 Quamobrem
661 2389 691 2429 si
719 2389 909 2442 sanguine
933 2389 1120 2444 redempti
1144 2403 1294 2438 sumus,
1329 2400 1568 2441 nequaquam
1596 2385 1700 2425 inter

147 2461 395 2514 redemptos,
430 2456 692 2507 manichaee,
732 2458 993 2498 numerandus
1019 2472 1083 2508 es,
1129 2472 1214 2498 cum
1250 2457 1477 2510 sanguinem
1506 2454 1695 2508 abneges.

145 2527 349 2570 Undenam
377 2542 472 2569 vero
499 2540 569 2567 nos
595 2525 783 2565 redemit?
815 2526 873 2566 dic
900 2527 1032 2567 sodes.
1098 2526 1162 2566 An
1190 2540 1274 2566 cum
1311 2524 1423 2565 alieni
1460 2523 1556 2562 iuris
1591 2536 1698 2563 esse-

147 2611 231 2638 mus
259 2595 491 2651 acquisivit?
551 2593 655 2634 Num
691 2607 785 2634 vero
818 2595 863 2634 ad
901 2595 1070 2650 inopiam
1099 2602 1135 2634 et
1174 2592 1391 2647 angustiam
1427 2591 1532 2646 prior
1564 2598 1699 2632 noster

146 2665 324 2705 dominus
352 2666 558 2713 redactus,
604 2676 648 2702 ac
677 2662 799 2716 pretio
837 2670 972 2704 nostro
1000 2664 1180 2717 indigens
1207 2660 1366 2703 Christo
1402 2675 1472 2701 nos
1498 2660 1698 2700 vendidit?

147 2731 270 2787 Igitur
292 2734 323 2773 si
348 2731 509 2774 Christo
540 2730 685 2771 venditi
712 2745 870 2781 sumus,
906 2746 983 2772 non
1008 2731 1171 2786 amplius
1200 2731 1236 2770 in
1259 2729 1399 2784 prioris
1423 2729 1613 2783 mancipio
1634 2743 1699 2769 su-

149 2816 248 2843 mus.
314 2801 428 2855 Quod
463 2800 495 2841 si
520 2799 723 2855 possidere
755 2814 824 2840 nos
852 2799 915 2840 itte
948 2800 1082 2846 desiit,
1129 2800 1274 2839 ditione
1307 2812 1375 2838 sua
1414 2797 1586 2837 deiectus
1619 2804 1696 2847 est,

191 2878 220 2913 4.
252 2881 355 2923 τιμῆς
379 2882 448 2912 libri
469 2883 584 2920 scripti.
634 2879 716 2922 τιμῇ
738 2881 822 2911 editi.
947 2882 1016 2919 gine
1036 2880 1354 2918 e.remptiSchottiani
1380 2881 1562 2909 annotatum
1581 2881 1623 2908 est
1642 2873 1699 2918 rip--

193 2926 223 2955 5.
252 2928 379 2958 Correaei
402 2923 574 2968 ἀρνείσαι,
609 2936 679 2957 cum
709 2926 779 2956 libri
808 2927 900 2956 habe·
948 2928 1016 2961 νεῖ,
1041 2926 1118 2963 stylo
1144 2926 1184 2955 M.
1211 2926 1329 2955 addito.

146 2974 212 3002 rent
233 2967 392 3012 οἷρνῆσαι,
417 2981 497 3012 quae
519 2973 621 3011 forma
637 2973 748 3002 iterum
768 2973 900 3002 occurrit
992 2969 1022 3001 (5.
1047 2966 1141 3011 ἡμᾶς
1163 2966 1181 3002 0‘
1199 2967 1360 3011 πρότερος
1381 2963 1418 3003 οὗ
1436 2967 1610 3011 κέκτηται,
1634 2960 1700 3010 ἆρα

146 3017 230 3056 infra
253 3025 321 3056 cap.
336 3017 411 3056 r3.,
436 3020 463 3048 et
486 3018 571 3049 haer.
592 3016 656 3056 69,
677 3016 706 3048 9.
759 3017 791 3048 In
814 3026 898 3047 mar-
945 3017 1014 3047 cod.
1038 3016 1166 3055 Rhediy.
