2066 3319
482 132 664 166 PANARu
690 133 774 166 Lm.
795 134 834 165 u.
859 134 966 167 ΤοΜ.
988 135 1030 166 11.
1056 134 1187 167 HAER.
1209 134 1333 167 var.
1604 126 1687 168 487

128 215 318 269 nongenti
344 214 396 254 illi
424 228 468 254 ac
494 213 651 267 triginta
677 215 791 265 armi,
827 215 888 254 vel
922 215 1078 255 onmino
1102 223 1276 271 tempora
1300 222 1437 256 vocata
1463 222 1575 266 sunt,
1611 215 1687 256 uisi

127 284 354 338 impleretur
377 282 698 337 minuereturque
722 283 835 335 luna,
870 298 914 324 ac
938 285 1189 325 constitutum
1223 283 1295 325 sibi
1325 284 1558 325 curriculum
1592 299 1686 325 con-

127 355 285 403 liccret,
319 352 370 392 ita
395 358 437 392 ut.
460 366 537 391 non
559 365 610 392 ex
636 351 851 393 animarum
877 353 1119 394 multitudine
1145 354 1406 403 redundaret,
1440 354 1508 394 sed
1533 354 1688 396 divinae

125 421 343 477 sapientiae
382 421 564 461 mandato
600 435 645 461 ac
680 421 922 477 praescripto
957 423 1189 477 regeretur?
1250 420 1329 462 Sed
1364 423 1468 463 addit
1502 423 1688 464 universa

124 491 184 531 illa
209 489 391 531 animalia
420 490 554 530 eadem
590 490 652 530 illa
681 490 809 531 anima
835 492 1002 546 repleri,
1038 499 1079 532 ut
1104 492 1284 532 nimirum
1314 491 1504 543 hominis,
1539 499 1577 532 et
1602 507 1685 533 mu-

123 560 199 609 ris,
245 573 290 599 ac
324 558 553 607 vermiculi,
599 566 899 614 ceterorumque
930 560 1207 601 vilissimorum
1242 575 1448 615 corporum
1482 575 1596 616 pares
1628 568 1685 601 at·

120 643 193 683 que
224 628 408 683 aequales
441 628 591 669 animas
615 629 841 669 constituat.
905 627 984 670 Sed
1013 629 1151 669 iisdem
1174 630 1332 684 ineptiis
1367 629 1560 671 infuscata
1592 638 1683 672 sunt

121 705 270 739 cetera.
334 696 455 738 Velut
487 696 736 754 Principibus
773 698 889 738 obiici
922 697 1128 752 Virginem
1161 697 1263 738 virili
1298 698 1419 749 alias,
1471 700 1568 740 alias
1600 715 1684 741 mu-

123 767 234 808 liebri
262 768 405 808 l'orma.
471 765 515 807 ln
544 782 618 822 quo
645 774 826 822 tanquam
856 766 1187 822 Hermaphrodito
1210 767 1400 808 daemone
1424 769 1683 824 confingendo

120 837 371 892 cupiditatem
412 837 495 892 ipse
532 851 640 877 suam
677 851 722 876 ac
759 835 958 876 libidinem
997 835 1192 890 proponit.
1255 834 1390 891 Pergit
1418 837 1583 889 deinde,
1628 845 1682 889 et,

118 905 313 960 Quoties,
348 905 423 957 ait,
461 906 573 947 liuius
601 905 787 946 illecebra
812 905 975 958 virginis
1000 903 1192 960 Princeps
1220 919 1385 960 magnus
1410 906 1576 961 capitur,
1612 921 1683 947 nu-

116 975 185 1016 bes
210 989 302 1016 suas
327 975 567 1028 praetendit,
602 981 642 1014 et
666 982 813 1029 pestem
846 974 1039 1024 immittit,
1084 989 1128 1014 ac
1161 974 1314 1015 radices
1351 975 1553 1016 succidere
1586 975 1683 1016 inei—

117 1045 193 1100 pit,
230 1059 281 1085 ex
306 1059 380 1099 quo
410 1057 516 1084 mors
548 1043 819 1099 consequitur.
882 1041 971 1084 Nec
1007 1043 1099 1084 illud
1126 1043 1241 1084 homo
1277 1043 1455 1099 stupidus
1481 1044 1680 1098 intelligit,

115 1128 227 1169 quam
252 1113 508 1168 vituperando
532 1119 695 1153 mortem
723 1112 922 1164 nominat,
958 1112 1076 1153 vitam
1107 1112 1232 1167 potius
1261 1113 1445 1168 appellari
1479 1113 1678 1164 debuisse,

117 1183 216 1238 quod
248 1183 331 1223 eius
365 1182 556 1223 beneficio
592 1196 612 1222 a
648 1182 880 1238 corporibus
915 1181 1067 1223 animae
1092 1182 1324 1223 liberentur.
1389 1180 1504 1236 Quod
1540 1183 1571 1223 si
1597 1183 1682 1223 ani-

121 1267 220 1292 mam
247 1266 413 1308 corpore
443 1252 549 1292 velut
577 1253 753 1292 custodia
779 1250 986 1307 Principes
1013 1252 1156 1293 includi
1178 1259 1384 1307 putarent,
1420 1266 1615 1306 nunquam
1643 1253 1679 1293 id

117 1336 294 1362 summus
319 1321 383 1361 ille
403 1321 681 1371 committeret,
717 1328 757 1361 ut
781 1335 894 1376 quam
924 1335 992 1376 per
1014 1321 1090 1363 vim
1121 1321 1168 1362 ab
1192 1336 1240 1362 eo
1266 1321 1361 1362 dicis
1388 1322 1570 1377 occupari
1598 1322 1681 1362 ani-

112 1405 235 1442 mam,
271 1404 292 1432 e
325 1404 486 1431 carcere
521 1390 748 1431 dimitteret.
814 1388 975 1444 Quanta
1006 1397 1066 1431 est
1099 1390 1136 1431 in
1171 1389 1218 1431 iis
1252 1390 1473 1446 praestigiis
1505 1405 1551 1432 ac
1581 1391 1679 1432 ludi-

111 1474 176 1500 cra
214 1458 416 1515 disciplina
449 1459 627 1501 vanitas!

204 1527 349 1571 Cetera
377 1543 452 1569 nou
483 1529 634 1569 minore
658 1530 739 1569 risu
767 1529 883 1584 digna
917 1536 1022 1571 sunt.
1069 1527 1148 1570 Sed
1180 1529 1217 1569 in
1243 1530 1376 1585 primis
1396 1544 1492 1585 quos
1510 1529 1672 1573 Electus
1697 1536 1774 1581 Cap.
1794 1537 1884 1570 LIII.

109 1598 160 1639 illi
189 1606 430 1654 nuncupant.
466 1598 526 1640 Ac
550 1605 641 1639 sunt
664 1598 726 1639 isti
747 1599 901 1653 quidem
924 1599 969 1639 ad
988 1598 1276 1639 damnationem
1295 1614 1317 1640 a
1340 1599 1494 1640 diabolo
1517 1601 1675 1652 delecti,

108 1675 150 1709 ut
177 1669 279 1723 quod
304 1668 491 1722 scriptum
528 1675 587 1709 est
621 1668 748 1723 reipsa
786 1668 1031 1723 perficiatur,
1077 1672 1132 1709 Et
1155 1670 1261 1708 esbus
1287 1673 1367 1709 eius
1394 1672 1547 1710 electas.
1608 1668 1772 1714 IlliAbac.
1787 1687 1813 1721 1,
1830 1688 1869 1716 ιε.

110 1737 214 1778 enim
246 1737 353 1779 velut
380 1739 456 1778 suci
479 1736 632 1792 quidam
657 1737 882 1778 desidentes
910 1737 1002 1778 nihil
1029 1738 1159 1792 operis
1184 1746 1392 1790 exercent,
1427 1739 1495 1780 sed
1519 1739 1675 1781 curiose

108 1807 384 1871 perquirentes
422 1806 514 1847 nibil
540 1806 694 1862 penitus
722 1806 960 1862 intelligunt.
1026 1805 1178 1861 Quibus
1208 1814 1247 1848 et
1275 1809 1476 1863 apostolus
1510 1808 1558 1849 iis
1584 1823 1674 1850 ver-

108 1876 168 1917 bis
194 1877 399 1917 denuntiat
429 1876 631 1930 (nimirum
660 1876 887 1931 prophetico
924 1876 1011 1917 illos
1045 1877 1174 1917 afflatu
1209 1882 1472 1932 cognoverat)
1507 1893 1584 1918 non
1620 1892 1672 1920 cx

109 1946 192 1996 dei,
237 1947 305 1986 sed
340 1945 482 1986 diaboli
508 1944 735 1999 magisterio
768 1946 1049 2001 disciplinaque
1082 1947 1289 2002 progredi,
1335 1947 1504 1988 furiosos
1537 1948 1671 2003 utique

107 2014 307 2066 homines,
343 2023 380 2055 et
409 2014 584 2065 otiosos,
618 2022 733 2070 atque
760 2016 796 2056 in
826 2023 1008 2071 suscepta
1038 2015 1286 2071 improbitate
1314 2017 1552 2072 pertinaces.
1607 2016 1669 2060 De

105 2083 152 2124 iis
178 2084 297 2138 igitur
321 2084 507 2138 loquens,
545 2087 620 2135 Qua·
638 2099 710 2124 noa
733 2086 894 2133 laborat,
931 2085 1077 2140 inquit,
1112 2101 1185 2126 non
1205 2089 1425 2136 manducel5
1461 2102 1536 2142 quo
1563 2087 1667 2128 iner-
1694 2091 1840 2155 2-31'111255·

105 2153 198 2194 tium
234 2153 395 2194 istorum
431 2153 681 2194 adumbraret
710 2154 945 2195 institutum.
1023 2152 1208 2196 Ceterum
1251 2157 1554 2198 catechumenos
1596 2157 1670 2212 ipsi
1748 2149 1757 2163 ’
1812 2146 1818 2153 ⁹

106 2236 199 2264 suos
227 2223 434 2263 hortantur
457 2221 601 2263 victum
627 2230 667 2263 ut
691 2223 763 2264 sibi
789 2224 897 2278 large
924 2224 1188 2280 suppeditent.
1242 2224 1272 2266 li
1299 2240 1395 2267 vero
1421 2226 1669 2281 quibuscum-

104 2306 179 2347 que
206 2306 302 2347 opus
332 2291 475 2332 habeut
500 2292 633 2332 electis
657 2293 738 2333 suis
765 2293 959 2345 offeruntg
1003 2309 1078 2349 quo
1103 2295 1255 2336 scilicet
1284 2295 1321 2335 in
1351 2295 1500 2336 alendis
1531 2296 1667 2337 electis

103 2361 179 2402 illis
203 2361 406 2402 animabus
440 2361 614 2416 religiosi
649 2376 738 2403 esse
772 2363 993 2404 videantur.
1058 2366 1113 2405 At
1138 2364 1228 2416 isti,
1263 2365 1362 2420 quod
1392 2365 1454 2405 vel
1478 2364 1581 2405 dictu
1613 2365 1666 2406 ri-

103 2430 270 2471 diculum
296 2438 381 2481 est,
426 2430 473 2471 iis
496 2430 668 2486 acceptis
698 2431 946 2484 muneribus,
982 2434 1173 2475 orationis
1201 2434 1314 2484 loco,
1351 2448 1462 2488 quam
1492 2448 1560 2489 pro
1589 2434 1666 2475 lar-

101 2500 292 2555 gitoribus
325 2500 531 2555 concipere
568 2500 806 2551 debuerant,
854 2503 1131 2558 propemodum
1164 2504 1486 2559 imprecationem
1523 2517 1664 2560 repen-

103 2570 218 2620 dunt,
255 2576 293 2610 et
311 2569 465 2610 illorum
488 2569 526 2609 in
549 2569 621 2615 hoc
649 2570 839 2611 beneficio
874 2571 1161 2627 improbitatem
1197 2573 1324 2628 potius
1353 2587 1466 2627 quam
1492 2573 1663 2629 probita-

103 2646 180 2679 tem
206 2646 403 2680 versatam
428 2652 516 2679 esse
547 2639 820 2681 testificantur.
870 2638 938 2682 Sic
963 2642 1065 2683 enim
1094 2643 1328 2697 loquuntur:
1362 2641 1450 2697 Ego
1479 2649 1662 2698 teneque

103 2707 319 2760 seminavi,
354 2722 479 2763 neque
502 2709 671 2760 messui,
707 2724 783 2750 non
806 2712 986 2753 molendo
1013 2711 1246 2760 comminui,
1291 2726 1368 2752 non
1395 2712 1430 2752 in
1467 2712 1661 2754 clibanum

104 2776 271 2818 immisi:
306 2777 405 2818 alius
431 2777 592 2829 obtulit,
627 2786 666 2819 et
689 2780 865 2822 comedi:
911 2780 1092 2821 immunis
1117 2781 1164 2821 ab
1197 2781 1307 2836 culpa
1335 2794 1435 2822 sum.
1500 2780 1559 2823 Ita
1591 2796 1660 2823 eos

146 2913 177 2946 3.
207 2917 304 2947 Verba
325 2913 343 2950 ὁ
357 2911 495 2961 ’Ἄρχων
516 2919 736 2951 desiderantur
756 2921 788 2952 ἱη
809 2920 856 2951 ed.
953 2918 1030 2950 cap.
1050 2919 1136 2950 LIII.
1167 2938 1201 2942 m
1256 2920 1282 2951 l.
1308 2918 1568 2965 ἐμβροντημένοι
1591 2922 1658 2954 cod.

104 2960 225 2992 Patavii
252 2963 397 2994 Coloniae
420 2967 514 3003 repet.
906 2967 964 2997 [en.
986 2968 1013 2996 et
1035 2966 1082 2996 ed.
1104 2967 1204 3005 princ.
1230 2964 1464 3010 ἐβροντημένοι
1481 2969 1656 3002 cod.Rhed.

147 3003 177 3038 4.
204 3005 308 3051 λέγειν
332 3009 400 3041 cod.
420 3010 549 3050 Rlzediy.
948 3011 978 3043 2.
1005 3008 1148 3055 φάσκων
1171 3010 1260 3055 λέγει
1283 3013 1350 3044 cod.
1368 3014 1497 3054 Rhediy.
