2030 3324
520 226 701 259 PANARtI
727 226 810 258 ΜΒ.
832 226 872 259 11.
896 225 1005 258 TOM.
1028 227 1068 258 11.
1096 225 1227 257 HAER.
1252 225 1380 257 inx.
1667 216 1746 257 613

192 322 319 356 autem
351 317 386 351 ct
422 306 585 356 esuriit,
620 313 657 346 et
681 306 820 347 sitivit.
886 304 1060 360 Fatigari
1088 306 1227 346 deinde
1262 320 1311 346 ex
1345 306 1485 346 itinere
1519 313 1585 346 aut
1607 305 1747 346 sedere

192 381 385 438 quomodo
411 376 558 432 potuit,
594 390 678 414 eum
706 375 890 429 seriptum
919 375 990 425 sit,
1035 378 1134 413 Deus
1159 390 1232 413 non
1258 376 1444 413 laborabit
1457 381 1475 413 :²
1537 371 1619 414 Cur
1651 388 1746 413 vero

191 452 273 507 ipse
300 447 421 497 dixit,
469 447 545 496 Qui
573 447 673 482 misi!
703 459 757 482 me
789 452 900 496 palei·
934 446 1053 481 maior
1090 457 1144 481 me
1175 448 1258 481 est?
1321 442 1432 482 Alius
1461 449 1521 482 est
1550 442 1651 482 euim
1686 442 1748 496 qui

193 518 326 568 mittit,
361 515 459 556 alius
486 513 547 567 qui
569 511 748 551 mittitur.
795 511 883 551 Nec
903 511 1110 551 obscurum
1136 517 1195 550 est
1218 517 1366 565 patrem
1394 525 1469 550 non
1497 524 1585 550 esse
1609 510 1746 560 l'ilium,

193 600 317 641 neque
345 584 465 625 filium
500 595 588 621 esse
617 587 780 635 patrem.
845 578 937 619 Non
965 579 1066 619 euim
1102 578 1285 618 assentiri
1318 576 1490 618 Sabellio
1523 593 1746 633 possumuS,

192 655 254 710 qui
279 653 398 694 filium
434 658 582 706 patrem
620 649 728 703 quasi
769 663 884 688 titium
920 648 1163 701 eundemque
1197 647 1413 686 constituit.
1477 646 1635 701 Alioqui
1671 662 1747 687 non

193 722 365 772 (liceret,
410 722 524 759 Alfius
551 726 606 757 est
630 722 698 770 (μή
723 720 822 756 misi!
848 732 924 763 me,
961 723 1021 766 ct,
1068 718 1167 754 l'ado
1189 718 1240 754 ml
1260 718 1365 754 (lenm
1400 730 1539 762 meum,
1575 723 1612 754 et
1641 719 1746 754 {lemn

192 799 375 837 vestrum,
417 796 563 841 putrem
597 801 713 825 meum
748 794 783 824 e!
810 793 956 837 palrem
987 792 1162 822 vestrum.
1236 782 1379 837 Neque
1408 797 1503 824 vero
1537 797 1588 824 ex
1620 783 1751 823 divina

193 858 366 900 essentia
399 856 631 897 naturaliter
669 854 789 908 geniti
829 860 919 892 sunt
951 852 1150 907 discipuli:
1196 859 1233 891 et
1265 852 1311 891 iis
1345 859 1473 892 tamen
1507 851 1631 902 dixit,
1681 854 1750 891 Ρα-

193 937 285 968 trem
319 935 493 966 vestrum.

309 993 456 1036 Verum
489 992 552 1047 qui
578 992 651 1032 ista
689 991 863 1030 iactitant
888 987 1123 1029 intolerabili
1152 988 1316 1042 quodam
1355 989 1487 1029 furore
1521 996 1559 1029 et
1583 988 1750 1029 amentia

193 1065 388 1104 feruutur.
462 1059 619 1100 Etenim
656 1059 686 1099 si
727 1059 811 1099 solo
848 1057 1005 1098 nomine
1040 1057 1204 1107 dieitur,
1250 1070 1322 1096 nee
1358 1063 1497 1097 natura
1533 1055 1633 1097 filius
1674 1064 1749 1107 est,

193 1130 442 1187 quantumvis
467 1129 654 1183 dignitate
682 1134 863 1182 superet,
897 1125 990 1166 nihil
1014 1125 1059 1165 ab
1087 1125 1322 1180 reliquarum
1355 1132 1624 1165 ereaturarum
1659 1139 1751 1165 con-

193 1201 338 1241 ditione
373 1199 505 1239 distat.
569 1196 671 1238 Nam
714 1203 749 1235 et
775 1209 847 1235 rex
882 1194 971 1234 lieet
1002 1194 1234 1249 praesectis,
1283 1207 1328 1233 ae
1361 1193 1523 1234 militum
1552 1192 1752 1248 magistris

193 1267 426 1318 antecellat,
473 1281 547 1307 non
580 1267 665 1306 ideo
691 1278 767 1304 non
804 1262 979 1303 eiusdem
1005 1269 1065 1302 est
1099 1262 1207 1302 cuius
1242 1262 1362 1302 ceteri
1391 1261 1651 1313 conditionis,
1687 1268 1753 1302 aut

194 1351 271 1377 non
295 1336 430 1376 eadem
461 1350 546 1375 cum
575 1334 649 1374 illis
678 1333 869 1373 servitute
894 1331 1141 1381 continetur,
1188 1338 1370 1385 tanquam
1397 1345 1449 1371 ex
1479 1331 1615 1371 eadem
1643 1344 1752 1370 crea-

194 1405 299 1445 tione
327 1405 551 1455 derivatus,
587 1410 622 1443 et
646 1401 821 1442 mortalis
845 1414 920 1440 nou
945 1390 1058 1440 seeus
1087 1414 1131 1439 ae
1157 1399 1221 1454 qui
1246 1399 1318 1440 sibi
1341 1399 1506 1440 subiecti
1536 1405 1641 1439 sunt.
1689 1397 1753 1439 Si-

194 1473 338 1513 militer
373 1486 425 1512 ex
463 1486 509 1512 eo
548 1471 647 1526 quod
677 1471 732 1510 sol
764 1476 829 1509 aut
866 1468 956 1508 luna
992 1468 1185 1508 sideribus
1220 1475 1419 1523 praestant
1446 1467 1630 1521 reliquis,
1675 1481 1752 1507 non

193 1542 339 1582 idcireo
364 1541 535 1581 obnoxia
570 1553 658 1580 esse
687 1539 880 1579 elementa
907 1537 1114 1588 desinunt,
1150 1545 1187 1576 et
1214 1537 1326 1577 unius
1349 1535 1588 1586 conditoris,
1625 1543 1662 1575 et
1690 1549 1753 1575 ar-

197 1610 328 1661 tilieis,
365 1609 484 1664 patris
508 1625 550 1650 ac
574 1608 637 1649 lilii
663 1615 701 1647 et
727 1607 886 1662 spiritus
909 1606 1033 1646 saneti
1058 1606 1327 1645 moderatione
1354 1604 1544 1645 subiecta.
1608 1603 1752 1659 Neque

195 1679 295 1733 quod
324 1677 453 1732 angeli
485 1678 601 1717 rebus
638 1675 815 1716 omuibus
846 1674 1172 1729 aspectabilibus,
1206 1674 1381 1728 adeoque
1405 1673 1548 1713 creatis
1573 1672 1752 1713 omnibus

196 1747 333 1787 ordine
358 1760 404 1786 ae
428 1746 616 1800 dignitate
642 1742 952 1800 praestantiores
973 1750 1086 1793 sunt,
1121 1750 1253 1797 utpote
1280 1742 1341 1796 qui
1368 1741 1438 1782 sub
1463 1748 1662 1797 aspectum
1689 1756 1753 1782 ca—

196 1817 289 1857 dere
322 1822 540 1870 nequeant,
584 1821 621 1853 et
649 1813 813 1868 primum
844 1812 969 1851 cultus
1002 1824 1095 1865 erga
1124 1810 1297 1851 divinum
1331 1825 1473 1851 numen
1507 1817 1545 1850 et
1575 1809 1751 1864 obsequii

195 1885 322 1925 locum
363 1897 407 1923 ae
435 1882 662 1937 dignitatem
701 1880 926 1931 obtineant,
972 1894 1084 1935 quem
1124 1879 1281 1921 assidue
1307 1878 1462 1934 liymnis
1495 1893 1540 1919 ac
1574 1879 1752 1919 laudibus

196 1952 419 2002 celebrant,
455 1965 476 1991 e
501 1965 575 2005 quo
598 1957 632 1990 et
661 1949 902 1990 immortales
931 1963 1007 1989 non
1036 1955 1174 1989 natura
1199 1955 1311 1999 sunt,
1346 1948 1412 1988 sed
1440 1947 1563 2002 gratia
1588 1947 1750 1998 conditi,

196 2021 242 2061 ab
272 2035 320 2061 eo
346 2020 408 2074 qui
444 2018 672 2059 immortalis
707 2026 790 2068 est,
838 2024 874 2057 et
901 2018 936 2058 in
972 2031 1061 2058 sese
1089 2018 1165 2058 vita
1192 2017 1275 2072 ipsa
1303 2023 1363 2057 est
1391 2023 1430 2056 et
1459 2015 1748 2066 immortalitas,

197 2088 489 2129 immortalitate
523 2088 679 2138 donati,
727 2101 803 2127 non
841 2094 968 2126 tamen
1006 2093 1212 2141 propterea
1247 2099 1323 2125 nou
1357 2092 1462 2125 metu
1496 2099 1541 2125 ae
1580 2091 1752 2124 tremore

195 2157 247 2198 ita
280 2157 533 2197 eontinentur
564 2163 605 2196 ut
637 2156 857 2210 exigendae
891 2171 912 2195 a
945 2168 986 2194 se
1020 2154 1159 2194 rationi
1194 2168 1239 2194 ac
1273 2153 1427 2194 divinae
1450 2152 1667 2193 maiestatis
1693 2152 1753 2192 in·

197 2225 396 2280 quisitioni
429 2225 670 2280 imperioque
704 2224 867 2264 subiecti
900 2223 993 2264 siut.

310 2292 413 2333 Hine
439 2293 555 2346 igitur
579 2299 760 2333 accurata
787 2292 874 2343 illa,
920 2293 966 2332 de
1001 2306 1075 2346 qua
1102 2290 1280 2346 quaestio
1306 2298 1389 2341 est,
1424 2289 1603 2331 veritatis
1639 2302 1750 2344 repe-

196 2361 312 2402 tenda
337 2361 462 2411 ratio,
498 2368 535 2401 ut
560 2376 645 2402 eum
671 2362 791 2402 filium
820 2360 982 2402 dicimus
1008 2375 1085 2401 non
1111 2361 1253 2401 nudum
1281 2373 1401 2415 penes
1434 2358 1539 2398 illum
1573 2357 1800 2398 residere

196 2429 428 2470 vocabulum
464 2430 759 2481 existimemus,
803 2432 869 2470 sed
907 2443 995 2470 esse
1032 2437 1169 2470 natura
1205 2429 1342 2469 filium.
1407 2427 1562 2482 Quippe
1595 2440 1647 2467 ex
1679 2440 1753 2467 usu

197 2512 350 2554 quoque
378 2505 514 2538 nostro
549 2498 755 2553 plerosque
789 2498 892 2539 filios
927 2498 1199 2548 nominamus,
1244 2498 1306 2551 qui
1335 2503 1474 2536 natura
1507 2508 1750 2550 nequaquam

197 2567 264 2608 filii
296 2567 419 2607 nostri
444 2566 535 2606 sint.
601 2567 656 2607 At
678 2567 760 2608 veri
788 2567 855 2606 lilii
882 2567 1058 2621 germani
1088 2567 1292 2607 dicuntur:
1338 2564 1401 2619 qui
1428 2563 1595 2604 naturali
1628 2577 1648 2604 a
1684 2578 1753 2603 no-

197 2636 256 2677 bis
280 2635 536 2690 generatione
572 2636 778 2690 piodeunt.
843 2634 958 2689 Quod
993 2635 1024 2675 si
1052 2635 1154 2675 fitius
1183 2635 1373 2674 duntaxat
1409 2645 1452 2672 ea
1481 2632 1634 2672 ratione
1663 2646 1753 2673 ver-

198 2704 286 2745 bum
317 2704 563 2744 nominatur.
599 2718 671 2757 qua
697 2703 818 2744 eeteri
851 2718 986 2744 omnes
1015 2703 1082 2744 l'ilii
1110 2703 1170 2743 dei
1196 2701 1323 2742 vocati
1349 2708 1462 2752 sunt,
1509 2699 1602 2740 nihil
1634 2699 1754 2755 igitur

199 2772 245 2813 ab
279 2773 363 2813 aliis
389 2746 639 2826 discrepabit.
705 2770 838 2824 Quare
870 2786 939 2812 eur
973 2779 1155 2826 tanquam
1182 2771 1277 2811 deus
1306 2769 1517 2810 adoratur?
1576 2767 1680 2809 Nam
1715 2777 1753 2809 et

300 2922 447 2952 Mendum
482 2923 590 2953 subest.
640 2922 883 2964 Reeonendum,
920 2923 952 2951 ui
1000 2919 1041 2951 de
1077 2919 1193 2964 quibus
1227 2930 1348 2950 nomeu
1391 2917 1582 2961 adoptionis
1619 2917 1750 2956 dicitur,

198 2920 303 3005 fallor,
327 2964 406 3004 τοὺς
426 2961 574 3004 ἄλλους
566 2964 692 3004 πάντας
740 2962 791 3007 ἐφ’
816 2965 873 3005 ὠ),
899 2970 954 2997 aut
1001 2966 1090 2997 velut
1125 2965 1229 3008 ipsum
1252 2964 1406 3002 adorari,
1442 2967 1491 2997 sui
1513 2968 1670 2997 auctorem
1691 2974 1752 2996 non

198 3011 263 3044 τῶι
288 3007 395 3043 ἅὶωὶω)
419 3010 528 3044 ’ἄιτα
552 3008 605 3054 ἐφ’
625 3005 672 3044 0J.
716 3013 860 3043 cornaria*
884 3021 952 3043 ver·
999 3014 1089 3043 aliter
1110 3013 1260 3043 censuisse
1285 3013 1406 3051 probat.

201 3058 255 3095 sto,
282 3057 467 3100 Oportebat
491 3056 591 3099 igitur
605 3056 703 3088 etiam
725 3056 807 3088 alios
826 3068 951 3097 omnes,

1806 375 1884 403 lbid.

1786 444 1891 472 loann.

1789 479 1832 513 1⁴,
1853 479 1895 506 28.

1784 718 1886 745 Ioaun.

1787 754 1831 786 21,
1852 753 1893 780 Π.

1787 2297 1897 2375 5<‚Cap

1787 2344 1914 2376 *cvm
