2030 3324
512 197 694 229 PANARn
719 197 802 229 Lm.
822 199 862 230 11.
888 199 996 231 ToM.
1017 200 1058 233 11.
1083 199 1216 234 HAER.
1235 201 1364 234 inx.
1639 195 1716 236 661

166 291 347 328 versum,
381 276 510 317 autin
537 276 616 316 filio
651 291 671 317 a
697 277 834 331 spiritu
870 286 1005 319 sancto
1029 280 1280 336 discrepans,
1327 281 1648 335 quemadmodum
1681 282 1720 323 in

167 358 396 399 unaquaque
416 344 661 399 superiorum
690 345 905 387 haereseon
929 348 1151 399 refutanda,
1188 349 1249 389 uhi
1276 349 1312 389 id
1335 363 1499 389 necesse
1522 350 1606 400 fuit,
1634 364 1720 390 cer-

166 413 326 455 tissimis
352 411 570 452 rationibus
592 414 850 466 ostendimus,
881 423 1172 456 sacrosanctam
1199 417 1382 457 videlieet
1407 417 1619 458 trinitatem
1643 433 1720 458 una

167 481 372 522 divinitate
403 488 611 532 constare,
658 496 782 536 neque
820 483 1022 537 quicquam
1060 484 1255 524 diversum
1294 484 1330 523 in
1369 498 1458 524 sese
1493 485 1721 540 variumque

165 550 393 599 continere,
435 550 503 589 sed
535 550 657 604 ipsam
683 551 841 590 omnino
877 550 1158 604 perfectionem
1193 564 1304 600 esse,
1352 552 1389 591 in
1423 565 1496 605 qua
1529 553 1601 592 tria
1634 567 1721 608 per-

166 619 265 658 fecta
298 617 399 667 sint,
436 617 575 671 quibus
608 618 721 658 unius
754 626 791 658 et
824 618 1034 672 singularis
1066 618 1214 672 gloriae
1247 619 1488 672 praedicatio
1520 634 1564 661 ac
1586 621 1719 675 singu-

164 685 257 726 laris
290 685 503 726 dominatio
536 686 743 726 tribuatur.

275 751 417 803 Dices,
460 751 544 794 Cur
568 753 686 807 igitur
709 756 782 794 hoc
814 753 1024 794 illedixit?
1087 752 1166 794 lam
1192 754 1344 808 quidem
1381 755 1476 795 alias
1504 755 1616 795 nobis
1647 756 1710 796 illa
1786 768 1866 811 Cap.

159 822 350 877 disputata
376 822 552 875 quaestio
578 829 653 872 est,
688 822 755 861 sed
784 821 875 861 niliil
908 822 1022 861 modo
1049 822 1227 876 prohibet
1256 823 1461 876 quominus
1487 824 1621 864 eadem
1647 824 1712 864 illa

160 897 385 945 repetamus
412 890 483 930 hoc
510 890 610 929 loco.
668 890 798 943 Atque
822 889 980 930 eosdem
1004 889 1090 931 illos
1116 890 1346 930 verissimos
1372 904 1578 932 sermones
1604 907 1717 934 usur-

159 972 274 1014 pare,
317 973 434 1010 neque
457 973 512 996 me
533 958 700 1009 lugebit,
745 964 784 997 et
811 957 1023 998 lectoribus
1056 959 1101 998 ad
1135 959 1355 998 cautionem
1392 959 1485 1000 utile
1517 967 1634 1014 alque
1666 962 1711 1001 ad
1748 980 1879 1017 Philipp.

158 1026 395 1067 refellendos
434 1024 683 1066 adversarios
720 1025 943 1080 cumprimis
981 1033 1214 1080 oportunum
1250 1026 1421 1067 videtur.
1494 1026 1562 1067 Sic
1595 1029 1714 1082 igitur
1765 1016 1837 1050 ³⁹¹·

157 1109 246 1135 sese
283 1108 346 1134 res
374 1093 512 1143 habet,
558 1092 747 1148 triplicem
782 1093 819 1132 in
855 1093 920 1133 illo
948 1091 1035 1133 loco
1068 1091 1253 1134 Christus
1285 1094 1460 1134 ordinem
1494 1096 1713 1150 proposuit,

158 1170 330 1218 patrem,
373 1161 570 1216 seipsum,
617 1175 662 1201 ac
697 1161 891 1202 coelestes
928 1175 1065 1201 omnes
1099 1162 1278 1215 angelos.
1342 1160 1409 1202 Ex
1444 1162 1582 1216 quibus
1614 1163 1715 1219 patri

156 1231 309 1287 quidem
337 1229 438 1270 illius
465 1229 541 1269 diei
570 1229 745 1270 notitiam
771 1229 922 1270 detulit.
971 1227 1115 1284 Neque
1139 1230 1238 1270 hanc
1264 1230 1389 1271 solum
1414 1230 1615 1282 indicavit,
1646 1232 1716 1272 sed

156 1306 195 1339 et
218 1299 293 1339 alia
321 1298 452 1338 omnia
477 1311 573 1352 quae
599 1297 636 1337 in
666 1297 786 1352 patris
821 1312 865 1338 ac
893 1298 958 1338 filii
987 1305 1182 1353 potestate
1218 1298 1305 1338 sine
1337 1298 1412 1339 ulla
1439 1299 1716 1341 controversia

155 1374 344 1423 perpetuo
373 1367 551 1416 fuerunt,
587 1379 764 1420 quaeque
787 1365 834 1406 ab
866 1365 942 1407 illis
968 1367 1154 1421 producta
1182 1380 1227 1407 ac
1252 1368 1426 1421 perfecta
1460 1375 1565 1408 sunt.
1628 1366 1715 1409 No-

156 1436 212 1476 vit
236 1436 366 1489 itaque
391 1441 500 1490 pater
529 1433 628 1474 diem
653 1434 783 1485 illam,
828 1434 961 1485 novit,
996 1435 1178 1489 inquam,
1220 1442 1260 1475 et
1284 1434 1494 1490 produxit,
1540 1450 1584 1476 ac
1616 1435 1714 1476 iudi-

156 1504 284 1554 cavit,
330 1510 445 1558 prout
478 1503 517 1542 in
549 1501 708 1543 Ioannis
737 1503 944 1557 evangelio
971 1503 1151 1543 dominus
1186 1511 1336 1544 narrat.
1399 1507 1534 1552 Pater,
1570 1504 1919 1558 inquit,10;mn,5‚22.

154 1575 334 1612 neminem
374 1572 576 1618 indicabit,
622 1574 689 1609 secl
718 1586 823 1610 omne
854 1574 1032 1610 iudicium
1063 1574 1167 1610 dedic
1190 1574 1297 1624 filio.
1363 1570 1450 1612 Hoc
1491 1572 1593 1612 enim
1627 1573 1712 1628 ipso

155 1640 255 1696 quod
279 1639 463 1680 iudicium
486 1639 589 1680 dedit
622 1639 818 1679 iudicasse
841 1639 1034 1694 putandus
1060 1646 1135 1679 est.
1198 1638 1309 1693 Ergo
1340 1654 1426 1680 cum
1461 1640 1709 1693 iudicaverit,

155 1709 265 1749 novit
286 1708 440 1762 quando
462 1707 513 1747 sit
533 1707 597 1747 illa
621 1707 704 1747 dies
730 1714 912 1748 ventura.
958 1706 1062 1748 Nam
1089 1711 1157 1760 qzlz‘
1176 1723 1249 1747 non
1274 1711 1395 1748 eredit
1416 1711 1609 1761 insiliam,
1638 1713 1710 1748 iam
1724 1719 1826 1748 Ioann.
1837 1721 1864 1756 3,
1877 1720 1918 1749 18.

155 1779 343 1816 iudicatus
373 1784 441 1815 est.
505 1774 599 1816 Non
627 1776 725 1830 quod
753 1776 936 1816 iudicium
970 1775 1045 1816 iam
1074 1776 1349 1830 praeterierit,
1384 1777 1452 1817 sed
1481 1777 1581 1831 quod
1613 1791 1711 1832 quae

158 1851 248 1885 tunc
274 1846 400 1884 futura
425 1850 516 1884 sunt
543 1844 657 1884 modo
684 1844 956 1895 declarentur3
1001 1843 1216 1884 cuiusmodi
1243 1844 1423 1898 quiddam
1447 1845 1485 1885 in
1513 1846 1713 1900 praesenti

156 1911 315 1967 negotio
340 1912 530 1953 cernitur.
596 1910 748 1968 Quippe
776 1912 971 1967 scriptura
997 1927 1074 1952 non
1098 1926 1214 1953 unum
1241 1913 1430 1953 scientiae
1457 1927 1581 1967 genus
1606 1928 1712 1954 com-

155 1980 351 2036 plectitur.
416 1980 600 2021 Ceterum
629 1981 728 2035 quod
757 1981 945 2021 hactenus
977 1994 1094 2037 saepe
1126 1995 1171 2021 ac
1195 1987 1425 2021 constanter
1451 1980 1636 2032 fecimus,
1671 1988 1713 2022 ut

153 2050 198 2089 ad
223 2049 305 2099 rei,
341 2063 414 2103 qua
437 2049 483 2089 de
508 2049 660 2103 agitur,
694 2048 997 2089 illustrationem
1028 2056 1065 2089 et
1097 2049 1399 2105 explicationem
1434 2048 1710 2090 similitudines

154 2118 338 2173 quasdam
376 2124 413 2157 et
444 2117 626 2172 exempla
654 2131 963 2172 proponeremus
1000 2131 1053 2158 ex
1082 2118 1307 2173 praeteritis
1342 2117 1460 2158 rebus
1491 2131 1536 2157 ac
1566 2116 1706 2171 gestis,

152 2201 173 2226 a
197 2186 334 2240 quibus
366 2186 411 2225 ad
437 2193 706 2239 argumentum
733 2186 856 2240 ipsum
892 2193 929 2225 et
955 2193 1068 2241 caput
1094 2186 1367 2241 disputationis
1392 2185 1705 2241 perveniremus,

151 2254 251 2294 idem
290 2255 328 2294 in
362 2253 586 2308 praesentia
622 2254 838 2294 faciendum
873 2254 1016 2294 iudico.
1084 2253 1219 2308 Quare
1254 2254 1368 2295 altius
1403 2254 1570 2309 repetito
1603 2254 1708 2308 prin-

153 2322 254 2376 cipio
287 2323 332 2362 ad
366 2336 452 2362 eum
487 2323 640 2362 modum
674 2337 758 2362 cum
792 2322 868 2363 illis
900 2336 1075 2377 agamus.

268 2389 371 2445 Quid
411 2391 564 2430 tandem
603 2390 758 2430 dicitis?
816 2389 922 2431 Num
956 2390 1133 2432 Adamus
1166 2406 1332 2433 uxorem
1358 2390 1483 2432 Evam
1520 2390 1584 2431 vel
1615 2397 1706 2431 ante
1767 2403 1845 2446 Cap.

153 2467 356 2516 peccatum
387 2473 431 2499 ac
459 2459 641 2499 violatam
673 2459 800 2513 legem
836 2467 1024 2512 noverat,
1069 2462 1220 2501 necne?
1279 2458 1373 2500 Non
1406 2460 1570 2515 potestis
1605 2459 1709 2500 veri-
1742 2449 1867 2482 XLVI.

152 2529 220 2568 tati
248 2540 485 2582 repugnare.
547 2525 636 2567 Nisi
663 2527 765 2567 enim
793 2527 831 2567 in
859 2528 974 2568 buius
997 2528 1054 2569 rei
1085 2528 1346 2583 intelligentia
1380 2535 1489 2569 recta
1524 2527 1707 2582 progredi

151 2596 305 2646 velitis,
343 2595 523 2636 facillime
549 2595 854 2636 convincemini.
913 2599 1059 2645 Erant,
1094 2597 1218 2651 inquit
1242 2598 1458 2652 scriptura,
1492 2599 1603 2643 nudi,
1638 2611 1705 2635 nec
1725 2606 1898 2643 Gen.2‚25.

144 2668 292 2718 pudore
323 2665 605 2718 afficiebantur.
678 2663 800 2717 Atqui
833 2670 911 2704 tum
947 2665 1038 2705 nudi
1073 2672 1208 2715 erant,
1254 2679 1380 2719 neque
1416 2672 1546 2704 tamen
1581 2662 1706 2704 caeci.

152 2732 267 2789 Quod
291 2732 446 2788 quidem
469 2731 632 2772 inficiari
667 2745 743 2771 non
769 2732 957 2785 potestis,
998 2739 1065 2773 aut
1091 2747 1167 2774 non
1194 2732 1351 2773 videndi
1383 2732 1569 2773 facultate-
1594 2745 1708 2787 prae-

196 2834 226 2868 6.
251 2833 347 2880 τύτῑῳ
373 2839 414 2867 est
448 2837 558 2866 vitium
594 2835 639 2865 ed.
667 2835 776 2866 Petav.
800 2835 903 2865 Coton.
950 2836 1057 2874 incipit
1078 2836 1270 2875 cap.XLVl.
1297 2835 1394 2875 Vulgo
1407 2836 1487 2867 enim
1507 2836 1708 2873 destinquunt

149 2885 242 2921 repet.
953 2879 1098 2921 εἴδησιν,
1126 2876 1174 2917 ὥς
1201 2879 1258 2912 καὶ
1278 2879 1437 2918 πολλάκις
1455 2899 1474 2904 -
1497 2899 1517 2904 -
1535 2898 1552 2903 -
1576 2876 1615 2914 οὗ
1638 2881 1705 2914 διε-

196 2926 226 2959 7.
260 2927 387 2964 .‚Deest
409 2925 587 2957 nonnihil“
612 2927 775 2957 annotavit
796 2927 903 2957 petav.
953 2924 1125 2966 λείῴαμεν.
1174 2924 1345 2968 Λάβωμεν
1369 2925 1473 2959 τοίνυν
1491 2929 1558 2958 cett.

150 2974 182 3003 in
205 2981 305 3011 marg.
352 2973 435 3004 Nihil
459 2973 610 3003 desidero.
1000 2970 1078 3002 (ΞΜ).
1103 2970 1224 3003 XLVI.
1259 2989 1304 2996 —-
1353 2971 1381 3003 1.
1418 2968 1488 3006 οἶδε
1516 2972 1605 3003 codd.
1631 2979 1703 3003 mss.

195 3018 225 3048 ὅ.
256 3019 408 3049 Vocabulo
438 3014 594 3061 λάβωμεν
633 3019 664 3048 in
698 3017 769 3049 edit.
798 3017 904 3049 Petav.
952 3018 979 3047 et
1000 3016 1047 3048 ed.
1066 3017 1165 3056 princ.
