2066 3319
456 217 638 249 PANARu
662 217 746 250 Lm.
768 219 809 252 Π.
834 219 942 251 ΤΟΜ.
966 221 1006 252 11.
1033 220 1166 252 HAER.
1191 221 1329 255 vau.
1605 217 1681 256 501

128 306 232 345 erat,
267 300 409 349 inquit,
444 299 579 335 se’mz'lz'.‹›=
603 299 753 336 dilecto.
822 297 885 338 Ex
920 299 992 339 hoc
1024 300 1111 340 loco
1148 301 1249 341 illam
1277 302 1495 357 scripturae
1524 311 1685 344 senten-

129 366 219 406 tiam
252 365 484 406 confirmare
516 364 674 417 nititur,
708 369 956 406 Assimilatus
974 370 1066 420 filio
1091 372 1154 407 dei
1179 378 1305 408 manet
1332 374 1508 411 sacerdos
1535 375 1572 411 2⁸11
1596 387 1684 424 μεν·
1704 381 1795 409 uentu
1815 382 1848 416 ἴ,
1867 383 1891 409 3.

122 442 289 486 petuam.

241 499 390 542 Verum
417 515 531 555 quam
563 502 680 542 multa
705 502 752 542 de
780 503 852 543 hoc
888 512 1121 559 argumento
1147 506 1376 560 excogitare
1409 522 1518 548 mens
1553 515 1687 549 nostra

127 576 281 625 potest,
316 584 359 609 ac
384 569 616 624 disputando
638 571 867 625 complecti,
901 573 1039 626 quibus
1060 573 1269 628 depravata
1299 574 1401 615 illius
1430 576 1686 630 intelligentia

127 652 172 678 ac
202 637 397 678 sententia
431 638 653 678 refellatur!
719 637 906 680 Ceterum
947 640 1021 681 iste
1058 648 1237 682 extrema
1274 650 1477 684 senectute
1510 651 1686 684 mortuus

127 713 210 756 est,
255 720 300 746 ac
326 704 481 747 Graeca
507 706 829 761 Aegyptiacaque
865 708 995 763 lingua
1029 710 1308 764 quamplurima
1341 711 1514 766 scripsit.
1578 710 1687 751 Inter

126 781 259 814 cetera
289 774 592 815 commentarios
617 782 655 814 et
677 775 972 816 lucubrationes
1008 778 1053 817 dc
1088 791 1206 832 opere
1243 792 1314 819 sex
1342 779 1514 830 dierum,
1549 779 1686 833 quibus

128 841 276 883 fabulas
310 842 516 882 nonnullas
554 849 591 883 et
614 842 848 883 vanissimas
873 844 1081 898 allegorias
1105 854 1349 887 commentus
1377 854 1452 887 est.
1516 846 1684 888 Necnon

127 917 165 950 et.
186 910 259 951 alia
284 911 471 965 quaedam
499 924 550 951 ex
573 911 697 950 sacris
721 911 947 966 deprompta
975 912 1115 964 literis,
1151 914 1290 968 quibus
1312 922 1350 954 et
1374 915 1544 969 psalmos
1570 930 1686 970 quos-

126 979 211 1018 dam
239 978 410 1018 novitios
446 993 466 1018 a
504 993 546 1019 se
582 979 761 1019 conditos
795 979 951 1020 adiecit.
1016 979 1093 1034 Qui
1126 982 1229 1022 illius
1260 990 1407 1022 sectam
1436 997 1529 1024 vere
1564 992 1603 1025 ct
1634 999 1687 1024 ex

125 1047 256 1087 animo
287 1047 541 1101 profitentur,
586 1046 761 1102 plerique
798 1047 844 1086 ab
880 1048 1062 1088 animatis
1095 1049 1308 1090 abstinent.
1372 1049 1475 1091 Nam
1506 1053 1606 1106 quod
1639 1053 1687 1092 ad

126 1113 335 1155 Hieracam
370 1115 494 1169 ipsum
522 1115 714 1169 pertinet,
760 1129 940 1156 severam
974 1117 1181 1158 admodum
1215 1118 1319 1159 vitae
1346 1119 1589 1174 disciplinam
1623 1121 1687 1160 ad-

124 1183 260 1224 hibuit.
324 1181 404 1223 Sed
432 1183 493 1237 qui
516 1190 605 1238 post
624 1183 729 1223 illum
757 1184 929 1224 extitere
959 1184 1135 1240 discipuli
1164 1186 1259 1227 nihil
1286 1195 1442 1242 practer
1469 1187 1687 1229 simulatio-

124 1265 212 1292 nem
238 1251 473 1292 habuerunt.
538 1249 707 1292 Constat
738 1252 844 1292 illum
881 1252 927 1292 ab
957 1253 1096 1294 eduliis
1122 1254 1301 1295 omnibus
1327 1255 1400 1296 sibi
1426 1263 1685 1311 temperasse,

125 1320 301 1374 adeoque
335 1333 476 1360 severe
498 1319 712 1360 vixissent
743 1327 780 1360 et
806 1320 899 1360 vino
926 1328 1096 1362 careret.
1161 1322 1360 1364 Auctores
1389 1324 1565 1364 nonnulli
1596 1331 1689 1364 sunt

126 1388 226 1428 ultra
249 1402 373 1428 annos
396 1388 609 1443 nonaginta
639 1387 814 1439 vixisse,
862 1396 899 1429 et
931 1390 976 1429 ad
1012 1398 1232 1431 extremum
1257 1392 1363 1432 vitae
1390 1399 1541 1447 tempus
1567 1393 1688 1432 libros

125 1456 331 1511 antiquarii
364 1470 473 1496 more
505 1456 729 1511 scripsisse.
796 1455 1001 1498 Librarius
1035 1458 1137 1499 enim
1171 1467 1210 1500 et
1241 1460 1393 1514 quidem
1423 1461 1570 1515 peritus
1600 1460 1684 1511 fuit,

127 1538 198 1566 nec
231 1525 365 1565 oculus
398 1525 431 1565 ei
465 1524 664 1579 caligavit.

235 1592 354 1634 Nunc
387 1593 434 1633 ab
459 1607 506 1633 eo
530 1593 785 1634 disseminata
813 1593 967 1634 zizania
999 1595 1319 1648 consideremus,
1353 1610 1518 1651 quanam
1549 1597 1685 1638 videli-
1711 1605 1790 1648 Cap.
1816 1606 1869 1639 lv.

128 1669 190 1703 cet
228 1662 348 1703 divini
383 1661 494 1702 verbi
524 1662 720 1702 sententia
754 1670 990 1703 venenatum
1027 1663 1130 1704 hunc
1160 1672 1382 1719 serpentem
1414 1665 1687 1720 constringere

127 1738 241 1786 atque
267 1731 500 1785 extinguere
529 1730 746 1785 possimus,
783 1730 845 1785 qui
873 1731 1015 1785 scorpii
1040 1730 1164 1771 instar
1187 1733 1377 1773 anteriori
1400 1734 1687 1788 posteriorique

127 1806 236 1855 parte
260 1800 372 1849 ferit,
408 1799 480 1839 hoc
508 1806 568 1839 est
591 1813 641 1839 ex
667 1805 831 1853 utroque
866 1806 1103 1840 testamento
1125 1814 1224 1854 quae
1251 1808 1342 1841 sunt
1368 1802 1546 1842 nocitura
1580 1802 1688 1842 colli-

127 1860 205 1922 git3
239 1881 338 1922 quae
363 1881 440 1907 non
465 1881 511 1908 eo
536 1881 654 1908 sensu
678 1867 817 1922 accipit
848 1882 923 1921 quo
953 1867 992 1907 in
1025 1867 1166 1908 divinis
1198 1869 1322 1910 literis
1345 1871 1584 1924 produntur,
1620 1870 1689 1911 sed

128 1950 197 1991 pro
232 1950 278 1977 eo
310 1950 353 1976 ac
391 1950 579 1990 perversa
614 1949 724 1976 mens
754 1935 857 1976 illius
895 1950 993 1990 quae
1031 1936 1248 1978 clarissima
1286 1952 1331 1978 ac
1360 1938 1567 1994 perspicua
1599 1945 1691 1979 sunt

129 2005 296 2045 obscure
334 2018 379 2044 ac
417 2003 668 2045 tenebricose
706 2004 898 2059 capiebat.
959 2003 1103 2059 Neque
1141 2006 1244 2046 enim
1280 2007 1580 2062 vituperandum
1615 2005 1691 2047 mel

129 2080 195 2114 aut
219 2086 394 2114 amarum
420 2079 495 2122 est,
531 2086 603 2112 nec
627 2072 926 2126 exquisitissimi
949 2072 1090 2128 quique
1112 2074 1203 2126 cibi,
1238 2089 1402 2129 quorum
1427 2083 1566 2116 auctor
1593 2076 1689 2115 deus

130 2148 212 2192 est,
246 2141 362 2182 iidem
392 2148 547 2191 tamen,
592 2139 623 2180 si
655 2140 753 2180 febri
786 2140 1051 2182 laborantibus
1079 2142 1258 2193 dederis,
1304 2144 1426 2184 amari
1464 2144 1502 2184 in
1534 2144 1689 2184 illorum

130 2223 198 2250 ore
224 2209 483 2260 videbuntur3
529 2223 606 2249 non
633 2209 734 2263 quod
759 2208 911 2249 illorum
937 2210 1113 2251 suavitas
1144 2211 1405 2252 amaritudine
1435 2212 1513 2252 ulla
1543 2212 1690 2253 suffusa

130 2279 203 2330 sit,
239 2278 307 2319 sed
335 2279 434 2333 quod
458 2285 712 2332 aegrotorum
745 2284 882 2331 gustus
907 2277 1120 2319 iniucundo
1148 2279 1213 2320 illo
1237 2294 1378 2335 sapore
1401 2280 1553 2321 oblatos
1580 2280 1688 2320 cibos

130 2346 327 2388 infecerit.
383 2344 439 2386 lta
464 2345 637 2400 quisquis
661 2360 682 2385 a
709 2345 877 2386 veritate
902 2345 1075 2398 aberrat,
1112 2361 1355 2402 nequaquam
1381 2348 1426 2389 ab
1452 2362 1498 2388 ca
1523 2348 1561 2388 in
1584 2349 1689 2388 frau-

131 2416 218 2456 dem
240 2415 420 2455 inductus
443 2421 518 2455 est.
564 2413 644 2455 Sed
665 2414 711 2454 ad
732 2414 938 2454 veritatem
961 2415 1239 2470 degustandam
1261 2417 1368 2457 velut
1392 2430 1548 2457 amaros
1572 2416 1689 2456 animi

131 2497 272 2524 sensus
298 2483 452 2533 attulit,
497 2483 662 2537 ideoque
685 2490 723 2523 et
748 2482 786 2522 in
812 2483 1111 2524 amaritudinem
1137 2484 1286 2525 veritas
1313 2491 1372 2525 est
1394 2484 1446 2524 illi
1477 2497 1687 2524 conversa.

132 2549 213 2593 Sed
240 2559 282 2592 ut
306 2551 352 2592 de
380 2552 552 2605 puerulis
577 2550 819 2606 potissimum
842 2565 1028 2606 agamus,
1064 2553 1152 2607 quid
1180 2553 1225 2592 de
1248 2553 1323 2593 illis
1344 2553 1517 2593 dicemus
1550 2551 1614 2607 qui
1645 2552 1894 2599 inMatth.2,1⁶.

133 2617 337 2660 Bethleem
375 2617 545 2661 Iudaeae
581 2619 744 2661 subinde
778 2626 937 2675 propter
962 2618 1164 2661 Christum
1198 2621 1318 2661 occisi
1353 2622 1470 2661 sunt?
1529 2618 1691 2673 Quaero

132 2695 261 2729 utrum
286 2701 410 2729 necne
436 2689 609 2730 coeleste
641 2702 804 2742 regnum
843 2688 1046 2729 consecuti
1075 2688 1181 2729 sint?
1240 2688 1458 2730 Enimvero
1488 2688 1692 2730 consecuti

177 2790 209 2824 3.
233 2792 369 2831 Reposui
391 2788 509 2833 πικρὸν
534 2787 616 2824 αὐτὸ
640 2801 699 2831 pro
729 2787 886 2834 πικρότα-
938 2794 1138 2832 Quamquam
1159 2794 1214 2824 hoc
1225 2801 1344 2832 quoque
1364 2794 1429 2824 loco
1444 2793 1691 2825 Carnariusver-

132 2847 198 2873 τον,
224 2846 294 2868 cum
320 2837 476 2868 Gatahero
498 2837 640 2868 Adverss.
664 2838 791 2869 Miscell.
817 2847 887 2877 cap.
937 2840 972 2868 tit
996 2837 1028 2868 in
1055 2849 1112 2869 ore
1134 2837 1246 2879 ipsius.

134 2880 190 2913 36.
213 2881 376 2922 ρα9.810.
391 2905 401 2921 ,
424 2891 514 2922 quem
536 2883 627 2921 vide,
651 2883 677 2913 si
702 2884 791 2914 lubet.
984 2884 1013 2915 5.
1042 2884 1127 2914 Editi
1150 2885 1260 2914 habent
1287 2881 1431 2924 πικρίας.

180 2945 212 2980 4.
248 2945 350 2982 αὐτοῦ
385 2950 476 2981 codd.
519 2959 592 2981 mss.
653 2945 764 2984 αὐτῶν
808 2951 893 2982 editi.
985 2928 1017 2981 ,(3
1043 2929 1128 2959 Edili
1152 2929 1263 2959 habent
1287 2927 1440 2961 παιδίων·

992 2985 1016 3006 A.
1041 2966 1130 3006 οὗτοι
1148 2974 1217 3005 cod.
1239 2974 1371 3013 Rhediy.

213 3024 330 3061 Corpus
348 3025 529 3054 naen-escol.
549 3025 586 3053 Π.
607 3027 632 3054 2.
1364 3031 1417 3072 36
