2030 3324
464 211 644 243 PANARII
671 211 754 243 Lis.
775 212 815 243 n.
843 212 949 246 ToM.
971 213 1009 244 u.
1036 212 1312 246 meamne.
1588 203 1668 245 633

121 291 318 346 discipulis
344 289 425 331 suis
455 289 554 330 bene
585 297 825 345 precaretur,
862 306 954 332 usus
980 306 1069 333 esse
1095 292 1260 346 legitur,
1293 296 1419 341 Pater,
1445 295 1492 332 da
1515 295 1592 332 illis
1613 295 1666 332 υί-
1686 299 1876 334 tonna-lm.

122 370 194 401 lam
218 361 354 399 habere
379 361 416 397 in
441 361 671 410 semetipsis:
717 362 808 398 haec
836 368 891 399 est
915 369 1036 400 aulem
1063 365 1136 400 vita
1160 369 1312 400 aelerna
1328 392 1338 408 ,
1375 369 1417 400 ut
1441 369 1670 413 cognoscant

122 437 156 469 te
185 430 305 468 solum
343 441 467 465 verum
498 429 627 474 deum,
671 435 707 466 et
728 443 831 480 quem
861 432 999 468 misisti
1019 433 1139 468 Iesum
1170 432 1374 468 Christum.
1441 428 1589 469 Verum
1622 429 1669 469 de

121 497 179 538 his
197 495 374 537 omnibus
401 494 476 534 iam
502 502 592 534 ante
607 495 889 550 disputavimus
913 496 950 536 in
974 510 1112 550 magno
1133 497 1198 536 illo
1221 497 1266 536 de
1291 494 1387 536 Fide
1411 497 1527 548 libro,
1554 511 1668 551 quem

120 579 189 620 pro
223 562 368 617 ingenii
397 562 520 602 nostri
550 564 819 605 mediocritate
854 571 967 619 atque
1000 564 1265 604 imbecillitate
1299 565 1459 605 fratrum
1493 573 1668 606 nostrum

120 632 300 689 precibus
327 637 366 671 et
389 630 675 673 hortationibus
701 632 852 673 adducti
881 632 1195 687 perscripsimuS,
1226 632 1286 672 cui
1304 632 1504 673 Ancorato
1530 646 1672 673 nomeu

120 701 353 750 indidimus,
398 706 602 753 propterea
635 701 759 754 quod,
795 707 976 754 quantum
1010 714 1079 754 pro
1104 699 1249 754 ingenii
1289 701 1412 741 nostri
1446 700 1575 755 inopia
1607 701 1672 740 ad-

120 769 281 810 iuvante
307 767 379 807 deo
406 768 592 821 consequi
617 769 836 823 potuimus,
872 781 920 808 ex
945 768 1131 808 universa
1162 768 1354 822 scriptura
1381 782 1476 808 vera
1507 782 1552 808 ac
1583 782 1672 822 ger-

121 851 235 878 mana
262 835 416 876 divinae
445 835 644 876 doctrinae
668 836 846 890 dogmata
874 836 1102 890 colligentes
1131 836 1232 877 velut
1263 851 1446 877 ancoram
1477 838 1669 891 quandam

120 906 158 946 in
187 919 322 945 eorum
353 905 414 959 qui
440 905 493 945 uti
528 904 675 944 vellent
706 905 894 958 gratiam,
940 904 1226 945 sanctissimam
1265 912 1415 959 patrum
1449 912 1672 946 nostrorum

120 974 256 1023 fidem,
291 981 329 1013 et
352 973 606 1028 apostolicam
632 986 678 1012 ac
703 972 985 1026 propheticam,
1020 972 1066 1012 ab
1089 972 1200 1012 initio
1225 973 1270 1013 ad
1296 973 1525 1014 hodiernum
1550 987 1672 1027 usque

120 1049 272 1097 tempus
304 1041 341 1081 in
378 1047 513 1081 sancta
545 1040 605 1080 dei
643 1040 811 1080 ecclesia
845 1040 1108 1094 praedicatam
1142 1040 1349 1081 manifeste
1382 1042 1671 1096 proposuimus,

121 1111 167 1151 ad
192 1109 408 1150 fulciendos
433 1116 468 1149 et
495 1107 749 1148 stabiliendos
776 1108 951 1158 animos,
998 1121 1046 1148 ne
1072 1108 1214 1149 diaboli
1241 1109 1471 1149 commentis
1495 1122 1540 1149 ac
1572 1110 1675 1149 frau-

120 1178 230 1219 dibus
255 1177 326 1218 huc
349 1177 516 1231 illucque
546 1176 801 1226 iactarentur,
837 1183 902 1216 aut
924 1190 977 1217 ex
1004 1176 1050 1216 iis
1075 1184 1346 1231 tempestatum
1374 1177 1554 1218 fluctibus
1577 1190 1674 1231 quos

120 1247 255 1288 variae
282 1246 320 1286 in
355 1245 449 1285 orbe
486 1244 673 1285 haereses
712 1245 911 1300 multiplici
938 1244 1153 1299 agitatione
1181 1252 1431 1286 commovent
1452 1244 1676 1286 detrimenti

121 1316 325 1370 quicquam
350 1313 590 1368 acciperent.
656 1310 724 1354 Sic
749 1313 851 1354 enim
878 1321 917 1353 et
939 1312 1150 1367 discipulos
1176 1327 1270 1354 suos
1295 1314 1474 1354 dominus
1497 1313 1674 1354 edocuit:

121 1387 187 1432 Si,
224 1382 372 1436 iuquit,
407 1384 508 1434 quod
529 1385 636 1421 initio
658 1384 818 1421 audistis
843 1385 880 1421 in
906 1383 1008 1421 vobis
1040 1385 1241 1430 manserit,
1276 1397 1340 1421 vos
1363 1386 1400 1422 in
1427 1397 1483 1422 me
1512 1383 1842 1425 manebe'-1oann.15,
1858 1390 1883 1418 4.

123 1456 190 1500 tis,
237 1459 274 1490 el
308 1466 378 1502 ego
411 1454 448 1489 1'11
480 1451 604 1489 vobis:
648 1465 716 1502 ego
739 1454 777 1489 in
794 1458 908 1503 patre
941 1458 977 1489 et
1003 1465 1065 1489 vos
1089 1454 1127 1489 ιἸι
1159 1465 1227 1490 me.
1293 1448 1417 1503 Igitur
1439 1464 1560 1491 verae
1588 1450 1675 1491 fidei

121 1520 302 1569 decreta,
339 1532 437 1573 quae
463 1532 483 1558 a
511 1516 670 1559 Christo
696 1519 853 1558 domino
881 1518 926 1559 ab
951 1518 1062 1559 initio
1089 1525 1248 1574 accepta
1277 1525 1389 1569 sunt,
1433 1532 1553 1573 penes
1586 1534 1676 1560 san-

122 1595 223 1628 ctam
248 1587 309 1627 dei
343 1586 550 1627 ecclesiam
587 1587 775 1627 resident.
841 1585 1012 1641 Ideoque
1038 1588 1172 1628 eadem
1206 1586 1271 1627 illa
1305 1586 1366 1627 dei
1403 1587 1594 1637 ecclesia,
1638 1595 1677 1628 et

122 1655 344 1696 orthodoxa
370 1655 466 1695 fides
500 1655 537 1694 in
567 1655 722 1695 domino
749 1662 900 1706 manet,
946 1663 984 1696 et
1017 1655 1241 1710 unigenitus
1269 1654 1447 1696 dominus
1481 1656 1519 1696 in
1548 1663 1674 1711 patre,

124 1731 163 1765 et
189 1731 300 1778 pater
324 1724 362 1764 in
387 1723 490 1774 filio,
526 1731 564 1764 et
589 1737 659 1764 nos
686 1723 723 1763 in
749 1723 835 1779 ipso
862 1737 931 1779 per
954 1724 1130 1778 spiritum
1154 1730 1350 1775 sanctum,
1385 1723 1418 1763 si
1445 1724 1557 1764 modo
1583 1731 1678 1765 tem-

124 1793 183 1848 pla
216 1792 428 1833 efficiamur
457 1792 647 1832 eiusmodi
673 1805 771 1846 quae
796 1799 971 1832 sanctum
1006 1792 1089 1832 eius
1122 1792 1298 1847 spiritum
1326 1791 1502 1847 capiant3
1545 1806 1679 1847 quem-

125 1862 329 1903 admodum
355 1860 555 1916 apostolus
580 1860 773 1914 loquitur:
822 1863 893 1899 lbs
925 1863 1097 1913 templum
1128 1863 1192 1900 dei
1215 1865 1327 1909 estes,
1371 1869 1410 1900 et
1431 1864 1588 1913 spiritus
1619 1863 1883 1906 de2‘1.c‹>r.3,16.

123 1932 272 1970 habitat
296 1933 333 1969 in
357 1930 472 1968 vobis.
537 1927 710 1968 Proinde
734 1929 830 1969 deus
858 1943 906 1969 ex
935 1929 1007 1969 deo
1040 1929 1199 1984 spiritus
1227 1937 1310 1981 est,
1346 1943 1414 1985 per
1437 1943 1549 1984 quem
1584 1935 1680 1969 tem·

123 1999 182 2054 pla
207 1997 332 2039 sancti
360 1997 519 2052 spiritus
545 1997 812 2052 appellantur,
859 1998 891 2037 si
917 1997 1039 2052 ipsius
1075 1997 1111 2037 in
1143 1997 1255 2038 nobis
1292 1997 1471 2053 spiritum
1504 1997 1679 2038 habitare

123 2067 329 2122 patiamur.
394 2065 546 2120 Quippe
577 2063 724 2106 Christi
746 2065 906 2120 spiritus
930 2065 1088 2120 spiritus
1113 2072 1174 2107 est
1196 2080 1216 2107 a
1240 2073 1349 2122 patre
1372 2066 1606 2121 procedens,
1640 2072 1678 2106 et

123 2135 320 2190 accipiens
353 2149 373 2175 a
405 2134 508 2184 filio,
543 2141 584 2174 ut
614 2134 697 2189 ipse
730 2141 898 2174 testatur
927 2134 1168 2188 unigenitus.

239 2202 351 2257 Quae
380 2217 451 2243 nos
482 2202 610 2242 omnia
646 2202 685 2242 in
716 2216 763 2243 eo
792 2216 904 2257 quem
939 2202 1109 2244 diximus
1145 2202 1244 2243 libro
1276 2202 1434 2242 uberius
1459 2201 1673 2256 explicavi·
1738 2214 1815 2257 Cap.

124 2286 233 2324 mus,
268 2285 380 2326 quem
409 2270 523 2311 etiam
559 2271 596 2310 in
624 2268 891 2326 Pamphyliam
926 2285 971 2312 ac
995 2270 1181 2312 Pisidiam
1215 2271 1405 2311 misimus,
1471 2269 1556 2310 Hoc
1583 2284 1679 2310 vero
1698 2259 1861 2292 XXVffl·

124 2341 237 2391 loco,
273 2339 453 2394 qnoniam
479 2340 523 2379 ad
551 2352 619 2379 eas
642 2339 858 2380 sententias
886 2340 932 2380 de
963 2339 1103 2394 quibus
1129 2340 1311 2394 deinceps
1335 2338 1512 2393 quaestio
1546 2353 1678 2379 move-

125 2416 188 2450 tur
211 2408 478 2464 pervenimus,
514 2408 739 2448 necessario
768 2408 903 2448 eadem
927 2416 1107 2464 repetere
1135 2407 1368 2457 studuimus,
1404 2413 1562 2461 propter
1589 2406 1679 2447 hae-

124 2477 224 2518 resis
254 2476 366 2517 huius
391 2476 632 2516 conditorem
658 2475 797 2517 Arium
824 2484 863 2517 et
883 2478 1054 2518 Arianos
1080 2477 1163 2518 eius
1188 2476 1385 2526 asseclas,
1421 2489 1496 2529 quo
1523 2489 1677 2516 omnem

123 2546 275 2587 illorum
300 2544 586 2600 improbitatem
610 2544 888 2596 discutiamus,
924 2559 1023 2600 qnae
1049 2553 1086 2586 et
1109 2546 1144 2586 id
1167 2545 1265 2599 quod
1291 2544 1402 2584 dulce
1427 2543 1547 2584 estin
1572 2558 1677 2584 ama-

124 2629 233 2665 rum,
268 2621 307 2654 et
332 2614 473 2654 bonum
509 2613 547 2653 in
582 2613 749 2665 malum,
794 2620 832 2653 et
859 2613 984 2653 lucem
1018 2614 1056 2654 in
1083 2613 1265 2654 tenebras
1300 2611 1511 2652 convertit.
1574 2610 1677 2653 Nam

124 2684 315 2724 adversus
350 2682 539 2723 eiusmodi
565 2681 740 2722 homines
768 2685 842 2720 Vae
872 2682 962 2722 illud
991 2682 1150 2722 omnino
1189 2695 1257 2736 per
1284 2679 1424 2721 lsaiam
1452 2681 1677 2736 prophetam
1698 2691 1807 2727 leurs,
1825 2693 1867 2721 το.

125 2752 304 2792 dominus
335 2751 594 2806 imprecatur,
628 2754 696 2802 qui
715 2751 809 2789 bona
832 2754 870 2789 ιἰι
892 2753 990 2790 mala
1015 2758 1255 2789 commutant.
1322 2748 1499 2803 Quorum
1524 2750 1676 2804 quidem

125 2833 263 2862 caussa
291 2834 533 2874 nequaquam
558 2818 813 2859 adscribenda
846 2819 918 2859 deo
951 2826 1033 2869 est,
1077 2819 1144 2859 sed
1179 2818 1337 2859 cuilibet
1369 2818 1557 2871 istorum,
1592 2819 1677 2860 sive

124 2947 224 2993 brarii
248 2947 382 2978 alicuius
402 2955 503 2978 errore
524 2947 561 2977 de
579 2947 720 2986 muryine
741 2947 879 2984 repetita.
974 2944 1004 2976 5.
1030 2941 1120 2985 παρὰ
1152 2944 1209 2977 τοῦ
1242 2942 1368 2986 πατρὸς
1400 2946 1527 2977 coniecit
1554 2946 1682 2991 Voemel.

170 2994 203 3022 4.
228 2987 294 3024 ἀπὸ
320 2993 495 3024 emendavit
517 2994 623 3024 Pelav.
660 2992 747 3022 Libri
769 2992 880 3022 habent
927 2991 970 3022 ad
994 2991 1114 3021 Nicoloi
1138 2991 1267 3022 Methon.
1294 2991 1407 3022 Anecd.
1434 2992 1468 3022 P.
1491 2992 1536 3030 I.‚
1559 3001 1590 3030 p.
1610 2992 1657 3021 Η.

125 3032 200 3070 ὑπὸ.
973 3034 1050 3067 οη.
1067 3035 1229 3070 xxviu.
1253 3054 1294 3061 -
1323 3037 1349 3068 1.
1374 3037 1462 3068 Libri
1487 3032 1541 3069 ὑπ’
1566 3031 1682 3070 αὐτοῦ.
