2066 3319
230 578 297 605 pas-Y.
314 569 374 597 710.

222 2064 310 2106 Κεφ.
336 2061 376 2107 β’.

239 2750 304 2778 pag.
320 2742 379 2770 711.

391 211 470 250 556
954 212 1116 245 εΑΝοΤΙ
1139 213 1367 245 ΕΡΙΡΗΑΝΠ

390 292 530 347 καινὴν
553 290 754 346 διαθήκην
775 294 914 342 σαφῶς
939 291 1058 331 εἰπεῖν
1082 290 1378 343 ἀποστηθίζων,
1411 291 1478 331 καὶ
1500 291 1554 338 εἷς
1588 294 1604 318 1
1620 286 1718 330 αὐτοὶ
1747 285 1932 342 ἐξηγησά-

392 378 527 414 μενος,
569 359 797 415 ἐδογμάτισε
835 357 921 413 παρ’
967 359 1092 414 ἑαυτῷ
1124 356 1203 399 ἀπὸ
1237 360 1481 410 κενοφωνίας
1513 358 1654 399 ἑαυτοῦ
1691 355 1786 410 ὅπερ
1824 354 1932 411 αὐτῷ

393 431 499 478 ἔδοξε
528 429 592 470 καὶ
625 427 647 469 ὃ
678 425 913 480 ὖπειςῆλθεν
944 423 1062 482 αὐτῷ.

506 495 694 538 Βούλεται
717 493 791 550 γάρ
822 495 889 535 καὶ
918 488 1034 542 οὗτος
1065 491 1135 546 τὴν
1163 491 1289 548 σάρκα
1317 493 1370 546 μὴ
1402 494 1636 535 ἀνίστασθαι
1658 491 1700 533 vd
1729 489 1932 545 παράπαν,

395 563 487 606 ἀλλά
512 563 583 617 τήν
607 561 739 616 ψυχὴν
757 560 998 615 μονωτάτην.
1062 560 1337 613 Πνευματικην
1363 561 1404 602 δὲ
1434 559 1504 614 τήν
1537 558 1747 601 ἀνάστασιν
1777 557 1933 610 φάσκει,

393 634 460 674 καὶ
482 631 555 673 ὅσα
579 633 682 673 ἔστιν
706 629 787 671 ἀπὸ
809 634 887 670 τῶν
908 632 1032 669 θειῶν
1054 632 1220 682 γραφῶν
1250 630 1305 676 εἶς
1334 629 1476 670 ἑαυτοῦ
1509 632 1605 668 νοῦν
1637 625 1934 679 ἀναλεξάμενος,

395 699 520 748 οὕτως
551 700 677 756 ἑαυτῷ
713 696 974 752 ε’πεσῶρευσεν
1013 693 1172 737 ἀτόπων
1205 695 1434 748 πλάσματα,
1480 692 1609 736 2άττα
1644 698 1776 746 φαῦλα
1811 693 1936 748 ἑαυτῷ

396 765 718 821 μηχανησάμενος
747 764 850 819 πρὸς
876 763 1061 805 σύστασιν
1092 768 1161 816 τῆς
1196 761 1318 804 αὐτοῦ
1358 763 1553 817 αἱρέσεως.
1604 757 1679 803 ςἨν
1712 762 1754 803 δὲ
1786 759 1809 802 ὅ
1837 758 1935 815 ἀνὴρ

398 838 614 889 ἔκπληκτος
642 838 689 891 τῇ
714 831 836 874 αὐτοῦ
873 830 1053 884 ἀσκήσει,
1095 832 1158 872 καὶ
1192 829 1411 883 δυνάμενος
1445 835 1574 870 πεῖσαι
1604 827 1751 882 ψυχάς·
1795 826 1936 869 αὐτίκα

397 904 531 945 πολλοὶ
556 906 634 943 τῶν
656 900 836 954 ἀσκητῶν
860 904 938 940 τῶν
959 901 1187 954 Αἰγυπτίων
1211 896 1316 955 αὐτῷ
1338 896 1661 950 συναπήχθησαν.
1724 893 1844 949 Οἶμαι
1863 893 1937 950 γάρ

397 972 458 1014 ὅτι
480 972 569 1025 περὶ
594 967 840 1017 ἀναστάσεως
864 972 1034 1022 νεκρῶν,
1067 964 1119 1015 ῶς
1139 965 1337 1021 ἠρνήσατο
1360 964 1431 1018 τήν
1454 970 1523 1018 τῆς
1546 963 1692 1020 σαρκός
1714 962 1937 1014 ἀνάστασιν,

398 1038 477 1081 ἀπὸ
496 1038 728 1092 Ὠριγένους
754 1035 823 1085 τάς
858 1033 1077 1090 προφάσεις
1102 1032 1290 1086 εἰληφώς,
1333 1032 1360 1086 ἢ
1391 1031 1455 1085 ἀφ’
1492 1034 1633 1074 ἑαυτοῦ
1661 1036 1730 1085 τῆς
1761 1033 1940 1078 διανοίας

399 1112 513 1149 τοῦτο
542 1106 732 1158 ἐξεμέσας.
798 1102 856 1144 Οὐ
878 1103 1135 1157 παραδέχεται
1166 1096 1282 1150 οὗτος
1305 1100 1446 1156 γάμον·
1491 1097 1667 1152 3φάσκει
1700 1097 1798 1140 εἶναι
1823 1102 1938 1140 τοῦτο

396 1178 567 1222 παλαιᾶς
598 1170 807 1225 διαθήκης.
874 1169 975 1218 Τοῦς
1010 1170 1078 1222 μὲν
1102 1169 1174 1224 γάρ
1206 1170 1296 1223 περὶ
1325 1167 1394 1210 τὸν
1413 1166 1590 1223 Ἁβραάμ
1625 1168 1692 1208 καὶ
1711 1165 1844 1207 Ἰσαάκ
1872 1166 1940 1207 καὶ

395 1240 536 1294 Ἰακῶβ
555 1241 621 1281 καὶ
646 1240 827 1281 Μωϋσέα
849 1239 917 1279 καὶ
937 1235 1108 1291 Ἀαρών,
1140 1238 1207 1278 καὶ
1229 1235 1380 1284 πάντας
1401 1235 1492 1284 τούς
1512 1233 1659 1290 ἆγίους,
1687 1231 1849 1275 Ἡσαΐαν
1873 1233 1940 1274 καὶ

397 1308 581 1363 Ἱερεμίαν
602 1306 749 1360 ὁμοίως
779 1307 947 1359 δέχεται,
988 1306 1055 1346 καὶ
1083 1303 1292 1359 προφήτας
1323 1302 1492 1358 ἡγεῖται,
1531 1303 1597 1344 καὶ
1620 1302 1942 1356 συγκεχωρῆσθαί

398 1392 494 1430 φησι
517 1378 558 1418 ἐν
587 1380 633 1433 τῇ
657 1378 808 1431 παλαιᾷ
830 1372 1006 1429 διαθήκῃ
1030 1376 1084 1428 τῷ
1112 1370 1223 1428 γάμῳ
1247 1370 1536 1421 συνάπτεσθαι,
1568 1368 1646 1411 ἀπὸ
1671 1369 1712 1410 δὲ
1733 1373 1804 1422 τῆς
1832 1370 1941 1421 ε’νδη-

399 1448 490 1498 μίας
514 1448 584 1485 τοῦ
611 1445 785 1498 Χριστοῦ
810 1441 945 1494 μηκέτι
965 1437 1033 1480 τὸν
1054 1438 1178 1494 γάμον
1201 1440 1506 1493 παραδέχεσθαι,
1539 1437 1632 1491 μήτε
1653 1435 1851 1479 δύνασθαι
1872 1434 1940 1478 αὖ·

395 1511 463 1554 τὸν
487 1515 742 1565 κληρονομεῖν
766 1510 964 1561 βασιλείαν
987 1505 1179 1562 οὐρανῶν.
1246 1509 1290 1548 Τί
1312 1505 1407 1562 γάρ,
1440 1507 1551 1559 φησὶ,
1582 1500 1681 1559 ’ἦλθε
1703 1510 1831 1546 ποιεῖν
1854 1521 1940 1546 και-

396 1579 466 1621 νὸν
487 1577 509 1620 ὁ
531 1577 665 1633 λόγος,
708 1576 734 1630 ἢ
755 1579 792 1617 τί
811 1574 949 1617 καινὸν
971 1571 1069 1628 ἦλθε
1091 1573 1254 1630 κηρύξαι
1280 1572 1541 1629 ὁμονογενής,
1571 1574 1638 1615 καὶ
1663 1577 1940 1628 κατορθῶσαι;

399 1649 432 1689 εἰ
457 1647 526 1700 μὲν
546 1645 619 1701 γάρ
647 1645 736 1699 περὶ
755 1642 888 1696 φόβου
912 1648 1034 1692 θεοῦ,
1065 1647 1179 1684 τοῦτο
1202 1640 1298 1696 εἶχεν
1322 1640 1343 1683 ὁ
1365 1641 1505 1695 νόμος·
1545 1643 1581 1683 εἰ
1599 1641 1640 1683 δὲ
1662 1641 1752 1696 περὶ
1781 1644 1850 1681 τοῦ
1873 1638 1940 1695 γά-

400 1732 500 1768 μου,
532 1711 792 1768 κεκηρύχασιν
817 1713 860 1752 αἱ
894 1713 1061 1766 γραφαί·
1094 1712 1129 1751 εἰ
1150 1711 1190 1752 δὲ
1210 1712 1299 1765 περὶ
1322 1709 1482 1761 φθόνου
1516 1710 1616 1751 4καὶ
1639 1709 1856 1757 πλεονεξίας
1877 1708 1945 1749 καὶ

400 1781 575 1831 ἀδικίας,
618 1784 740 1821 ταῦτα
768 1777 898 1820 πάντα
931 1784 1120 1833 περιεῖχεν
1151 1776 1177 1831 ἡ
1213 1777 1360 1820 παλαιοὶ
1393 1776 1580 1830 διαθήκη.
1640 1775 1715 1817 ζῈν
1746 1775 1787 1817 δὲ
1819 1774 1942 1828 μόνον

400 1854 514 1891 τοῦτο
542 1851 798 1903 κατορθῶσαι
815 1842 933 1900 ἧλθε,
965 1845 1007 1887 τὸ
1030 1845 1101 1898 τὴν
1119 1845 1344 1902 ἐγκράτειαν
1365 1844 1530 1900 κηρύξαι
1552 1847 1593 1888 ἒν
1611 1849 1664 1903 τῷ
1690 1843 1841 1901 κόσμῳ,
1874 1844 1940 1885 καὶ

400 1918 525 1974 ἑαυτῷ
557 1914 818 1966 ἀναλέξασθαι
849 1911 1006 1969 άγνείαν
1036 1915 1103 1955 καὶ
1134 1913 1370 1969 ἐγκράτειαν.
1417 1912 1539 1955 ’Ἀνευ
1563 1913 1606 1955 δὲ
1629 1911 1772 1955 τούτου
1795 1911 1848 1966 μὴ
1873 1911 1940 1954 δύ-

399 1990 549 2026 νασθαι
577 1988 656 2037 ζῆν.

520 2050 598 2100 Τάς
620 2052 661 2092 δὲ
685 2049 904 2106 προφάσεις
923 2049 1067 2098 ταύτας
1088 2048 1339 2102 πανταχόθεν
1360 2047 1604 2104 ἀναλέγεται,
1636 2047 1731 2090 ὅταν
1751 2049 1842 2106 εἴπῃ
1869 2047 1944 2100 ὅτι,

404 2120 484 2160 Καὶ
514 2117 581 2160 τὸν
616 2117 808 2174 ἁγιασμόν
841 2116 1000 2171 ιὑμῶν,
1041 2112 1089 2159 οῦ
1121 2118 1239 2172 χωρὶς
1261 2116 1329 2158 τὸν
1352 2116 1450 2158 θεὸν
1483 2115 1614 2164 οὐδεὶς
1643 2114 1796 2169 ὄψεται.
1852 2113 1946 2157 Ἐάν

403 2188 444 2229 δὲ
466 2189 627 2228 εἴπωσιν
647 2186 772 2243 αὐτῷ,
807 2190 904 2234 Πῶς
932 2184 953 2227 ὁ
979 2184 1194 2234 ἀπόστολος
1220 2186 1311 2238 ἔφη,
1349 2188 1483 2237 Τίμιος
1510 2182 1532 2225 ὁ
1553 2182 1677 2239 γάμος
1695 2185 1763 2225 καὶ
1784 2182 1811 2236 ἦ
1834 2186 1944 2237 κοίτη

404 2253 606 2308 ἀμίαντος,
637 2253 812 2309 πόρνους
837 2254 879 2294 δὲ
901 2254 965 2294 καὶ
989 2251 1148 2306 μοιχοῦς
1167 2258 1295 2307 κρινεῖ
1316 2251 1339 2294 ὁ
1358 2251 1468 2303 θεός,
1501 2256 1522 2280 2
1537 2252 1603 2293 καὶ
1625 2251 1751 2300 εὐθὺς
1769 2252 1946 2307 ἐπιφέρει

403 2318 524 2370 αὖθις
543 2323 663 2378 λέγων
677 2356 687 2373 ,
718 2320 911 2376 Ὑπερβάς
935 2322 975 2362 δὲ
1000 2319 1129 2375 ὀλίγον
1151 2321 1250 2375 λέγει
1272 2319 1351 2370 ὅτι,
1379 2318 1430 2360 Ἡ
1445 2317 1597 2374 ἄγαμος
1621 2323 1785 2376 μεριμνᾷ
1805 2317 1854 2360 τοὶ
1873 2322 1945 2360 τοῦ

404 2393 565 2445 κυρίου,
598 2394 683 2438 πῶς
706 2388 835 2444 ἀρέσει
860 2394 914 2446 τῷ
937 2391 1082 2445 κυρίῳ,
1114 2389 1179 2428 καὶ
1204 2386 1230 2440 ἦ
1252 2388 1470 2442 παρθένος·
1501 2385 1528 2440 ’ἡ
1546 2387 1588 2428 δὲ
1613 2385 1820 2442 γαμήσασα
1843 2403 1947 2442 μερι-

405 2463 481 2516 μνᾷ
509 2463 593 2507 πῶς
617 2457 747 2513 ἆρέσει
766 2461 820 2514 τῷ
843 2455 978 2511 ἀνδρὶ,
1010 2456 1077 2496 καὶ
1107 2456 1341 2509 μεμέρισται.
1401 2457 1457 2495 Εἰ
1473 2457 1606 2496 τοίνυν
1637 2455 1713 2496 ἐστὶ
1746 2453 1944 2509 μερισμός,

407 2532 492 2574 πῶς
513 2525 677 2567 δύναται
702 2524 806 2566 ὅπου
826 2522 1013 2579 μερισμός
1044 2523 1107 2564 ἐπὶ
1127 2521 1170 2563 vd
1195 2521 1292 2564 αὐτὸ
1318 2527 1579 2575 κοινωνῆσαι,
1618 2523 1686 2563 καὶ
1708 2523 1744 2562 εἰ
1765 2525 1849 2578 θεῷ
1873 2519 1947 2563 οὐκ

408 2592 582 2648 ἀρέσκει,
614 2591 705 2634 ἀλλά
727 2596 783 2649 τῷ
808 2592 945 2647 ἀνδρὶ,
977 2595 1063 2639 πῶς
1083 2589 1247 2631 δύναται
1271 2589 1379 2646 παρά
1403 2595 1490 2647 θεῷ
1515 2594 1731 2643 κεκτῆσθαι
1763 2587 1834 2642 τήν
1857 2593 1945 2642 κλη-

407 2664 613 2715 ρονομίαν,
657 2659 735 2701 Διά
763 2659 838 2716 γάρ
865 2658 934 2708 τοὶς
962 2660 1148 2714 πορνείας
1173 2659 1333 2706 ἕκαστος
1356 2656 1427 2711 τήν
1461 2659 1601 2699 ἑαυτοῦ
1625 2662 1792 2712 γυναῖκα
1817 2656 1945 2709 ἐχέτω,

406 2728 479 2769 οὐκ
511 2730 682 2770 ἐπαινῶν
719 2742 817 2781 φησι
856 2726 983 2782 γάμον
1015 2724 1109 2779 μετά
1147 2724 1219 2778 τήν
1253 2728 1495 2779 παρουσίαν,
1538 2723 1631 2766 ἀλλά
1655 2722 1946 2777 συμβαστάζων,

406 2798 472 2837 ἵνα
495 2794 548 2848 μή
572 2797 625 2844 εἰς
648 2794 826 2851 περιττόν
849 2794 1013 2849 ὄλεθρον
1038 2794 1266 2846 ἐμπέσωσιν.
1309 2794 1403 2834 Εἰσὶ
1424 2792 1497 2848 γάρ
1520 2790 1698 2844 εὐνοῦχοι
1721 2793 1761 2832 οἱ
1783 2789 1948 2839 ἓαυτοῦς

457 2921 532 2952 CAP.
561 2922 583 2951 Ι,
610 2940 653 2944 --
703 2921 730 2953 1.
754 2923 802 2953 Αη
827 2917 958 2958 αὔτάςῖ
1198 2921 1259 2950 len.
1295 2922 1321 2950 eb
1353 2920 1437 2950 editi.
1493 2918 1640 2950 petavius
1668 2917 1766 2948 voluit
1793 2912 1945 2957 φάσκων,

452 2966 482 2997 2.
507 2967 593 2996 Libri
615 2967 724 2997 habent
749 2962 843 2999 ἅττα.
1199 2965 1281 3004 quod
1305 2967 1332 2994 et
1354 2965 1432 2994 mihi
1450 2964 1562 3003 placet.

453 3011 482 3044 3.
509 3007 635 3054 φάσκει
657 3011 722 3042 cod.
743 3012 871 3051 Rhediy.
920 3007 1062 3053 φάσκειν
1087 3010 1153 3041 cod.
1247 3005 1278 3041 4.
1302 3006 1360 3041 καὶ
1384 3018 1442 3040 om.
1461 3010 1494 3039 in
1516 3007 1564 3038 ed.
1576 3008 1684 3039 Petav.
1709 3006 1812 3038 Colon.
1830 3009 1923 3046 repet.
