2056 3298
673 175 853 207 PANAau
879 176 960 207 Lm.
980 177 1020 210 11.
1044 177 1152 209 ToM.
1172 179 1196 208 1.
1684 171 1707 210 5

278 252 352 294 VI.
400 253 633 305 Adamiani,
667 254 713 295 ab
738 253 890 294 Adamo
912 256 1046 295 nescio
1069 270 1143 309 quo
1167 256 1325 297 vivente
1349 258 1405 297 sic
1427 257 1534 308 dicti,
1568 257 1710 298 ridicu-

162 324 238 364 lum
262 323 388 379 potius
412 337 521 377 quam
546 322 760 363 verisimile
785 323 922 376 dogma
949 323 1191 377 profitentur.
1253 324 1358 365 Nudi
1382 326 1541 381 quippe,
1576 326 1708 380 quales

163 406 214 432 ex
241 399 350 431 utero
377 391 509 431 matris
536 391 685 445 egressi
717 398 829 441 sunt,
876 391 946 431 viri
977 392 1135 445 perinde
1168 406 1212 431 ac
1240 393 1421 433 mulieres
1451 395 1704 444 conveniunt,

161 468 276 514 atque
298 459 351 500 ita
373 459 629 510 lectionibus,
664 459 904 510 orationibus
928 472 973 498 ac
997 459 1139 499 ceteris
1162 460 1363 514 religionis
1385 463 1517 502 officiis
1541 464 1706 517 fungun-

162 535 247 579 tur,
295 535 333 568 et
368 528 549 568 videlicet
582 527 858 568 monachorum
900 542 945 567 ac
980 526 1260 568 continentium
1297 529 1472 569 instituta
1508 538 1707 571 sectantur

160 596 389 652 nuptiasque
421 596 693 637 condemnant.
758 595 976 636 Ecclesiam
1015 610 1109 635 vero
1149 610 1256 637 suam
1289 594 1516 638 Paradisum
1559 614 1706 640 nuncu-

160 672 265 720 pant.

274 730 366 773 VH.
416 731 644 787 Sampsaei‚
689 732 772 772 sive
804 731 1008 783 Elcesaei,
1053 733 1099 773 ad
1132 733 1229 773 hanc
1261 733 1359 773 diem
1393 733 1429 773 in
1459 733 1605 774 Arabia
1639 736 1704 776 de-

158 808 268 856 gunt,
303 815 417 856 supra
439 799 640 841 Mortuum
662 799 796 851 Mare,
831 799 959 840 Elxae
984 801 1181 842 cuiusdam
1207 802 1564 856 pseudoprophetae
1591 803 1703 843 disci-

159 869 251 925 puli.
310 868 343 909 E
364 869 472 910 cuius
493 869 614 924 stirpe
636 867 813 909 Marthus
835 875 872 908 et
893 867 1090 910 Marthina
1117 870 1279 910 feminae
1302 871 1398 911 duae
1421 877 1548 911 aetate
1571 879 1702 912 nostra
1726 911 1730 914 .

156 938 405 992 prodierunt,
450 951 544 992 quas
572 938 728 977 dearum
756 937 879 977 instar
908 937 1081 978 haeresis
1110 938 1182 978 ista
1211 939 1343 978 coluit.
1410 937 1555 979 Eadem
1586 954 1701 994 porro

157 1021 240 1047 cum
274 1005 487 1046 Ebionaeis
520 1006 676 1046 omniuo
709 1006 897 1046 sentiunt.

268 1142 382 1185 VIII.
431 1142 691 1183 Theodotiaui
724 1157 744 1183 a
770 1142 976 1184 Theodoto
1005 1144 1173 1184 coriario
1201 1144 1422 1200 Byzantino
1455 1144 1560 1185 dicti.
1625 1144 1701 1199 Qui

155 1213 320 1255 Graecis
346 1212 493 1252 artibus
519 1212 691 1267 apprime
717 1211 787 1251 fuit
810 1212 1024 1253 institutus.
1089 1212 1163 1253 Hic
1187 1227 1271 1253 cum
1297 1213 1384 1253 aliis
1409 1214 1632 1268 quibusdam
1662 1215 1700 1254 in

155 1297 200 1323 ea
232 1295 330 1336 quae
363 1288 441 1322 tum
474 1280 675 1321 saeviebat
704 1281 977 1335 persecutione
1006 1282 1333 1336 comprehensus,
1378 1297 1464 1322 cum
1493 1281 1588 1322 socii
1616 1282 1699 1322 eius

157 1364 292 1392 omnes
316 1348 543 1405 martyrium
565 1349 777 1399 obiissent,
812 1349 918 1389 solus
944 1350 1054 1389 fidem
1080 1350 1262 1390 eiuravit.
1327 1348 1387 1392 Ob
1413 1351 1525 1405 idque
1550 1352 1699 1407 probris

153 1420 344 1475 appetitus
376 1418 411 1458 id
441 1418 705 1472 excogitavit,
755 1424 794 1457 ut
818 1415 1015 1458 Christum
1043 1420 1183 1458 nudum
1212 1433 1298 1459 esse
1327 1419 1519 1460 hominem
1545 1435 1699 1461 assere-

153 1496 227 1538 ret,
263 1501 310 1527 ne
336 1486 486 1527 crimini
511 1487 582 1526 sibi
609 1486 709 1526 istud
734 1493 970 1538 verteretur,
1005 1487 1103 1540 quod
1128 1488 1210 1526 eius
1234 1487 1474 1528 divinitatem
1497 1497 1695 1542 negasset.

266 1554 342 1596 IX.
387 1553 734 1595 Melchisedeciani
760 1553 1091 1594 Melchisedecum
1119 1555 1171 1595 ita
1198 1563 1457 1606 venerantur,
1501 1564 1540 1597 ut
1565 1556 1697 1598 Virtu-

152 1633 227 1666 tem
254 1638 342 1665 esse
367 1624 555 1677 quandam
582 1622 780 1673 iactiteut,
815 1637 891 1663 nou
918 1623 1111 1663 hominem
1137 1624 1349 1664 duntaxat:
1384 1633 1422 1665 et
1451 1625 1489 1665 in
1519 1626 1601 1666 eius
1629 1641 1697 1666 no-

151 1693 253 1734 mine
286 1693 414 1733 faeere
447 1706 491 1732 ac
523 1692 653 1731 dicere
685 1691 811 1731 omnia
845 1705 1085 1745 nequaquam
1119 1692 1306 1732 dubitant.

262 1759 318 1801 X.
371 1758 703 1800 Bardesianistae.
770 1758 1032 1799 Bardesianus
1057 1760 1130 1800 iste
1157 1774 1177 1800 e
1199 1759 1486 1816 Mesopotamia
1510 1762 1695 1803 oriundus

149 1831 342 1872 sinceram
369 1829 478 1869 fidem
505 1828 614 1869 initio
640 1828 866 1884 complexus
893 1835 976 1878 est,
1011 1842 1056 1868 ac
1083 1828 1273 1883 sapientia
1301 1831 1508 1884 praestitit.
1570 1829 1648 1872 Sed
1674 1845 1695 1872 a

150 1901 317 1940 veritate
341 1905 475 1953 postea
500 1898 689 1938 recedens
712 1898 845 1937 eadem
871 1911 954 1937 cum
978 1895 1188 1937 Valentino
1213 1898 1364 1949 docuit,
1400 1906 1554 1953 praeter
1573 1915 1695 1955 pauca

149 1968 362 2023 quaedam,
397 1966 436 2006 in
471 1965 607 2021 quibus
641 1966 686 2006 ab
718 1966 783 2006 illo
815 1965 1022 2020 discrepat.

261 2034 339 2076 XI.
386 2034 589 2076 Noe'tiani.
651 2033 807 2075 No'e'tus
840 2034 899 2074 hic
925 2032 1178 2089 Smyrnensis
1207 2049 1258 2076 ex
1281 2035 1378 2076 Asia
1406 2037 1489 2077 suit..
1553 2035 1629 2091 Qui
1654 2039 1693 2079 in

149 2105 266 2145 altum
301 2103 475 2144 sublatus
517 2118 601 2143 cum
643 2103 728 2143 aliis
761 2102 985 2157 quibusdam
1023 2104 1242 2158 patrililium
1277 2118 1457 2145 asserere
1493 2103 1692 2147 Christum

150 2187 266 2214 ausus
286 2180 361 2223 est,
397 2173 638 2226 eundemque
663 2178 810 2226 patrem
832 2185 876 2211 ac
900 2172 1013 2212 filium
1037 2180 1075 2212 et
1095 2172 1271 2227 spiritum
1297 2181 1471 2214 sanctum
1495 2188 1581 2215 esse
1605 2189 1692 2230 pro-

150 2241 272 2292 fiteri,
308 2255 350 2282 se
383 2255 479 2281 vero
509 2239 704 2295 Moysen,
739 2241 899 2280 fratrem
931 2255 1041 2281 suum
1074 2241 1274 2282 Aaronem
1308 2242 1452 2282 dicere.

262 2308 363 2351 XII.
415 2308 579 2350 Valesii.
642 2309 717 2359 Hi,
761 2316 943 2363 quantum
968 2310 1165 2365 suspicor,
1207 2309 1371 2352 Bacatlli
1395 2311 1587 2362 habitant,
1627 2313 1690 2367 qui

151 2387 210 2420 est
239 2378 412 2419 Arabiae
443 2377 777 2433 philadelphensis
809 2378 1012 2433 primarius
1041 2379 1167 2419 vicus.
1232 2377 1349 2419 iidem
1381 2380 1611 2420 accedentes
1643 2382 1690 2422 ad

150 2462 238 2489 sese
258 2454 432 2487 castrare
455 2447 597 2487 solent.
663 2447 719 2486 Ac
742 2446 913 2501 plerique
933 2446 1034 2486 inter
1056 2447 1141 2487 illos
1167 2447 1330 2487 eunuchi
1353 2454 1439 2488 sunt
1465 2458 1503 2488 et
1521 2450 1685 2490 exsecti.

151 2516 306 2556 Habent
329 2522 367 2556 et
389 2516 463 2555 alia
489 2515 675 2569 quaedam
700 2515 846 2555 erroris
871 2514 1094 2569 plenissima
1119 2516 1319 2570 dogmata,
1353 2523 1467 2570 atque
1491 2517 1593 2558 inter
1615 2519 1689 2559 alia

150 2585 275 2639 legem
301 2598 345 2625 ac
368 2583 574 2639 prophetas
598 2584 792 2624 reiiciunt.
853 2582 1059 2624 Postremo
1083 2584 1383 2625 innumerabiles
1408 2585 1453 2625 ad
1480 2586 1543 2626 illa
1567 2587 1689 2628 foedi-

150 2660 250 2694 tates
283 2653 482 2693 adiiciunt.

149 2782 198 2812 sui
218 2774 393 2820 ἐπᾶρματι,
417 2782 450 2810 ut
468 2780 550 2810 idem
568 2782 646 2811 recte
667 2781 841 2812 emendavit
862 2782 894 2811 in
940 2778 998 2812 καὶ
1021 2779 1086 2813 τῶν
1111 2780 1302 2820 ποοφητώυ,
1326 2789 1364 2811 ex
1386 2782 1498 2813 Ioanne
1519 2783 1685 2814 Damasce-

149 2827 213 2857 loco
233 2827 359 2865 gemello
382 2826 554 2864 Anaceph.‚
577 2827 629 2856 ubi
650 2829 732 2856 extat
758 2823 809 2868 ἐφ’
831 2821 892 2866 <iip-
938 2836 986 2857 πο.
1027 2827 1099 2856 Cod.
1121 2826 1246 2863 Rhediy.
1269 2827 1360 2856 eled
1379 2828 1556 2865 pr.har›e11c
1577 2838 1684 2870 σαφη-

152 2882 248 2912 ματι,
283 2871 365 2910 quod
395 2871 487 2901 habes
515 2872 608 2901 etiam
634 2873 721 2910 apud
747 2873 891 2903 loannem
937 2870 966 2903 νί
972 2873 1058 2909 ζωπ
1063 2881 1076 2905 :
1100 2871 1156 2902 τοῦ
1182 2882 1207 2901 i.
1233 2882 1262 2902 κ.
1288 2882 1315 2903 τ.
1341 2882 1473 2914 προφητ
1476 2873 1530 2905 (fia.
1579 2875 1612 2905 In
1637 2875 1685 2905 ed.

148 2917 388 2947 Damascenum.
440 2917 493 2947 Sic
517 2917 600 2947 haer.
622 2917 742 2956 LXIX,
773 2917 803 2949 ὅ.
828 2919 893 2947 init.
939 2918 1043 2948 Percu.
1062 2917 1170 2954 leyilur
1191 2911 1292 2958 ‹iou-¹1,
1298 2919 1366 2955 1022·
1370 2928 1402 2955 ες
1426 2916 1482 2950 τὸ)
1503 2916 1600 2959 νόμω
1627 2919 1685 2952 καὶ

150 2955 343 3002 'Excipitur'-
366 2958 429 3002 γὰρ
454 2957 537 3001 ἐρῇε
539 2960 572 2998 ὶς
598 2974 613 2995 0
641 2973 679 3003 γτ
672 2961 745 3003 'poni
770 2966 823 2993 etc.
1040 2971 1214 3001 προφητας
1266 2966 1394 2993 veterem
1417 2965 1604 3002 scripturam
1626 2967 1683 2996 Pe-

205 3008 237 3038 δ.
272 3007 398 3038 Correxi
430 3002 532 3048 ‹ion-›-
535 3006 668 3046 οἷ’-’,οντες
701 3007 759 3040 -οῦ
792 3006 892 3049 νόμον
938 3009 1040 3037 tacius
1064 3007 1224 3038 adnotavit
1248 3009 1279 3039 in
1304 3018 1403 3048 marg.
1428 3018 1502 3040 suae
1527 3011 1596 3041 edit.
