2076 3324
521 182 702 216 PANARn
727 183 809 215 Lm.
829 184 869 216 11.
894 184 1000 216 ToM.
1022 186 1044 217 1.
1068 184 1200 217 HAER.
1220 185 1346 217 XLIX.
1656 177 1704 215 41,

412 343 814 392 ADVERSUS
873 344 1469 405 QUINTILLIANOS

166 425 258 473 sive
295 424 571 488 Pepuzianos
612 429 654 472 et
689 424 995 472 Priscillianos
1037 426 1193 486 quibus
1234 427 1444 474 accedunt
1491 432 1533 474 et
1568 427 1707 474 Arto-

445 505 631 564 tyritae‚
669 505 864 552 haeresis
892 504 1087 563 XXIX„
1123 505 1216 552 sive
1243 504 1410 552 XLIX.

278 604 542 659 Quintilliani,
576 607 638 659 qni
665 614 703 646 et
729 605 940 661 Pepnziani
967 612 1178 654 vocantur,
1219 612 1258 645 et
1283 607 1526 661 Artotyritae
1553 622 1596 646 ac
1619 606 1704 647 Pri-
1732 610 1808 650 Cw-
1836 609 1858 638 1-

164 674 352 724 scilliani,
394 674 495 713 inter
518 672 695 729 Phrygas
723 681 954 722 censentur,
1002 680 1039 712 et
1062 673 1106 713 ah
1135 673 1180 713 iis
1206 674 1333 713 exorti
1359 682 1471 723 sunt,
1515 676 1580 714 sed
1611 690 1706 714 non-

165 742 257 782 nihil
281 749 407 783 tamen
435 743 669 798 discrepant.
732 741 887 782 Etenim
915 739 1093 795 Phryges
1123 741 1183 781 isti
1212 743 1295 782 sive
1324 740 1556 782 priscilliani
1583 742 1705 796 Quin-

163 810 281 851 tillam
308 818 373 851 aut
397 810 609 851 Priscillam
626 843 636 861 ,
681 823 804 864 neque
832 810 932 849 enim
960 817 1044 849 utra
1067 809 1117 849 sit
1140 817 1247 849 certo
1270 810 1438 860 scimus,
1481 811 1548 850 sed
1574 811 1704 850 harum

164 879 322 920 alteram
355 880 485 920 dicunt
510 878 691 934 Pepuzae
718 879 922 932 aliquando
948 892 1085 918 somno
1112 885 1346 933 correptam.
1410 878 1511 918 Tum
1545 879 1589 918 ad
1622 893 1704 918 eam

164 948 412 987 descendisse
439 945 636 988 Christum
669 961 713 987 ac
740 947 852 987 simul
886 961 969 987 rum
1003 946 1085 1001 ipsa
1118 946 1305 987 eiusmodi
1334 946 1462 987 habitu
1484 946 1704 997 dormiisse,

162 1023 204 1056 ut
226 1030 323 1056 vana
350 1016 573 1056 muliercula
599 1015 780 1055 iactabat.
843 1017 1045 1063 Mzde'ebrae',
1082 1015 1218 1069 inquit,
1252 1019 1373 1067 speeie
1397 1030 1441 1054 ae
1465 1023 1562 1054 veste
1584 1018 1706 1068 splen-

162 1087 248 1124 dida
274 1088 373 1123 venit
393 1088 443 1123 ad
466 1100 521 1123 me
546 1087 739 1132 Christus,
776 1087 935 1137 miliique
960 1087 1177 1135 sctpt‘elzlz'am
1205 1087 1360 1131 z'mlz'tle'l,
1395 1092 1505 1136 alque
1528 1086 1626 1123 lamec
1652 1086 1702 1122 lo-

161 1169 243 1193 cum
267 1162 434 1193 sanctum
465 1168 544 1192 esse
569 1156 822 1205 segm'st'earil,
869 1156 906 1192 ιἸι
937 1167 1089 1205 eumque
1113 1161 1279 1191 scmctam
1305 1155 1538 1191 Hierusalem
1567 1154 1702 1191 delabi.

163 1220 224 1264 Ob
250 1222 285 1262 id
312 1222 518 1262 nonnullae
545 1223 589 1262 ad
617 1222 842 1261 hodiernum
872 1235 992 1275 usque
1017 1229 1167 1276 tempus
1194 1221 1375 1261 mulieres
1404 1236 1446 1261 ac
1472 1221 1544 1261 viri
1571 1222 1706 1261 eodem

161 1291 303 1331 initiari
331 1290 433 1330 cultu
459 1290 609 1341 solent,
653 1297 695 1330 ut
719 1289 858 1330 ibidem
883 1290 1125 1330 excubantes
1152 1287 1349 1330 Christum
1379 1290 1705 1345 contemplentur.

162 1358 423 1414 Quamobrem
449 1359 532 1399 sive
558 1359 654 1414 apud
678 1358 798 1408 istos,
833 1359 916 1398 sive
943 1359 1041 1413 apud
1068 1357 1268 1414 Phrygas,
1303 1359 1571 1414 prophetissae
1597 1358 1707 1398 l'emi-

161 1442 234 1468 nae
257 1435 541 1483 nuncupantur.
598 1426 685 1467 Nec
708 1435 880 1467 utrorum
905 1427 938 1467 id
964 1428 1178 1467 institutum
1202 1427 1252 1466 sit
1275 1428 1370 1467 satis
1390 1427 1584 1482 comperi3
1619 1442 1701 1482 pro-

163 1504 294 1553 pterca
328 1498 427 1553 qnod
460 1496 716 1536 communiter
748 1496 892 1550 (legunt
924 1502 1037 1550 atque
1071 1495 1169 1535 idem
1203 1496 1339 1549 dogma
1374 1496 1618 1551 profitentur.

273 1701 488 1758 Utrumque
516 1717 631 1758 porro
657 1709 928 1743 testamentum
955 1702 1159 1753 adhihent,
1204 1710 1241 1743 et
1263 1710 1501 1742 mortuorum
1528 1715 1704 1742 resurre-
1732 1705 1808 1748 Cap·
1835 1706 1872 1737 Η-

161 1773 329 1813 ctionem
360 1772 587 1827 approbant.
657 1770 884 1825 Quintillum
923 1784 1017 1811 vero
1058 1785 1143 1811 cum
1180 1769 1360 1811 Priscilla
1399 1778 1579 1811 auctores
1615 1785 1705 1811 snas

161 1841 399 1896 praedicant,
427 1855 538 1894 quam
561 1848 599 1880 et
615 1838 794 1894 Phryges
819 1839 1030 1880 asciscunt.
1093 1838 1239 1879 Multas
1260 1846 1298 1880 et
1317 1839 1551 1880 vanissimas
1574 1847 1706 1880 aucto-

160 1909 297 1950 ritates
319 1909 611 1949 circumferunt.
667 1908 912 1962 Singularem
938 1907 1044 1948 Evae
1066 1907 1228 1962 gratiam
1251 1908 1438 1958 tribuunt,
1466 1909 1564 1963 quod
1587 1908 1706 1962 prima

161 1978 206 2018 de
239 1977 424 2018 scientiae
459 1978 585 2018 fructu
618 1977 844 2017 comederit.
909 1975 1096 2017 Sororem
1124 1990 1218 2017 vero
1243 1975 1396 2032 Moysis
1424 1977 1705 2033 prophetissam

160 2046 360 2097 iactitant,
405 2047 513 2086 cuius
540 2047 720 2101 exemplo
748 2060 818 2086 suo
846 2045 898 2085 illi
924 2046 1225 2101 cooptandarnm
1258 2046 1294 2085 in
1327 2046 1470 2086 clerum
1502 2046 1704 2086 mulierum

160 2115 336 2155 instituto
368 2115 646 2168 suffragantur.
710 2113 814 2168 Quin
848 2121 885 2154 et
915 2121 1105 2168 quatuor,
1148 2114 1348 2169 inquiunt,
1391 2113 1588 2169 Philippus
1618 2129 1705 2169 pro-

160 2183 351 2238 phetissas
383 2184 478 2223 filias
509 2183 654 2223 habuit.
718 2181 1012 2237 Saepenumero
1043 2183 1080 2222 in
1108 2184 1259 2223 illorum
1286 2184 1491 2223 ecclesiam
1516 2181 1591 2223 Vll
1618 2195 1874 2229 t·11m.-xct.21,9.

161 2252 307 2293 facibus
341 2252 515 2306 virgines
550 2251 842 2305 ingrediuntur,
889 2251 1048 2291 candida
1089 2259 1222 2303 veste,
1269 2260 1308 2292 ut
1347 2252 1485 2307 populo
1526 2251 1705 2292 videlicet

160 2321 315 2361 oracula
349 2322 526 2361 reddant.
592 2319 675 2360 Hae
708 2334 793 2360 cum
825 2321 991 2374 speciem
1027 2321 1216 2375 quandam
1243 2321 1385 2361 suroris
1419 2335 1507 2374 prae
1541 2334 1583 2360 se
1608 2320 1705 2360 tule-

159 2390 259 2440 rint,
294 2389 533 2430 adstantibus
556 2389 742 2438 illudunt,
777 2396 810 2428 et
836 2390 879 2429 ad
905 2389 1032 2429 fletum
1057 2397 1293 2444 provocant,
1327 2390 1418 2430 ntis
1443 2389 1703 2444 poenitentiae

160 2458 284 2499 luctus
308 2472 394 2498 esse
419 2458 610 2498 videatur.
673 2456 774 2498 Nam
798 2464 835 2497 et
859 2458 1051 2513 lacrymas
1077 2460 1327 2512 profundunt,
1364 2465 1400 2497 et
1427 2464 1506 2497 toto
1528 2458 1703 2512 corporis

158 2536 270 2582 gestu
304 2527 420 2566 vitam
456 2526 649 2566 bominum
687 2526 901 2580 deplorant.
972 2527 1084 2581 Apud
1122 2528 1278 2567 eosdem
1315 2526 1495 2566 mulieres
1531 2527 1701 2582 episcopi

159 2602 249 2635 sunt
272 2602 310 2635 et
331 2595 546 2650 presbyteri
563 2627 572 2644 ,
607 2602 645 2635 et
669 2595 714 2634 ad
740 2601 893 2635 ceteros
915 2596 1055 2649 gradus
1081 2595 1321 2648 alleguntur,
1356 2595 1496 2634 nullum
1521 2603 1557 2635 nt
1581 2611 1702 2637 sexus

160 2664 366 2704 discrimen
391 2671 587 2703 servetur.
642 2666 738 2702 Nam
763 2667 800 2702 ιή
825 2666 972 2703 Christo
993 2667 1077 2703 Iesu
1100 2679 1217 2716 neque
1237 2679 1314 2702 mas
1334 2671 1391 2701 est
1409 2679 1525 2716 neque
1543 2667 1697 2717 semina.
1723 2678 1791 2705 Gal.
1813 2677 1839 2711 3,
1864 2678 1907 2705 29.

159 2731 270 2772 Haec
303 2739 393 2772 sunt
425 2746 520 2786 quae
553 2733 598 2772 de
631 2732 705 2772 illis
731 2733 946 2787 comperire
972 2732 1182 2787 potuimus,
1247 2730 1430 2772 Ceterum
1460 2732 1702 2788 Artotyritas

161 2801 317 2841 eosdem
344 2800 487 2840 idcirco
514 2808 677 2851 vocant,
722 2801 820 2855 quod
853 2802 899 2841 ad
929 2802 1157 2841 celebranda
1186 2801 1370 2855 mysteria
1401 2815 1469 2841 sua
1496 2817 1633 2857 panem
1665 2817 1703 2850 et

162 2882 315 2909 caseum
350 2868 546 2909 adhibent.

163 2972 214 3001 bat
234 2970 346 3013 φασίν,
369 2982 437 3003 cum
455 2976 602 3005 verteret:
625 2979 656 3004 et
678 2971 738 3004 alia
759 2983 841 3016 quae
857 2971 911 3004 ni-
1003 2972 1033 3005 3.
1061 2974 1123 3004 Hoc
1147 2971 1204 3005 καὶ
1227 2973 1389 3005 delendum
1417 2974 1548 3005 videtur.

163 3014 209 3046 hil
234 3015 366 3048 differre
391 3017 515 3049 dicunt.
