2056 3298
187 876 253 903 pass-
273 866 332 894 396-
353 856 508 901 ΤΑΔΕ
546 857 770 901 ΕΝΕΣΤΙ
816 857 914 900 ΚΑΙ
958 856 1039 900 ΕΝ
1081 855 1183 899 'ml
1219 855 1414 899 ΤΡΙΤΩΙ
1448 856 1633 900 ΤΟΜΩΙ
1668 857 1884 901 ΤΟΥΤΩΙ

347 937 462 981 ΤΟΥ
490 936 794 981 ΔΕΥΤΕΡΟΥ
826 935 1082 990 ΒΙΒᾹΙΟΥ,
1119 935 1156 978 Τ
1159 935 1415 978 ΕΤΑΡΤΩΙ
1447 935 1521 979 ΔΕ
1551 936 1691 980 ONTI
1726 936 1884 980 ΚΑΤΑ

381 1016 505 1060 ΤΗΝ
542 1016 623 1060 ΑΠ
651 1015 853 1060 ΑΡΧΗΣ
890 1015 1014 1058 ΤΩΝ
1043 1015 1253 1058 ΤΟΜΩΝ
1289 1015 1403 1059 ΤΟΥ
1430 1015 1684 1059 ΑΡΙΘΜΟΥ
1712 1015 1851 1060 AKO-

442 1096 721 1151 ΛΟΥΘΙΑΝ,
760 1095 840 1139 EN
868 1095 931 1139 ΩΙ
959 1094 1119 1138 ΕΙΣΙΝ
1156 1094 1426 1138 ΑΙΡΕΣΕΙΣ
1456 1094 1788 1139 ΔΕΚΑΟΚΤΩ.

459 1226 506 1267 α’.
554 1223 846 1281 1Ἐγκρατῖται,
878 1227 917 1267 οἳ
948 1222 1188 1278 ἀπόσπασμα
1210 1223 1441 1280 τυγχάνουσι
1471 1229 1684 1276 Τατιανοῦ,
1725 1224 1795 1267 τὸν
1816 1223 1884 1281 γά-

346 1311 418 1348 μον
441 1291 717 1347 ἀποβάλλουσι,
747 1297 816 1335 τοῦ
840 1297 1001 1334 Σατανᾶ
1022 1292 1239 1345 φάσκοντες
1258 1297 1400 1335 τοῦτον
1421 1291 1536 1335 εἶναι·
1568 1298 1697 1335 πᾶσαν
1721 1294 1763 1336 δὲ
1785 1291 1881 1336 ἄπα-

346 1360 578 1418 γορεύουσιν
611 1363 923 1416 ἐμψυχοφαγίαν.

460 1428 509 1483 β’.
552 1429 664 1470 Kato}
701 1428 915 1484 2Φρύγας,
962 1432 1001 1470 οἳ
1033 1430 1100 1470 καὶ
1130 1430 1400 1471 Μοντανισταὶ
1430 1430 1495 1471 καὶ
1532 1432 1881 1486 Τασκοδρουγῖται·

345 1500 486 1546 οἵτινες
518 1496 688 1538 παλαιάν
724 1498 793 1538 καὶ
824 1498 915 1538 νέαν
948 1496 1147 1550 διαθήκην
1178 1499 1374 1551 δέχονται,
1417 1498 1571 1552 ἑτέρους
1604 1498 1645 1539 δὲ
1675 1498 1885 1554 προφήτας

345 1566 651 1620 παρειςφέρουσι
681 1563 775 1618 μετα
803 1562 896 1613 τούς
922 1563 1150 1620 προφήτας,
1194 1564 1409 1607 Μοντανόν
1438 1584 1524 1607 τινα
1546 1563 1774 1620 αὐχοῦντες,
1816 1569 1882 1609 καὶ

347 1636 587 1689 Πρισκίλλαν
615 1634 682 1674 καὶ
713 1635 970 1685 Μαξιμίλλαν.

455 1700 499 1756 γ’.
543 1702 824 1752 Πεπουζιανοὶ,
856 1704 895 1742 οἳ
919 1701 985 1742 καὶ
1008 1702 1308 1752 Κυϊντιλλιανοὶ,
1341 1699 1401 1750 οἷς
1424 1701 1684 1744 συνάπτονται
1704 1700 1878 1759 Ἀρτοτυ-

344 1775 464 1824 ρῖται·
509 1770 550 1810 ἐκ
574 1768 723 1810 τούτων
750 1770 819 1822 μέν
844 1770 915 1810 εἰσι
938 1773 1016 1810 τῶν
1039 1767 1138 1810 κατά
1165 1768 1344 1824 Φρύγας,
1387 1771 1496 1825 ἕτερα
1527 1771 1568 1812 δὲ
1594 1769 1685 1824 παρ’
1710 1773 1882 1820 ἐκείνους

344 1839 630 1893 δογματίζουσι,
675 1836 886 1887 Πέπουζάν
919 1854 1004 1878 τινα
1035 1836 1149 1879 πόλιν
1174 1839 1319 1892 ἔρημον
1349 1836 1423 1880 dvo}
1452 1840 1569 1892 μέσον
1595 1842 1784 1888 Γαλατίας
1813 1841 1878 1882 καὶ

344 1908 635 1954 Καππαδοκίας
667 1904 952 1956 ε’κθειάζοντες,
998 1907 1064 1946 καὶ
1104 1903 1153 1959 δή
1193 1905 1339 1959 ταύτην
1370 1905 1618 1962 Ἰερουσαλὴμ
1649 1906 1878 1963 ἡγούμενοι,

343 1975 494 2031 γυναιξὶ
516 1974 557 2015 δὲ
579 1971 835 2022 ἀποδιδόντες
853 1972 895 2014 τὸ
921 1972 1050 2029 ἄρχειν
1071 1990 1110 2014 τε
1128 1975 1193 2015 καὶ
1215 1973 1435 2028 ἱερατεύειν.
1495 1980 1708 2018 Μυοῦνται
1731 1978 1774 2018 δέ
1793 1995 1880 2018 τινα

343 2045 466 2084 παῖδα
492 2047 815 2090 κατακεντοῦντες
843 2043 952 2093 νέον,
992 2043 1059 2084 καὶ
1091 2041 1140 2096 δὴ
1174 2047 1220 2100 τῇ
1250 2046 1459 2101 Κυϊντίλλῃ
1488 2042 1658 2099 Χριστὸν
1688 2046 1808 2086 ε’κεῖσε
1838 2046 1879 2086 ἐν

345 2109 534 2169 Πεπούζῃ
566 2108 896 2162 ἆποκεκαλῦφθαι
927 2112 968 2152 ἐν
1000 2112 1083 2167 ἰδέα
1112 2114 1271 2164 θηλείας
1299 2117 1633 2164 μυθοποιοῦνται·
1676 2113 1877 2167 κέχρηνται

341 2180 383 2221 δὲ
406 2177 589 2228 ὦςαύτως
606 2183 750 2236 παλαιᾷ
770 2180 836 2220 καὶ
860 2184 974 2237 καινῇ
997 2178 1196 2237 διαθήκῃ,
1228 2178 1324 2222 κατὰ
1345 2178 1416 2222 τόν
1437 2182 1533 2222 νοῦν
1555 2179 1623 2222 τόν
1643 2182 1746 2223 ἴδιον
1768 2198 1877 2236 μετα-

341 2247 585 2302 ποιούμενοι.

452 2382 497 2425 δ’.
548 2386 1019 2438 Τεσσαρεςκαιδεκατῖται,
1062 2386 1102 2426 οἱ
1131 2386 1222 2437 μίαν
1250 2382 1398 2440 ἡμέραν
1431 2389 1501 2426 τοῦ
1527 2386 1637 2433 ἔτους
1664 2383 1706 2427 τὸ
1738 2384 1877 2439 Πάσχα

343 2452 600 2502 ἐκτελοῦντες,
643 2454 682 2494 ἐν
709 2450 828 2510 όποίςι
860 2451 892 2493 δ’
916 2451 1043 2509 ἡμέρα
1069 2454 1216 2511 ἐμπέσῃ
1248 2451 1274 2506 ἦ
1297 2458 1366 2507 τῆς
1389 2451 1548 2506 σελήνης
1569 2455 1873 2508 τεσσαρεςκαιδε-

341 2518 463 2572 κάτη,
495 2519 582 2572 ἤτοι
607 2521 646 2562 ἐν
669 2520 873 2578 σαββάτῳ,
905 2519 993 2574 ἤτοι
1016 2522 1056 2562 ἐν
1077 2526 1267 2579 κυριακῇ,
1308 2522 1456 2575 ἐκείνην
1477 2537 1516 2562 τε
1537 2520 1787 2574 νηστεύοντες
1807 2522 1874 2563 καὶ

339 2585 628 2643 ἀγρυπνοῦντες
658 2590 915 2644 ἑορτάζουσιν.

451 2653 490 2696 ε’.
530 2654 688 2711 ’Ἁλογοι
715 2655 782 2709 ἀφ’
807 2655 918 2710 ἡμῶν
944 2657 1152 2710 κληθέντες
1182 2659 1223 2699 οἱ
1247 2656 1291 2700 τό
1319 2655 1537 2712 εὐαγγέλιον
1561 2654 1766 2707 Ἰωάννου,
1808 2657 1873 2698 καὶ

336 2721 405 2765 τὸν
436 2724 477 2764 ε’ν
504 2721 607 2781 αὐτῷ
632 2723 786 2767 ἄνωθεν
817 2723 894 2767 οἷπό
919 2723 1066 2780 πατρὸς
1097 2724 1155 2767 ἀεὶ
1177 2724 1276 2767 θεόν
1296 2725 1412 2780 λόγον
1437 2723 1785 2780 παρεκβάλλοντες,
1827 2723 1870 2766 td

175 2808 243 2838 pag.
261 2801 321 2828 397.
343 2789 564 2846 εὐαγγέλιον
597 2790 690 2834 adr&
725 2792 773 2847 δὴ
804 2792 845 2835 τὸ
876 2792 973 2835 κατά
995 2791 1179 2848 Ἰωάννην
1203 2793 1256 2848 μὴ
1282 2792 1500 2847 δεχόμενοι,
1542 2791 1636 2847 μήτε
1656 2790 1726 2846 τὴν
1750 2790 1872 2834 αὐτοῦ

335 2857 620 2912 Ἀποκοῖλυψιν.

382 2965 410 2995 1.
430 2964 516 2994 Libri
528 2965 649 3003 passim
667 2967 694 2996 et
706 2960 923 3007 Ἔγκρατίται
937 2968 984 2998 vel
997 2962 1078 3009 Ἐγ-
1169 2965 1199 2998 2.
1223 2967 1271 2998 lla
1291 2967 1418 2998 correxi.
1457 2961 1553 3006 Vu190
1571 2965 1651 2996 enim
1669 2967 1752 2996 extat
1771 2962 1870 2998 Κατὰ

335 3007 510 3051 κρατηταί.
1125 3009 1333 3054 Φρυγαστών
1368 3009 1426 3044 καὶ
1448 3009 1681 3045 Μοντανιστῶν
1716 3008 1775 3044 καὶ
1798 3008 1869 3043 Τα-
