2030 3324
133 491 221 535 Κεφ.
245 490 281 531 ξ’.

143 2086 211 2115 pag.
235 2078 295 2106 785.

134 2611 222 2655 Κεφ.
250 2608 300 2651 {ors

315 205 396 244 690
882 207 1044 239 εΑΝοΤῙ
1069 208 1293 240 EPIPHANH

318 287 454 334 πάθος
493 285 714 334 ἀνεδέξατο.
786 284 865 324 Καὶ
897 282 962 325 διά
992 282 1063 337 τὴν
1101 283 1287 338 τοιαύτην
1316 286 1546 338 οἰκονομίαν
1574 283 1646 338 τὴν
1677 282 1863 325 εὐδοκίαν

316 352 466 409 πατρὸς
496 356 699 407 σημαίνων
730 349 753 395 o‘
785 350 1003 401 άπόστολος
1042 353 1119 405 ἔφη
1159 351 1240 403 ὅτι,
1286 350 1329 393 Ὁ
1358 351 1455 402 θεὸς
1485 351 1638 409 ’ἤγειρεν
1668 349 1863 393 αῧτὸν’έκ

314 427 476 478 νεκρῶν.

429 487 687 543 Ἐπιφέρουσι
717 488 759 529 δὲ
790 489 854 530 καὶ
881 486 971 529 άλλο
999 485 1119 542 ρητόν
1146 488 1189 528 ἐκ
1215 491 1283 528 τοῦ
1306 486 1406 529 κατά
1429 493 1596 530 Λουκᾶν
1621 487 1862 543 εὐαγγελίου,

316 556 411 611 ὅπερ
436 558 515 599 ε’στὶ
533 557 747 598 θεσπέσιον
766 557 834 598 καὶ
857 558 1067 610 ἐξαίρετον,
1086 557 1153 597 καὶ
1173 556 1227 604 εἰς
1247 553 1376 596 πάντα
1396 555 1698 609 χρησιμώτατον.
1735 559 1864 596 Ποῖον

801 622 907 639 '‘ss‘'
997 627 1005 640 p

316 626 360 667 δέ
383 627 462 667 ἐστι
482 623 525 666 τὸ
554 623 695 679 ῥητόν,-
735 624 803 665 ἆλλ
836 643 861 678 η
886 641 1056 677 οπηνικα
1094 627 1108 652 ¹
1126 622 1198 679 γάρ
1225 624 1381 676 ἔμελλον
1409 621 1431 664 ὅ
1455 622 1593 678 κύριος
1617 625 1697 681 ἰδίᾳ
1719 621 1863 677 βουλή·

317 708 374 735 σει
407 694 472 735 ἐπὶ
508 692 551 734 τό
578 691 714 741 πάθος
739 691 868 745 ἥκειν,
908 691 1149 746 παραλαβών
1181 690 1275 740 τούς
1300 689 1483 744 μαθητάς
1514 693 1555 732 έν
1575 695 1630 749 τῷ
1654 690 1736 746 ὄρει
1764 688 1865 732 κατά

316 760 389 814 τήν
421 761 529 816 ὥραν
552 762 724 813 ἐκείνην,
757 762 886 813 διέστη
923 757 991 801 ἀπ’
1009 757 1139 801 αὐτῶν
1166 756 1254 808 ὥςεὶ
1277 762 1395 800 λίθου
1416 757 1558 812 βολήν,
1589 761 1656 802 καὶ
1678 757 1865 800 άπελθών

315 827 469 882 ηὔχετο,
506 830 602 871 2καὶ
629 830 743 884 ἔλεγε,
779 827 927 883 Πάτερ,
961 830 996 869 εἰ
1014 826 1197 878 δυνατὸν,
1224 828 1452 882 παρελθέτω
1474 825 1514 869 τό
1539 826 1727 881 ποτήριον
1748 831 1864 869 τοῦτο

315 895 381 939 ἄπ’
408 898 526 950 ἐμοῦ,
557 899 623 938 ἵνα
649 895 702 950 μὴ
727 894 822 938 αὕτό
847 899 943 938 πίω·
985 894 1087 949 πλην
1111 893 1182 949 οὐχ
1213 894 1234 937 ὃ
1259 894 1334 950 ἐγώ
1359 896 1486 946 θέλω,
1518 893 1594 936 ἄλλ’
1619 894 1641 937 ὃ
1663 894 1723 937 σύ.
1785 895 1866 936 Καὶ

315 971 473 1021 πρῶτον
500 966 569 1019 μὲν
599 964 717 1006 πάλιν
747 970 763 994 ³
779 967 1088 1017 προφασίζονται
1110 965 1150 1005 οἱ
1171 961 1283 1005 αὐτοὶ
1314 964 1487 1018 λέγοντες
1511 962 1592 1015 ὅτι,
1632 961 1759 1021 “Ορᾷς
1782 967 1867 1012 πῶς

317 1032 618 1087 4οἷποκριτικῶς
640 1034 752 1088 λέγει,
784 1034 852 1075 καὶ
875 1032 1059 1086 βούλημα
1081 1033 1359 1087 διηλλαγμένον
1382 1030 1597 1083 ὑποφαίνει
1617 1033 1750 1087 λέγων,
1784 1030 1867 1085 Οὐχ

316 1102 339 1145 ὃ
362 1102 436 1158 ἐγώ
462 1103 588 1153 θέλω,
621 1100 696 1143 ἄλλ’
723 1100 744 1143 ὃ
767 1099 837 1152 σύ,
878 1105 964 1150 πῶς
985 1095 1060 1142 οῦν
1081 1098 1107 1153 η’
1130 1099 1228 1154 αὐτή
1254 1100 1371 1142 οὐσία
1394 1099 1596 1155 τυγχάνει,
1628 1101 1774 1153 φασὶν,
1805 1098 1867 1142 ὅτι

317 1173 358 1213 ἐν
383 1168 489 1227 αὐτῷ
512 1168 644 1223 ἕτερόν
671 1171 748 1212 ἔστι
774 1170 970 1223 βούλημα,
1004 1169 1046 1210 ἐν
1069 1169 1110 1210 δὲ
1137 1173 1225 1226 5τῷ
1246 1170 1366 1223 πατρὶ
1388 1170 1538 1224 ἕτερον,
1571 1170 1650 1210 Καὶ
1678 1167 1866 1223 άγνοοῦσι

314 1237 386 1292 τὴν
408 1243 540 1280 πᾶσαν
561 1237 740 1290 δύναμιν.
803 1236 880 1278 Aeo}
905 1242 1021 1278 τοῦτο
1046 1235 1120 1292 γάρ
1145 1238 1212 1278 καὶ
1242 1235 1264 1278 ὅ
1287 1235 1504 1285 ἀπόστολος
1529 1237 1627 1289 ἔφη,
1660 1232 1713 1277 ³52
1735 1235 1867 1290 βάθος

315 1305 489 1348 πλούτου
515 1307 581 1347 καὶ
602 1308 746 1357 σοφίας
767 1306 834 1346 καὶ
853 1303 1034 1359 γνώσεως
1059 1309 1169 1346 θεοῦ.
1234 1307 1329 1352 Πῶς
1355 1302 1428 1359 γάρ
1453 1306 1558 1346 ἰ’διον
1577 1303 1758 1358 βούλημα
1788 1305 1866 1358 ἔφη

315 1372 423 1429 παρά
445 1372 487 1415 ‘co‘
511 1378 581 1415 τοῦ
603 1371 752 1427 πατρός
772 1372 975 1426 βούλημα,
1008 1370 1129 1414 ὁπότε
1152 1370 1273 1420 αὐτὸς
1296 1375 1476 1425 σημαίνει
1498 1371 1598 1427 πρὸς
1619 1370 1712 1421 τούς
1733 1379 1862 1426 μαθη-

315 1442 385 1490 τάς
409 1441 488 1493 ὅτι,
535 1440 774 1496 Τετάρακται
800 1438 827 1494 ἡ
851 1439 960 1494 ψυχή
985 1458 1083 1494 μου,
1123 1441 1211 1490 καὶ,
1258 1444 1303 1481 Τί
1328 1442 1451 1491 εἴπω,
1482 1440 1624 1496 πάτερ,
1664 1439 1791 1482 σῶσόν
1820 1456 1867 1494 με

316 1511 359 1552 ἐκ
392 1514 462 1563 τῆς
494 1508 600 1564 ὥρας
633 1508 794 1562 ταύτης·
840 1506 894 1557 ὥς
918 1513 1367 1564 προκατασκευαστικῶς
1397 1507 1439 1550 τὸ
1463 1507 1585 1563 ῥητόν
1609 1507 1866 1565 διηγούμενος

313 1579 382 1620 καὶ
406 1576 689 1630 ἒπαμφιβόλως
713 1582 760 1635 τῇ
788 1577 885 1627 λέξει
909 1578 1144 1631 κεχρημένος
1178 1576 1289 1628 6ὅτι,
1336 1580 1379 1618 Τί
1410 1579 1527 1628 εἴπω,
1557 1575 1699 1631 πάτερ,
1739 1575 1868 1619 σῶσόν

316 1663 362 1700 με
384 1647 427 1688 ἐκ
450 1651 520 1699 τῆς
547 1644 654 1698 ὥρας
676 1644 831 1698 ταύτης.
898 1650 1021 1687 Τοῦτο
1036 1683 1048 1697 ,
1079 1647 1199 1698 φησὶ,
1234 1649 1254 1674 ⁷
1269 1647 1386 1696 εἴπω,-
1418 1643 1512 1686 άλλά
1535 1643 1602 1687 διά
1624 1649 1741 1687 τοῦτο
1771 1639 1866 1698 ὃῆλ-

313 1721 393 1756 θον
416 1716 470 1763 εἰς
491 1713 562 1767 τήν
585 1713 692 1769 ὥραν
716 1712 873 1767 ταύτην.
924 1708 1051 1755 ςΗλθε
1075 1714 1117 1755 δὲ
1136 1711 1209 1755 οὐκ
1233 1712 1359 1765 ἄκων,
1391 1711 1470 1754 ἀλλ’
1496 1711 1608 1755 ἑκών.
1661 1712 1866 1768 Ἀνωτέρω

315 1781 389 1838 γάρ
421 1783 521 1837 λέγει
551 1781 631 1833 ὅτι,
679 1780 881 1835 Ποτήριον
904 1783 977 1835 ἔχω
999 1787 1125 1832 πιεῖν,
1156 1783 1225 1823 καὶ
1242 1785 1277 1823 τί
1303 1781 1461 1824 σπεύδω
1483 1783 1556 1831 ἕως
1577 1777 1627 1824 οῦ
1648 1784 1726 1824 πίω
1747 1779 1865 1832 αὐτός

316 1852 383 1892 καὶ
412 1849 616 1903 βάπτισμα
639 1851 711 1904 ἔχω
734 1853 1027 1904 βαπτισθῆναι,
1063 1851 1129 1892 καὶ
1154 1853 1189 1891 τί
1212 1851 1317 1892 θέλω
1342 1852 1377 1892 εἰ
1396 1849 1472 1904 ἤδη
1501 1852 1770 1904 ε’βαπτίσθηνς
1812 1850 1869 1891 Εἰ

315 1921 453 1960 τοίνυν
483 1920 591 1960 θέλει
625 1919 691 1959 καὶ
725 1917 905 1970 σπεύδει,
947 1919 1013 1961 καὶ
1036 1919 1135 1973 λέγει
1161 1920 1216 1967 εἰς
1239 1924 1354 1960 τοῦτο
1377 1917 1507 1972 ἥκειν,
1549 1923 1636 1967 πῶς
1659 1917 1748 1960 ἄλλο
1771 1916 1865 1971 βού·

316 1991 419 2040 λημα
447 1985 491 2028 τὸ
526 1985 650 2028 αὐτοῦ
684 1984 921 2038 ὑποφαίνει,
961 1988 1028 2028 καὶ
1061 1985 1152 2028 ἄλλο
1189 1985 1264 2028 9τὸ
1298 1991 1368 2029 τοῦ
1403 1986 1571 2041 πατρός,
1615 1985 1689 2028 ἄλλ’
1729 1984 1866 2040 ἐπειδὴ

316 2053 450 2108 ’ἤμελλε
474 2052 540 2097 διά
563 2059 634 2095 τοῦ
661 2052 813 2108 Ἰσραὴλ
842 2057 1162 2110 παραδίδοσθαι,
1194 2053 1484 2110 φιλάνθρωπος
1510 2053 1565 2097 ὧν
1591 2056 1658 2097 καὶ
1683 2053 1866 2108 φειδόμε·

314 2140 383 2172 νος
407 2127 480 2164 τοῦ
505 2123 728 2177 σπέρματος
754 2121 953 2177 Ἀβραάμ,
996 2125 1165 2165 ε’ποιεῖτο
1199 2121 1297 2178 ὑπὲρ
1331 2128 1401 2165 τοῦ
1423 2128 1521 2166 λαοῦ
1544 2122 1670 2179 λόγον.
1739 2121 1791 2164 Τό
1824 2122 1866 2164 δὲ

316 2190 497 2245 βούλημα
525 2187 573 2244 ἧν
603 2195 676 2233 τοῦ
708 2190 876 2246 πατρὸς,
916 2190 958 2233 τό
987 2190 1059 2244 τὴν
1082 2193 1315 2244 οἰκονομίαν
1345 2191 1448 2234 οὕτω
1478 2195 1759 2246 πληρωθῆναι,
1789 2193 1867 2232 τῶν

317 2261 416 2301 υἷῶν
437 2257 589 2313 Ἰσραὴλ
605 2262 823 2314 παραιτίων
846 2260 998 2308 ἑαυτοῖς
1020 2258 1147 2302 ὅντων
1168 2264 1237 2313 τῆς
1257 2264 1329 2302 τοῦ
1343 2262 1434 2302 υἱοῦ
1456 2262 1685 2315 προδοσίας,
1705 2260 1769 2301 καὶ
1796 2256 1867 2313 οὐχ

315 2326 395 2369 ’ὑπὸ
423 2331 526 2369 θεοῦ
552 2325 893 2383 ἀναγκαζομένων·
935 2329 1003 2369 καὶ
1037 2326 1107 2381 οὐχ
1139 2329 1271 2382 ἕτερον
1307 2327 1488 2385 βούλημα
1518 2323 1569 2383 ἧν
1603 2326 1647 2370 τὸ
1675 2332 1746 2370 τοῦ
1775 2329 1866 2370 υἷοῦ

316 2394 425 2449 παρά
457 2395 527 2437 τόν
560 2396 721 2451 πατέρα.
780 2394 870 2437 Ἀλλ’
908 2397 985 2438 ἔδει
1019 2394 1141 2438 αὐτόν
1170 2397 1237 2438 καὶ
1269 2398 1311 2438 ἐν
1343 2396 1468 2455 τούτῳ
1500 2402 1621 2438 ταῦτα
1657 2395 1864 2448 δεικνύειν,

314 2465 379 2504 ’ἵνα
406 2462 448 2505 τὸ
473 2467 552 2505 πᾶν
570 2468 640 2517 τῆς
662 2462 878 2517 μονότητος
909 2466 973 2506 ἐπὶ
1002 2463 1071 2506 τόν
1100 2466 1250 2519 πατέρα
1281 2463 1494 2522 άναγάγοι,
1526 2463 1627 2522 πρός
1650 2463 1694 2507 τό
1724 2463 1779 2518 μὴ
1801 2479 1864 2518 με·

317 2535 508 2587 ρισθῆναί
537 2549 573 2574 τι
602 2535 670 2585 τῆς
699 2535 790 2586 μίας
821 2531 997 2582 ἕνώσεως
1026 2534 1093 2574 καὶ
1123 2534 1362 2586 οἰκονομίας.

302 2635 310 2643 .
442 2601 523 2641 Καὶ
546 2603 720 2652 καθεξῆς
750 2601 822 2642 Ῑδὲ
852 2602 1028 2655 ἐπιφέρει
1062 2604 1206 2656 λέγων,
1241 2601 1311 2643 Ἐν
1334 2607 1389 2659 τῷ
1417 2600 1601 2655 εὔχεσθαι
1630 2598 1773 2651 αὐτόν,
1812 2597 1864 2649 ὥς

318 2666 527 2721 γενόμενος
568 2670 607 2710 ἐν
641 2666 791 2726 άγωνίᾳ
833 2670 1074 2723 2ἐμφέρεται
1116 2670 1157 2711 έν
1195 2673 1249 2726 τῷ
1290 2668 1390 2712 κατά
1428 2673 1598 2712 Λουκᾶν
1640 2668 1862 2726 εὐαγγελίῳ,

305 2732 493 2790 Ἵδρωσε,
526 2737 648 2790 φησὶ,
679 2738 747 2779 καὶ
778 2738 926 2793 ἐγένετο
959 2735 1083 2780 αὐτοῦ
1114 2734 1137 2779 ὅ
1168 2736 1288 2793 ἱδρώς
1311 2736 1398 2788 ω’ςεὶ
1420 2737 1597 2794 θρόμβοι
1613 2738 1774 2791 αἵματος
1795 2753 1863 2778 κα-

367 2882 444 2915 Cn.
460 2885 536 2915 LX.
564 2904 603 2909 —
633 2885 659 2917 1.
686 2884 727 2928 ἀρ
752 2888 819 2919 cod.
836 2888 966 2927 Rhediy.
1161 2883 1191 2918 4.
1216 2884 1442 2929 ἀποκριτικῶς
1452 2887 1626 2919 emendavit
1637 2887 1796 2918 Pelavius.
1810 2887 1864 2918 Li·

1116 2933 1162 2963 bri
1180 2933 1291 2963 habent
1311 2929 1542 2973 ὑποκριτικῶς.

1161 2978 1193 3009 5.
1226 2977 1275 3021 τῷ
1301 2987 1359 3010 om.
1396 2979 1430 3009 in
1460 2977 1506 3009 ed.
1536 2977 1648 3009 Petav.
1674 2977 1780 3009 Calon.
1813 2985 1863 3010 re-

362 3014 391 3048 3.
417 3014 699 3060 προφασιοίζονται
722 3021 769 3053 ed.
792 3023 892 3062 princ.
1110 3024 1174 3062 pet-

363 2949 395 2981 2.
422 2949 480 2983 καὶ
505 2961 564 2982 om.
589 2954 620 2983 in
645 2954 692 2984 ed.
719 2956 827 2986 Petav.
850 2956 954 2987 Colon.
977 2958 1066 2995 repet.
