2035 3309
194 313 279 356 Κεφ.
300 312 341 356 γ’.

192 1009 258 1036 pag.
277 1000 335 1028 4²4.

177 1739 263 1782 Κεφ.
289 1737 330 1773 δ’.

363 229 415 267 50
922 232 1083 264 SANCTt
1108 233 1327 265 EPJPHANH

484 314 499 338 1
514 312 559 350 Τί
580 307 776 361 φάσκουσι
794 310 927 350 τοίνυν
947 308 1169 364 οἷ”Αλογοις
1207 307 1358 360 Ταύτην
1379 307 1450 363 γάρ
1471 306 1603 357 αὐτοῖς
1627 310 1797 362 2τίθημι
1816 308 1887 362 τήν

363 380 607 430 ἐπωνυμίαν·
653 375 731 418 ἀπὸ
754 374 826 431 γάρ
850 379 918 429 τῆς
939 379 1054 431 δεῦρο
1077 376 1201 425 οὕτως
1219 374 1504 428 κληθήσονται,
1532 378 1598 418 καὶ
1619 376 1761 428 οὕτως,
1793 376 1883 432 ἀγα-

362 447 500 499 πητοὶ,
543 446 743 497 ἐπιθῶμεν
765 442 897 492 αὐτοῖς
918 443 1062 497 ὄνομα,
1101 445 1295 486 τουτέστιν
1322 441 1518 499 3’Ἀλογομ
1579 443 1701 498 Εἶχον
1723 444 1794 500 γάρ
1816 443 1887 497 τῆν

361 516 507 568 αἵρεσιν
531 513 793 565 καλουμένην,
835 510 1129 565 ἀποβάλλουσαν
1151 510 1332 553 Ἰωάννου
1360 510 1430 560 τάς
1454 514 1624 566 βίβλους.
1681 511 1789 554 Ἐπεὶ
1815 507 1887 554 οῦν

361 581 427 623 τόν
447 580 563 635 λόγον
585 579 633 622 ού
659 581 831 633 δέχονται
853 579 921 621 τόν
947 579 1052 635 παρά
1075 579 1259 621 Ἰωάννου
1281 581 1588 634 κεκηρυγμένον,
1619 578 1778 635 ’Ἀλογοι
1799 585 1887 633 κλη-

358 651 563 702 θήσονται.
619 646 829 702 Ἀλλότριοι
857 651 988 690 τοίνυν
1011 647 1254 689 παντάπασιν
1276 645 1516 701 ὑπάρχοντες
1544 653 1616 689 τοῦ
1639 646 1886 702 κηρύγματος

358 721 428 770 τῆς
450 715 635 770 ἀληθείας
656 714 866 771 ἀρνοῦνται
885 715 928 757 τό
949 715 1130 770 καθαρόν
1149 719 1218 756 τοῦ
1238 713 1507 769 κηρύγματος,
1551 717 1618 757 καὶ
1640 714 1729 758 οὔτε
1751 714 1794 757 τὸ
1816 720 1886 757 τοῦ

355 784 538 826 Ἰωάννου
572 782 790 839 εὐαγγέλιον
821 785 1012 838 δέχονται,
1055 782 1145 825 οὔτε
1168 781 1238 836 τήν
1265 781 1386 824 αὐτοῦ
1411 781 1693 836 Ἀποκάλυψιν.
1754 784 1834 824 Καὶ
1855 784 1890 824 εἰ

360 854 429 906 μὲν
448 854 619 906 ἐδέχοντο
642 852 684 894 τό
707 851 940 907 εὐαγγέλιον,
969 851 1038 904 τήν
1060 851 1101 892 δὲ
1118 849 1388 902 Ἀποκάλυψιν
1407 849 1681 904 ἀπεβάλλοντο,
1713 852 1887 906 ἐλέγομεν

360 920 407 962 ἂν
428 920 480 974 μή
502 938 556 973 πη
580 920 655 975 ἄρα
675 919 773 962 κατά
795 919 1065 974 ἀκριβολογίαν
1088 924 1202 960 τοῦτο
1227 923 1450 969 ποιοῦνται,
1493 917 1729 974 ἀπόκρυφον
1751 917 1803 972 μή
1829 921 1884 960 δε-

359 987 535 1042 χόμενοι,
577 987 642 1030 διὰ
671 988 717 1029 τά
752 990 791 1030 ἐν
822 994 869 1045 τῇ
892 986 1156 1039 Ἀποκαλύψει
1184 988 1342 1040 βαθέως
1372 987 1438 1028 καὶ
1463 991 1666 1036 σκοτεινῶς
1693 987 1884 1041 εἰρημένα.

356 1054 495 1098 Ὁπότε
524 1056 565 1097 δὲ
595 1054 642 1098 οὗ
666 1057 841 1110 δέχονται
863 1055 979 1107 φύσει
1004 1053 1050 1096 τὰ
1073 1057 1204 1108 βιβλία
1225 1054 1273 1095 τοὶ
1295 1053 1371 1096 ἀπό
1394 1059 1464 1096 τοῦ
1487 1053 1601 1110 ἆγίου
1623 1053 1805 1096 Ἰωάννου
1826 1070 1883 1095 κε-

357 1125 599 1179 κηρυγμένα,
641 1127 755 1165 παντί
777 1142 830 1180 τῳ
856 1126 970 1176 δῆλον
995 1125 1074 1176 εἴη,
1118 1122 1177 1164 ὅτι
1202 1117 1312 1164 οῦτοί
1335 1124 1405 1164 εἰσι
1428 1123 1492 1164 καὶ
1526 1125 1565 1164 οἱ
1585 1122 1715 1175 ὅμοιοι
1735 1122 1887 1171 τούτοις

357 1193 442 1246 περὶ
476 1187 531 1233 ὧν
568 1189 672 1232 εἶπεν
704 1190 727 1233 ὅ
758 1191 868 1246 ἅγιος
895 1189 1078 1244 Ἰωάννης
1113 1192 1154 1232 ἐν
1187 1196 1271 1238 ταῖς
1301 1195 1534 1239 καθολικαῖς
1566 1191 1783 1238 ἐπιστολαῖς
1813 1189 1886 1241 ὅτι,

355 1258 514 1313 Έσχάτη
540 1258 622 1314 ὥρα
643 1260 736 1310 ἐστὶ,
766 1260 832 1301 καὶ
853 1257 1044 1312 ἠκούσατε
1065 1258 1123 1301 ὅτι
1145 1257 1405 1312 Ἀντίχριστος
1427 1260 1590 1313 ἔρχεται·
1612 1259 1680 1300 καὶ
1703 1262 1775 1300 νῦν
1797 1256 1885 1299 ἰδοῦ

357 1326 613 1381 Ἀντίχριστοι
634 1328 781 1377 πολλοὶ,
811 1328 879 1368 καὶ
902 1326 948 1367 τοὶ
970 1328 1066 1380 ἑξῆς.
1129 1329 1442 1379 Προφασίζονται
1462 1325 1534 1381 γάρ
1557 1321 1679 1377 οὗτοι,
1711 1324 1882 1380 αἰσχυνό-

358 1412 468 1448 μενοι
488 1393 693 1449 ἀντιλέγειν
715 1399 767 1452 τῷ
794 1393 888 1452 ἁγίῳ
910 1393 1070 1452 Ἰωάννῃ
1085 1428 1094 1445 ,
1126 1393 1190 1435 διά
1212 1393 1254 1435 τό
1278 1395 1422 1435 εἰδέναι
1445 1392 1588 1443 αὐτούς
1611 1396 1677 1436 καὶ
1699 1392 1819 1436 αὐτόν
1845 1395 1886 1436 ἐν

357 1462 513 1519 ἀριθμῷ
543 1467 619 1503 τῶν
648 1460 874 1504 ἀποστόλων
903 1461 1015 1511 ὅντα,
1053 1463 1118 1503 καὶ
1144 1460 1396 1516 ἠγαπημένον
1428 1459 1505 1503 ’ὑπό
1538 1467 1607 1504 τοῦ
1636 1465 1797 1517 κυρίου,
1840 1461 1886 1510 ὂς

356 1529 473 1579 ἀξίως
491 1529 537 1570 τά
559 1528 749 1585 μυστήρια
771 1528 1013 1582 ἀπεκάλυψε,
1043 1530 1110 1571 καὶ
1129 1530 1192 1571 ἐπὶ
1214 1528 1257 1570 τό
1280 1534 1428 1582 στῆθος
1450 1528 1570 1571 αὐτοῦ
1589 1528 1759 1572 ἀνέπεσε.
1805 1530 1884 1570 Καὶ

354 1599 492 1653 ἑτέρως
515 1595 613 1639 αὐτοὶ
633 1595 859 1653 ἀνατρέπειν
879 1602 1095 1652 πειρῶνται.
1155 1598 1330 1652 Λέγουσι
1351 1596 1424 1652 γάρ
1446 1596 1500 1650 μὴ
1523 1595 1622 1639 εἶναι
1640 1596 1739 1639 αὐτοὶ
1757 1595 1882 1639 Ἰωάν-

354 1683 448 1715 νου,
480 1663 572 1706 ἀλλοὶ
597 1669 828 1721 Κηρίνθου,
857 1667 924 1707 καὶ
954 1664 1027 1707 οὐκ
1058 1664 1145 1714 ἅξια
1171 1662 1268 1706 αὐτά
1293 1679 1415 1717 φασιν
1441 1662 1541 1708 εἶναι
1569 1667 1611 1707 ἐν
1636 1667 1827 1722 ἐκκλησίᾳ.

470 1734 549 1774 Καὶ
581 1731 645 1775 ἀπ’
676 1732 797 1787 αὐτῆς
826 1739 896 1787 τῆς
926 1735 1107 1787 ἐπιβολῆς
1136 1731 1260 1781 εῦθῦς
1290 1734 1502 1788 ἐλέγχονται
1531 1732 1625 1787 μήτε
1654 1733 1680 1775 ἃ
1708 1735 1884 1789 λέγουσιν

354 1805 554 1852 νοοῦντες,
586 1800 678 1854 μήτε
702 1803 792 1857 περὶ
813 1804 928 1843 τίνων
949 1804 1275 1854 διαβεβαιοῦνται.
1337 1805 1433 1849 Πῶς
1454 1799 1528 1856 γάρ
1549 1803 1655 1843 ἔσται
1676 1805 1884 1857 Κηρίνθου

336 1867 401 1913 ,τά
425 1868 521 1910 κατὰ
544 1871 753 1924 Κηρίνθου
776 1870 955 1924 λέγοντας
1001 1868 1208 1924 Κήρινθος
1232 1868 1304 1924 γάρ
1327 1869 1557 1923 πρόςφατον
1583 1871 1651 1911 καὶ
1673 1868 1792 1923 ψιλόν
1816 1868 1884 1912 τόν

357 1935 527 1992 Χριστόν
558 1938 631 1990 ἔχει
657 1935 896 1992 ἄνθρωπον,
937 1935 958 1978 ὁ
988 1938 1028 1979 δὲ
1049 1935 1230 1991 Ἰωάννης
1258 1935 1317 1978 ἀεὶ
1343 1935 1434 1978 ὄντα
1457 1935 1525 1979 τόν
1546 1937 1662 1993 λόγον
1682 1936 1881 1992 κεκήρυχε,

352 2005 420 2046 καὶ
450 2003 606 2046 ἄνωθεν
630 2003 776 2058 ἥκοντα
800 2007 867 2047 καὶ
893 2007 1157 2060 σαρκωθέντα.
1213 2003 1303 2046 Ἀπ’
1326 2003 1448 2059 αὐτῆς
1467 2008 1600 2048 τοίνυν
1619 2010 1688 2060 τῆς
1710 2007 1883 2060 εἰςβολῆς

355 2071 569 2127 ἐλήλεγκται
587 2070 614 2126 ἡ
634 2071 784 2114 τούτων
806 2076 1205 2126 ματαιοσυκοφαντία,
1236 2076 1363 2127 μωρία
1386 2091 1443 2122 τις
1463 2069 1576 2125 οὖσα,
1605 2075 1672 2116 καὶ
1693 2072 1746 2128 μὴ
1768 2078 1881 2116 νοοῦ-

353 2154 402 2181 σα
427 2139 556 2182 πόθεν
577 2142 814 2196 διελέγχεται.
873 2147 1049 2184 Δοκοῦσι
1077 2141 1148 2197 γάρ
1171 2143 1238 2183 καὶ
1262 2139 1372 2183 αὐτοὶ
1395 2139 1442 2182 τά
1468 2143 1531 2183 ἰ’σα
1553 2139 1648 2195 ἡμῖν
1669 2141 1879 2184 πιστεύειν·

352 2207 406 2262 μή
427 2209 646 2262 κατέχοντες
665 2210 706 2251 δὲ
727 2208 773 2250 τά
797 2207 952 2263 ἀσφαλῆ
973 2215 1042 2252 τοῦ
1070 2211 1112 2251 ἐκ
1131 2214 1231 2251 θεοῦ
1257 2210 1588 2263 οἰκονομηθέντος
1610 2207 1705 2263 ’ἡμῖν
1725 2208 1790 2251 διά
1810 2214 1881 2251 τοῦ

352 2274 465 2331 άγίου
489 2275 673 2319 Ἰωάννου
695 2276 964 2332 κηρύγματος,
1005 2276 1287 2333 εὑρεθήσονται
1314 2276 1589 2332 διελεγχόμενοι
1616 2278 1657 2319 ἐν
1679 2275 1739 2326 οἷς
1765 2275 1876 2333 ἀγνο-

352 2349 459 2395 οῦσι,
501 2349 586 2394 πῶς
619 2343 717 2386 κατά
748 2343 818 2398 τῆν
848 2350 916 2398 τῆς
950 2344 1136 2399 ἀληθείας
1165 2347 1389 2400 ἐπαίρονται
1417 2349 1571 2401 γνῶσιν.
1631 2346 1711 2387 Καὶ
1741 2344 1808 2388 ἐάν
1840 2362 1880 2401 γε

351 2410 568 2464 θελήσωσιν
587 2410 790 2466 ἀνανῆψαι
810 2414 877 2454 καὶ
897 2418 1159 2467 κατανοῆσαι,
1188 2412 1415 2468 γνώσονται.
1471 2411 1604 2466 Ἡμεῖς
1620 2412 1692 2469 γάρ
1711 2411 1780 2462 τοὶς
1799 2411 1876 2455 ἀπὸ

351 2483 420 2520 τοῦ
453 2476 564 2534 ἁγίου
590 2479 810 2534 πνεύματος
834 2483 1084 2530 διδασκαλίας
1109 2479 1317 2536 ἀξιολόγως
1346 2482 1412 2523 καὶ
1435 2479 1732 2535 ήσφαλισμένως
1761 2480 1879 2530 οὔσας

352 2544 424 2587 οὐκ
446 2545 717 2602 ἀποβάλωμεν.
780 2548 982 2590 Φάσκουσι
1012 2548 1083 2604 γάρ
1114 2547 1207 2590 καθ’
1232 2550 1401 2600 ἑαυτῶν,
1444 2547 1492 2591 οὐ
1514 2547 1588 2604 γάρ
1613 2552 1760 2603 εἴποιμι
1779 2547 1878 2590 κατὰ

350 2618 420 2667 τῆς
442 2612 646 2668 ἀληθείας,
689 2616 748 2658 ὅτι
772 2615 820 2658 οὖ
842 2623 1048 2670 συμφωνεῖ
1067 2615 1113 2658 τά
1138 2615 1259 2658 αὐτοῦ
1286 2619 1415 2672 βιβλία
1436 2623 1519 2666 τοῖς
1539 2622 1691 2666 λοιποῖς
1712 2615 1876 2660 ἀποστό-

350 2686 440 2730 λοις.
500 2685 580 2725 Καὶ
610 2686 774 2726 δοκοῦσι
805 2683 942 2726 λοιπόν
971 2683 1306 2737 ἐπιλαμβάνεσθαι
1334 2690 1405 2738 τῆς
1427 2683 1539 2740 άγίας
1560 2686 1628 2726 καὶ
1654 2686 1798 2727 ἐνθέου
1821 2687 1877 2727 δι-

352 2752 579 2801 δασκαλίας,
608 2753 696 2803 καὶ,
733 2754 798 2800 Τί,
829 2753 972 2806 φησὶν,
1002 2749 1128 2802 εἶπεν,·
1169 2751 1248 2804 ὅτι,
1277 2751 1341 2793 Ἐν
1364 2750 1460 2809 ἀρχῇ
1485 2747 1536 2805 ῆν
1559 2750 1582 2794 ό
1603 2751 1733 2808 λόγος,
1763 2753 1830 2794 καὶ
1853 2750 1876 2794 ὁ

350 2816 463 2872 λόγος
483 2812 532 2871 ῆν
554 2817 655 2873 πρὸς
673 2817 742 2861 τόν
763 2818 860 2862 θεόν
873 2853 884 2871 ,
913 2820 980 2862 καὶ
1000 2818 1096 2868 θεὸς
1115 2814 1165 2873 ἧν
1187 2817 1209 2861 ὁ
1228 2818 1361 2874 λόγος·
1389 2820 1458 2861 καὶ
1479 2818 1558 2871 ὅτι,
1587 2817 1631 2860 Ὁ
1647 2818 1763 2875 λόγος
1781 2819 1875 2875 σάρξ

397 2942 472 2974 ΟΑΡ.
490 2943 546 2974 ΙΠ.
567 2961 609 2968 ——
636 2946 665 2977 1.
686 2944 730 2978 Τί
749 2943 937 2988 φάσκουσις
959 2947 1090 2978 scriben-
1179 2943 1210 2976 2.
1238 2945 1311 2976 Cod.
1338 2946 1437 2977 Venet.
1463 2942 1644 2988 &unffi-qm.

348 2989 603 3065 ξέἔιειηιέἀεὸαιυν
621 2999 679 3028 pro
700 2989 895 3033 Φάσκουσι,
918 2992 1000 3031 quod
1019 2992 1088 3023 libri
1176 2988 1207 3022 3.
1235 2990 1309 3021 God.
1339 2991 1436 3023 Venet.
1467 2986 1608 3033 ἀλόγων.
