2066 3319
248 1002 313 1030 pag.
331 995 388 1023 656.

217 1267 304 1310 Κεφ.
329 1265 394 1310 μγ’.

404 222 484 261 470
964 223 1124 258 SANCTI
1148 224 1372 256 EPJPHANII

406 306 446 347 δὲ
474 303 651 351 Ποσάκις
675 301 843 344 δεικνύει
867 300 932 343 διὰ
957 306 1174 356 προφητῶν
1204 301 1344 343 τούτου
1366 300 1528 351 συνάξαι
1559 299 1681 354 αὐτὴν
1705 302 1929 355 ἐπιμελησα-

406 373 535 425 μένου.
598 373 652 411 Εἰ
679 369 751 425 γαρ
775 368 1062 410 Ἀποκτένουσα
1092 368 1184 417 τούς
1216 368 1423 424 προφήτας
1453 370 1546 423 λέγει
1578 370 1822 423 ἐλεγκτικῶς,
1853 368 1931 424 ι’)ίρα

405 445 481 481 τῶν
505 443 720 494 προφητῶν
745 443 909 478 ποιεῖται
937 436 1007 490 τήν
1036 438 1260 489 ἐπιμέλειαν.
1317 435 1360 477 ‘O
1390 437 1430 477 δὲ
1454 441 1531 476 τῶν
1557 441 1773 490 προφητῶν
1803 438 1932 490 ἐπιμε-

404 506 590 560 λούμενος
616 505 687 548 οὕκ
717 504 927 558 ἀλλοτρίων
951 506 1188 557 ἐπεμελεῖτο,
1220 503 1315 545 ἄλλα
1338 509 1415 545 τῶν
1438 506 1557 544 ἰδίων.
1618 505 1716 555 Καὶ,
1751 503 1932 558 Ζητηθή-

405 589 520 625 σεται,
552 575 662 627 φησὶ,
694 572 737 615 τὸ
761 571 855 625 αἷμα
878 571 919 614 τὸ
944 571 1199 626 ἐκχυνόμενον
1217 571 1296 614 ἀπὸ
1319 570 1607 624 αἴματος”Αβελ
1631 570 1716 626 ἄχρι
1737 574 1932 626 Ζαχαρίου

405 647 474 684 τοῦ
509 645 684 691 δικαίου,
724 644 792 682 τοῦ
821 641 1105 688 ἐκκενωθέντος
1138 638 1215 681 dvc}
1241 641 1358 693 μέσον
1382 644 1453 681 τοῦ
1477 644 1574 680 ναοῦ
1598 640 1665 680 καὶ
1693 644 1762 681 τοῦ
1791 645 1931 681 θυσια-

406 713 575 764 στηρίου.
638 710 731 758 Καὶ,
751 707 877 763 ’Ἀρας
899 726 1039 759 παντα,
1070 709 1136 749 καὶ
1155 725 1223 756 τας
1242 708 1428 761 τραπέζας
1447 712 1524 748 τῶν
1545 709 1805 760 κολλυβιστῶν
1826 707 1933 748 κατέ-

406 790 567 833 στρεψε,
597 779 663 819 καὶ
688 776 791 827 εἶπε,
823 774 899 829 Μὴ
923 782 1068 817 ποιεῖτε
1089 775 1157 816 τὸν
1179 773 1290 817 οἷκον
1312 780 1381 816 τοῦ
1404 774 1550 829 πατρός
1577 792 1653 827 μου
1681 773 1791 816 οἷκον
1817 775 1934 827 ἐμπο-

407 849 505 901 ρίου.
566 847 646 886 Καὶ
670 843 770 897 πρὸς
793 843 885 892 τούς
908 844 994 898 περὶ
1018 841 1191 897 Μαριάμ
1214 845 1281 884 καὶ
1301 841 1444 895 Ἰωσήφ
1468 844 1588 897 ἔλεγε,
1625 845 1670 884 Τι’
1694 841 1753 883 ὅτι
1775 843 1935 895 ἐζητεῖτέ

408 930 472 966 με,
504 911 576 955 οὐκ
607 912 730 971 ᾔδειτε
750 912 810 954 ὅτι
838 913 879 953 ἐν
902 917 983 959 τοῖς
1012 916 1080 952 τοῦ
1102 910 1251 966 πατρός
1274 928 1349 963 μου
1372 913 1434 951 δεῖ
1452 927 1496 963 με
1521 908 1638 960 εἷναι,-
1699 911 1779 951 Καὶ
1810 908 1934 958 εὐθύς

410 982 584 1035 ἐπιφέρει
614 979 656 1022 τὸ
689 979 908 1035 εὐαγγέλιον
942 980 1096 1034 ὀλέγων
1126 978 1183 1020 ότι
1217 977 1319 1027 εἷπε,
1351 977 1427 1031 Μη
1459 984 1603 1019 ποιεῖτε
1631 976 1700 1019 τόν
1727 975 1836 1019 οἶκον
1864 981 1934 1019 τοῦ

408 1048 556 1103 πατρός
584 1066 658 1102 μου
694 1046 803 1089 οἶκον
831 1049 1044 1102 ἐμπορίου,
1077 1064 1129 1095 ως
1158 1047 1275 1101 λέγει,
1310 1047 1387 1086 Καὶ
1411 1044 1664 1098 ἐμνήσθησαν
1694 1048 1733 1087 οἱ
1760 1046 1934 1099 μαθηται

408 1117 464 1159 ὅτι
495 1118 545 1170 ἠν
574 1116 857 1172 γεγραμμένον,
888 1112 931 1155 Ο
962 1119 1072 1167 ζῆλος
1100 1119 1169 1155 τοῦ
1201 1116 1312 1155 οἴκου
1343 1128 1415 1155 σου
1444 1115 1639 1168 κατέφαγέ
1670 1130 1726 1166 με.

523 1253 601 1293 Καὶ
627 1251 731 1293 πόσα
761 1252 861 1292 ἔστιν
890 1252 1011 1290 εἰπεῖν
1041 1248 1106 1290 δια
1134 1248 1354 1290 1τοιούτων
1385 1246 1614 1303 εὐαγγελίων
1642 1250 1709 1290 καὶ
1735 1253 1814 1290 τῶν
1837 1246 1933 1291 οἷπο-

408 1319 554 1362 στόλων
588 1322 640 1367 εἷς
667 1321 817 1373 ἔλεγχον
847 1322 917 1370 τῆς
946 1321 1016 1358 τοῦ
1041 1314 1167 1368 Μάνη
1195 1319 1355 1368 μανίας,
1395 1317 1462 1357 καὶ
1488 1314 1540 1364 ὥς
1568 1317 1745 1369 βούλεται
1775 1319 1937 1373 διαιρεῖν

407 1390 473 1430 καὶ
498 1386 781 1440 ἀπαλλοτριοῦν
802 1383 873 1438 τήν
894 1383 1065 1425 παλαιάν
1088 1382 1288 1436 διαθήκην
1307 1382 1384 1425 «ind
1409 1388 1478 1436 τῆς
1497 1389 1648 1436 καινῆς,
1679 1390 1748 1438 τῆς
1770 1390 1937 1435 παλαιᾶς

408 1454 680 1509 μαρτυρούσης
709 1455 798 1507 περὶ
824 1456 895 1494 τοῦ
925 1457 1120 1506 σωτῆρος,
1159 1453 1222 1492 καὶ
1253 1455 1322 1493 τοῦ
1354 1457 1527 1506 σωτῆρος
1558 1450 1840 1508 ὁμολογοῦντος
1865 1453 1936 1507 τὴν

406 1523 575 1565 παλαιαν
599 1523 817 1601 διαθήκην,
850 1520 896 1562 ού
920 1519 1063 1573 μόνον,
1096 1518 1189 1560 αλλα
1216 1537 1281 1560 και
1309 1518 1421 1560 αὐτοὶ
1444 1522 1484 1561 οἷ
1505 1519 1734 1563 απόστολοι·
1767 1539 1820 1570 ως
1839 1523 1936 1577 λέγει

409 1594 562 1645 Δαβὶδ,
598 1588 722 1631 Εἶπεν
747 1607 767 1631 ο
794 1590 932 1642 κύριος
957 1593 1011 1644 τῷ
1037 1590 1159 1643 κυρίῳ
1192 1605 1288 1640 μου,
1321 1586 1467 1629 Καθου
1498 1589 1540 1629 ἐκ
1569 1591 1706 1638 δεξιῶν
1735 1607 1822 1643 μου.
1882 1592 1938 1631 Εἰ

408 1662 481 1701 οὐν
505 1657 645 1711 κύριον
674 1656 794 1699 αὐτὸν
817 1657 934 1711 λέγει,
966 1660 1050 1704 πῶς
1079 1654 1165 1703 υἷὸς
1195 1655 1318 1696 αὐτοῦ
1348 1657 1443 1705 ἐστι,
1503 1657 1581 1696 Και
1608 1655 1723 1698 πάλιν
1750 1659 1790 1699 ἐν
1820 1659 1934 1715 ἑτέρῳ

408 1729 525 1782 λέγει,
564 1731 650 1767 Τῶν
672 1728 823 1767 παίδων
847 1722 1068 1779 κραζόντων
1094 1721 1264 1764 Ὡσαννα
1296 1727 1349 1780 τῷ
1380 1725 1453 1780 υἱῷ
1477 1725 1626 1777 Δαβὶδ,
1656 1726 1722 1766 καὶ
1748 1723 1821 1767 ούκ
1851 1727 1934 1767 ἐπε-

408 1798 499 1846 τίμα
528 1792 678 1842 αύτοῖς·
717 1790 893 1849 λέγουσιν
924 1794 964 1833 οῖ
992 1795 1222 1846 Φαρισαῖοι,
1258 1789 1340 1833 Ούκ
1373 1790 1529 1840 ἀκούεις
1560 1795 1596 1833 τί
1625 1788 1737 1834 οὗτοι
1762 1794 1936 1849 λέγουσι,-

408 1861 586 1904 κώλυσον
610 1859 718 1902 αὕτα.
777 1859 820 1902 Ὁ
842 1861 882 1902 δὲ
904 1858 1004 1914 πρὸς
1027 1857 1190 1909 αύτούς,
1214 1858 1286 1900 ''Av
1305 1854 1415 1901 οὗτοι
1435 1859 1662 1915 σιγήσωσιν,
1693 1863 1733 1903 οἵ
1748 1864 1854 1903 λίθοι
1876 1878 1937 1903 κε·
1967 1899 1969 1902 ⁴

411 1929 628 1983 κραξονται.
692 1927 786 1977 Τΐός
810 1929 878 1982 μὲν
899 1926 971 1983 γάρ
998 1930 1128 1980 Δαβίδ
1153 1929 1231 1969 ἐστι
1254 1926 1352 1968 κατὰ
1374 1926 1516 1982 σάρκα,
1547 1927 1684 1982 κύριος
1703 1929 1744 1970 δὲ
1764 1934 1835 1971 τοῦ
1857 1935 1937 1970 Δα-

409 2000 474 2051 βὶδ
508 1996 605 2039 κατα
637 2001 809 2049 πνεῦμα,
847 2001 925 2037 τῶν
956 1994 1187 2049 ἄμφοτέρων
1218 1996 1353 2044 λέξεων
1386 1998 1563 2037 δυνατῶν
1594 1995 1723 2038 οὐσῶν
1751 1998 1815 2039 καὶ
1846 1996 1936 2051 ἄλη-

410 2069 630 2107 θευουσῶν.
695 2064 822 2105 Οὐδὲν
852 2062 925 2119 γαρ
958 2065 1034 2105 ἔστι
1063 2064 1435 2118 παραπεποιημένον
1460 2068 1505 2121 τῇ
1537 2063 1712 2121 ἀληθείᾳ.

519 2199 631 2242 'Ami
652 2201 716 2241 ἵνα
738 2197 822 2251 2μή
845 2198 1005 2251 μηκύνω
1027 2198 1098 2252 τήν
1120 2197 1315 2241 ύπόθεσιν
1335 2198 1498 2253 ταύτην,
1530 2198 1822 2255 ἀρκεσθήσομαι
1846 2200 1936 2242 ταύ-

410 2286 493 2317 ταις
529 2275 613 2317 ταῖς
650 2269 888 2321 μαρτυρίαις.
954 2265 1177 2320 Ἐλεύσομαι
1215 2268 1255 2309 δὲ
1292 2270 1347 2316 εἰς
1382 2267 1428 2309 τοὶ
1463 2269 1593 2321 ἕτερα,
1637 2269 1836 2324 ἐξελέγχων
1870 2267 1937 2311 τὸν

409 2335 591 2392 οἷγύρτην.
638 2337 693 2376 Εἰ
713 2333 755 2375 τὸ
779 2339 890 2386 σῶμα
910 2335 1042 2389 ἐτέρου
1062 2340 1176 2386 θεοῦ,
1209 2331 1238 2376 ὦ
1263 2330 1389 2385 οὗτος,
1420 2337 1486 2377 καὶ
1508 2334 1534 2389 ή
1554 2335 1661 2390 ψυχὴ
1685 2335 1801 2378 α’λλου
1821 2341 1935 2387 θεοῦ,

409 2408 464 2453 τίς
485 2407 671 2446 κοινωνία
692 2407 768 2444 τῶν
795 2401 1049 2456 ἆμφοτέρωνς
1112 2404 1192 2444 Καὶ
1221 2404 1329 2444 δέδια
1356 2402 1409 2452 ὥς
1438 2406 1492 2454 εἰς
1516 2403 1641 2446 πόσον
1662 2403 1780 2459 ι’)’γκον
1803 2409 1936 2460 βυθοῦ

411 2470 687 2525 διανοημάτων
715 2470 916 2526 ἐγκύπτειν
938 2474 1116 2524 πειρᾶται
1139 2469 1161 2512 ὁ
1184 2476 1252 2524 τῆς
1271 2470 1385 2525 ήμῶν
1409 2471 1648 2527 βραχύτητος
1670 2471 1810 2528 μικρός
1831 2478 1934 2521 νοῦς.

412 2540 486 2582 Διὸ
512 2537 808 2594 χαλιναγωγήσω
841 2536 1028 2590 ἐμαυτὸν,
1067 2541 1130 2579 ἵνα
1161 2538 1214 2592 μή
1238 2538 1363 2581 πολύν
1392 2538 1566 2593 κάματον
1596 2539 1817 2593 ποιήσωμαι
1841 2540 1935 2581 ἀνα-

412 2607 587 2663 γνώσεως
604 2614 685 2656 τοῖς
705 2607 948 2659 δυναμένοις.
1011 2608 1090 2646 Καὶ
1113 2605 1190 2648 ἇπὸ
1212 2612 1303 2659 μιᾶς
1326 2611 1538 2662 μαρτυρίας
1559 2610 1639 2649 ἔστι
1664 2609 1847 2662 ἐξελέγξαι
1867 2607 1937 2650 τὸν

410 2674 636 2731 γόητα.Τὸ
661 2676 729 2728 μὲν
748 2692 821 2730 γαρ
843 2675 906 2715 ἐπὶ
927 2672 970 2715 τὸ
995 2672 1088 2715 αύτὸ
1109 2681 1308 2716 κοινωνεῖν
1329 2674 1402 2717 οὐκ
1424 2677 1503 2717 ἔστι
1525 2676 1815 2730 διαφερομένων
1835 2675 1936 2731 πρός

733 2740 741 2755 ἱ
769 2743 780 2757 e
818 2740 826 2755 ἱ

412 2743 619 2796 ἀλλήλους,
651 2741 742 2784 ἄλλα
764 2759 850 2790 ενος
870 2740 911 2783 vd
934 2742 1058 2796 ἔργον,
1091 2740 1116 2794 ἢ
1140 2740 1211 2783 δύο
1237 2746 1361 2793 φίλων
1383 2742 1410 2796 η’
1436 2746 1601 2798 ἐργασία.
1659 2747 1736 2784 Τοῦ
1759 2741 1936 2796 σώματος

1017 2808 1024 2822 1
1088 2807 1097 2822 7
1133 2807 1141 2822 ἱ
1171 2807 1190 2821 51

411 2814 542 2853 τοίνυν
562 2813 628 2852 καὶ
649 2828 717 2864 της
740 2815 869 2863 ψυχῆς
897 2811 961 2851 ἐπι
983 2827 1025 2851 το
1047 2827 1141 2850 αυτο
1167 2827 1304 2862 οντων,
1329 2810 1418 2860 ἑνός
1440 2815 1540 2853 θεοῦ
1561 2828 1603 2852 το
1627 2812 1758 2865 ε’·ργον
1790 2809 1838 2852 ού
1859 2829 1933 2867 γαρ

457 2914 488 2934 o.
511 2905 650 2935 Fortasse
674 2902 719 2936 λε’
718 2915 775 2945 (¹0).
1196 2912 1267 2935 mss.
1288 2907 1315 2934 et
1336 2906 1374 2934 ab
1395 2905 1442 2935 ed.
1463 2905 1559 2943 princ.
1571 2927 1581 2943 ,
1615 2905 1767 2942 supplevit
1788 2905 1934 2935 petavius

457 2947 532 2978 Cu».
555 2949 676 2979 XLIH.
702 2967 745 2972 —-
795 2948 822 2979 1.
856 2949 1003 2988 Suspicor
1025 2945 1149 2981 τούτων
1192 2952 1260 2987 post
1282 2950 1464 2980 Cot-narium
1487 2950 1540 2987 qui
1562 2950 1706 2980 convertit
1734 2954 1769 2979 ut
1791 2959 1832 2979 ne
1856 2948 1932 2980 lon-

412 2993 495 3033 τῶν,
520 2994 566 3024 vel
590 2991 743 3026 τοιούτων
767 2992 843 3026 τῶν.
1196 2993 1265 3034 gius
1291 2993 1462 3024 extendam
1486 2996 1551 3024 cett.

455 3040 487 3070 2.
512 3034 580 3080 μὴ,
615 3040 696 3077 quod
725 3040 808 3070 abest
837 3040 876 3069 ab
909 3041 1035 3080 utroque
1059 3039 1147 3070 codd.
