<?xml version="1.0" encoding="UTF-8"?>
<!DOCTYPE html PUBLIC "-//W3C//DTD XHTML 1.0 Transitional//EN"
    "http://www.w3.org/TR/xhtml1/DTD/xhtml1-transitional.dtd">
<html xmlns="http://www.w3.org/1999/xhtml" xml:lang="en" lang="en">
 <head>
  <title>
</title>
<meta http-equiv="Content-Type" content="text/html;charset=utf-8" />
  <meta name='ocr-system' content='tesseract 3.04.00' />
  <meta name='ocr-capabilities' content='ocr_page ocr_carea ocr_par ocr_line ocrx_word'/>
</head>
<body>
  <div class='ocr_page' id='page_1' title='image "./p2corporishaereseo02epipuoft_0295.png"; bbox 0 0 2066 3319; ppageno 0'>
   <div class='ocr_carea' id='block_1_1' title="bbox 474 200 1658 274">
    <p class='ocr_par' dir='ltr' id='par_1_1' title="bbox 474 200 1658 274">
     <span class='ocr_line' id='line_1_1' title="bbox 474 200 1658 274; baseline -0.002 -32"><span class='ocrx_word' id='word_1_1' title='bbox 474 210 650 242; x_wconf 75' lang='lat' dir='ltr'>PANARu</span> <span class='ocrx_word' id='word_1_2' title='bbox 679 210 760 241; x_wconf 86' lang='lat' dir='ltr'>Llss.</span> <span class='ocrx_word' id='word_1_3' title='bbox 780 211 822 240; x_wconf 83' lang='lat'>11.</span> <span class='ocrx_word' id='word_1_4' title='bbox 848 210 955 274; x_wconf 47' lang='lat' dir='ltr'>Toni.</span> <span class='ocrx_word' id='word_1_5' title='bbox 978 211 1001 240; x_wconf 85' lang='lat'>1.</span> <span class='ocrx_word' id='word_1_6' title='bbox 1028 210 1159 241; x_wconf 66' lang='lat' dir='ltr'>mun.</span> <span class='ocrx_word' id='word_1_7' title='bbox 1182 210 1304 242; x_wconf 73' lang='lat' dir='ltr'>Lxlv.</span> <span class='ocrx_word' id='word_1_8' title='bbox 1579 200 1658 240; x_wconf 81' lang='lat'>273</span> 
     </span>
    </p>
   </div>
   <div class='ocr_carea' id='block_1_2' title="bbox 121 288 1871 3014">
    <p class='ocr_par' dir='ltr' id='par_1_2' title="bbox 121 288 1661 753">
     <span class='ocr_line' id='line_1_2' title="bbox 123 288 1660 347; baseline -0.003 -16"><span class='ocrx_word' id='word_1_9' title='bbox 123 290 300 347; x_wconf 87' lang='lat' dir='ltr'>quamdiu</span> <span class='ocrx_word' id='word_1_10' title='bbox 330 290 367 328; x_wconf 94' lang='lat' dir='ltr'>in</span> <span class='ocrx_word' id='word_1_11' title='bbox 391 289 462 329; x_wconf 90' lang='lat' dir='ltr'>hoc</span> <span class='ocrx_word' id='word_1_12' title='bbox 485 303 650 344; x_wconf 89' lang='lat' dir='ltr'>corpore</span> <span class='ocrx_word' id='word_1_13' title='bbox 674 303 822 339; x_wconf 85' lang='lat' dir='ltr'>sumus,</span> <span class='ocrx_word' id='word_1_14' title='bbox 858 289 907 328; x_wconf 89' lang='lat' dir='ltr'>ita</span> <span class='ocrx_word' id='word_1_15' title='bbox 936 302 1139 343; x_wconf 81' lang='lat' dir='ltr'>peccamus</span> <span class='ocrx_word' id='word_1_16' title='bbox 1162 296 1201 329; x_wconf 91' lang='lat' dir='ltr'>ut</span> <span class='ocrx_word' id='word_1_17' title='bbox 1222 290 1267 329; x_wconf 91' lang='lat' dir='ltr'>ad</span> <span class='ocrx_word' id='word_1_18' title='bbox 1288 290 1321 329; x_wconf 89' lang='lat' dir='ltr'>id</span> <span class='ocrx_word' id='word_1_19' title='bbox 1348 303 1439 329; x_wconf 92' lang='lat' dir='ltr'>caro</span> <span class='ocrx_word' id='word_1_20' title='bbox 1462 288 1544 342; x_wconf 88' lang='lat' dir='ltr'>ipsa</span> <span class='ocrx_word' id='word_1_21' title='bbox 1569 302 1660 327; x_wconf 92' lang='lat' dir='ltr'>cou-</span> 
     </span>
     <span class='ocr_line' id='line_1_3' title="bbox 121 356 1660 412; baseline -0.003 -13"><span class='ocrx_word' id='word_1_22' title='bbox 121 359 291 400; x_wconf 76' lang='lat' dir='ltr'><strong>sentiat?</strong></span> <span class='ocrx_word' id='word_1_23' title='bbox 348 356 586 408; x_wconf 84' lang='lat' dir='ltr'>Peccamus,</span> <span class='ocrx_word' id='word_1_24' title='bbox 621 356 760 410; x_wconf 87' lang='lat' dir='ltr'>inquit.</span> <span class='ocrx_word' id='word_1_25' title='bbox 822 356 877 396; x_wconf 86' lang='lat' dir='ltr'>At</span> <span class='ocrx_word' id='word_1_26' title='bbox 907 358 967 411; x_wconf 92' lang='lat' dir='ltr'>qui</span> <span class='ocrx_word' id='word_1_27' title='bbox 1001 357 1235 397; x_wconf 78' lang='lat' dir='ltr'>constrictus</span> <span class='ocrx_word' id='word_1_28' title='bbox 1269 365 1349 409; x_wconf 87' lang='lat' dir='ltr'>est,</span> <span class='ocrx_word' id='word_1_29' title='bbox 1389 370 1550 412; x_wconf 79' lang='lat' dir='ltr'>peccare</span> <span class='ocrx_word' id='word_1_30' title='bbox 1584 370 1660 396; x_wconf 88' lang='lat' dir='ltr'>non</span> 
     </span>
     <span class='ocr_line' id='line_1_4' title="bbox 122 424 1657 482; baseline -0.002 -15"><span class='ocrx_word' id='word_1_31' title='bbox 122 433 262 482; x_wconf 85' lang='lat' dir='ltr'>potest.</span> <span class='ocrx_word' id='word_1_32' title='bbox 327 424 378 465; x_wconf 86' lang='lat' dir='ltr'>Et</span> <span class='ocrx_word' id='word_1_33' title='bbox 405 425 490 465; x_wconf 91' lang='lat' dir='ltr'>huic</span> <span class='ocrx_word' id='word_1_34' title='bbox 512 425 658 479; x_wconf 86' lang='lat' dir='ltr'>pariter</span> <span class='ocrx_word' id='word_1_35' title='bbox 684 438 870 465; x_wconf 78' lang='lat' dir='ltr'>assensus</span> <span class='ocrx_word' id='word_1_36' title='bbox 897 433 970 465; x_wconf 87' lang='lat' dir='ltr'>est.</span> <span class='ocrx_word' id='word_1_37' title='bbox 1035 425 1204 480; x_wconf 74' lang='lat' dir='ltr'>Angitur</span> <span class='ocrx_word' id='word_1_38' title='bbox 1235 425 1335 465; x_wconf 89' lang='lat' dir='ltr'>euim</span> <span class='ocrx_word' id='word_1_39' title='bbox 1363 441 1406 465; x_wconf 84' lang='lat' dir='ltr'>ac</span> <span class='ocrx_word' id='word_1_40' title='bbox 1441 432 1657 464; x_wconf 83' lang='lat' dir='ltr'>coercetur.</span> 
     </span>
     <span class='ocr_line' id='line_1_5' title="bbox 121 491 1661 547; baseline -0.003 -12"><span class='ocrx_word' id='word_1_41' title='bbox 121 494 270 544; x_wconf 86' lang='lat' dir='ltr'>Recte,</span> <span class='ocrx_word' id='word_1_42' title='bbox 297 493 441 547; x_wconf 75' lang='lat' dir='ltr'>inquit.</span> <span class='ocrx_word' id='word_1_43' title='bbox 502 491 604 532; x_wconf 85' lang='lat' dir='ltr'>Nam</span> <span class='ocrx_word' id='word_1_44' title='bbox 637 492 683 532; x_wconf 86' lang='lat' dir='ltr'>ab</span> <span class='ocrx_word' id='word_1_45' title='bbox 710 493 873 533; x_wconf 89' lang='lat' dir='ltr'>vinculis</span> <span class='ocrx_word' id='word_1_46' title='bbox 905 493 1112 534; x_wconf 85' lang='lat' dir='ltr'>inhibetur.</span> <span class='ocrx_word' id='word_1_47' title='bbox 1176 492 1267 533; x_wconf 76' lang='lat' dir='ltr'>Non</span> <span class='ocrx_word' id='word_1_48' title='bbox 1301 494 1453 533; x_wconf 88' lang='lat' dir='ltr'>dubium</span> <span class='ocrx_word' id='word_1_49' title='bbox 1485 500 1564 542; x_wconf 91' lang='lat' dir='ltr'>est,</span> <span class='ocrx_word' id='word_1_50' title='bbox 1601 505 1661 531; x_wconf 89' lang='lat' dir='ltr'>re—</span> 
     </span>
     <span class='ocr_line' id='line_1_6' title="bbox 121 559 1658 617; baseline -0.002 -15"><span class='ocrx_word' id='word_1_51' title='bbox 121 562 290 617; x_wconf 80' lang='lat' dir='ltr'>spondit.</span> <span class='ocrx_word' id='word_1_52' title='bbox 335 559 483 601; x_wconf 76' lang='lat' dir='ltr'>Verum</span> <span class='ocrx_word' id='word_1_53' title='bbox 507 575 647 615; x_wconf 89' lang='lat' dir='ltr'>corpus</span> <span class='ocrx_word' id='word_1_54' title='bbox 667 561 713 601; x_wconf 91' lang='lat' dir='ltr'>ad</span> <span class='ocrx_word' id='word_1_55' title='bbox 732 562 966 615; x_wconf 86' lang='lat' dir='ltr'>peccandum</span> <span class='ocrx_word' id='word_1_56' title='bbox 989 561 1255 601; x_wconf 87' lang='lat' dir='ltr'>administrum</span> <span class='ocrx_word' id='word_1_57' title='bbox 1279 563 1365 600; x_wconf 71' lang='lat' dir='ltr'>est?</span> <span class='ocrx_word' id='word_1_58' title='bbox 1405 559 1491 610; x_wconf 81' lang='lat' dir='ltr'>Est,</span> <span class='ocrx_word' id='word_1_59' title='bbox 1521 560 1658 614; x_wconf 90' lang='lat' dir='ltr'>iuquit.</span> 
     </span>
     <span class='ocr_line' id='line_1_7' title="bbox 121 628 1658 683; baseline -0.003 -12"><span class='ocrx_word' id='word_1_60' title='bbox 121 629 331 671; x_wconf 84' lang='lat' dir='ltr'>Vinculum</span> <span class='ocrx_word' id='word_1_61' title='bbox 357 636 485 669; x_wconf 86' lang='lat' dir='ltr'>autem</span> <span class='ocrx_word' id='word_1_62' title='bbox 512 631 694 670; x_wconf 80' lang='lat' dir='ltr'>coercet?</span> <span class='ocrx_word' id='word_1_63' title='bbox 736 630 901 670; x_wconf 88' lang='lat' dir='ltr'>Annuit.</span> <span class='ocrx_word' id='word_1_64' title='bbox 965 628 1150 683; x_wconf 85' lang='lat' dir='ltr'>Sequitur</span> <span class='ocrx_word' id='word_1_65' title='bbox 1175 629 1335 682; x_wconf 80' lang='lat' dir='ltr'>proinde</span> <span class='ocrx_word' id='word_1_66' title='bbox 1360 643 1484 682; x_wconf 84' lang='lat' dir='ltr'>neque</span> <span class='ocrx_word' id='word_1_67' title='bbox 1509 643 1558 668; x_wconf 86' lang='lat' dir='ltr'>ex</span> <span class='ocrx_word' id='word_1_68' title='bbox 1581 638 1658 678; x_wconf 85' lang='lat' dir='ltr'>tua,</span> 
     </span>
     <span class='ocr_line' id='line_1_8' title="bbox 122 696 1661 753; baseline -0.003 -13"><span class='ocrx_word' id='word_1_69' title='bbox 122 698 381 753; x_wconf 82' lang='lat' dir='ltr'>Aglaophon,</span> <span class='ocrx_word' id='word_1_70' title='bbox 416 711 540 751; x_wconf 88' lang='lat' dir='ltr'>neque</span> <span class='ocrx_word' id='word_1_71' title='bbox 567 711 618 737; x_wconf 80' lang='lat' dir='ltr'>ex</span> <span class='ocrx_word' id='word_1_72' title='bbox 642 697 802 738; x_wconf 86' lang='lat' dir='ltr'>alterius</span> <span class='ocrx_word' id='word_1_73' title='bbox 836 698 1030 738; x_wconf 86' lang='lat' dir='ltr'>sententia</span> <span class='ocrx_word' id='word_1_74' title='bbox 1063 697 1256 737; x_wconf 89' lang='lat' dir='ltr'>vinculum</span> <span class='ocrx_word' id='word_1_75' title='bbox 1283 710 1371 737; x_wconf 87' lang='lat' dir='ltr'>esse</span> <span class='ocrx_word' id='word_1_76' title='bbox 1397 711 1560 750; x_wconf 80' lang='lat' dir='ltr'>corpuS,</span> <span class='ocrx_word' id='word_1_77' title='bbox 1596 696 1661 735; x_wconf 88' lang='lat' dir='ltr'>sed</span> 
     </span>
    </p>

    <p class='ocr_par' dir='ltr' id='par_1_3' title="bbox 121 764 1801 904">
     <span class='ocr_line' id='line_1_9' title="bbox 121 764 1659 820; baseline -0.003 -13"><span class='ocrx_word' id='word_1_78' title='bbox 121 768 168 807; x_wconf 93' lang='lat' dir='ltr'>ad</span> <span class='ocrx_word' id='word_1_79' title='bbox 193 766 403 816; x_wconf 87' lang='lat' dir='ltr'>utrumvis,</span> <span class='ocrx_word' id='word_1_80' title='bbox 438 772 512 806; x_wconf 86' lang='lat' dir='ltr'>tam</span> <span class='ocrx_word' id='word_1_81' title='bbox 537 765 678 806; x_wconf 90' lang='lat' dir='ltr'>bonum</span> <span class='ocrx_word' id='word_1_82' title='bbox 703 766 853 807; x_wconf 88' lang='lat' dir='ltr'>scilicet</span> <span class='ocrx_word' id='word_1_83' title='bbox 874 780 986 820; x_wconf 88' lang='lat' dir='ltr'>quam</span> <span class='ocrx_word' id='word_1_84' title='bbox 1012 765 1177 816; x_wconf 87' lang='lat' dir='ltr'>malum,</span> <span class='ocrx_word' id='word_1_85' title='bbox 1212 764 1388 819; x_wconf 86' lang='lat' dir='ltr'>corporis</span> <span class='ocrx_word' id='word_1_86' title='bbox 1412 764 1565 804; x_wconf 87' lang='lat' dir='ltr'>adiutor</span> <span class='ocrx_word' id='word_1_87' title='bbox 1587 771 1659 804; x_wconf 87' lang='lat' dir='ltr'>est.</span> 
     </span>
     <span class='ocr_line' id='line_1_10' title="bbox 122 835 1801 904; baseline -0.004 -28"><span class='ocrx_word' id='word_1_88' title='bbox 122 835 344 876; x_wconf 87' lang='lat' dir='ltr'>Concessit.</span> <span class='ocrx_word' id='word_1_89' title='bbox 1725 864 1801 904; x_wconf 35' lang='lat' dir='ltr'>Cap·</span> 
     </span>
    </p>

    <p class='ocr_par' dir='ltr' id='par_1_4' title="bbox 234 901 1827 955">
     <span class='ocr_line' id='line_1_11' title="bbox 234 901 1827 955; baseline -0.003 -12"><span class='ocrx_word' id='word_1_90' title='bbox 234 901 344 943; x_wconf 86' lang='lat' dir='ltr'>Haec</span> <span class='ocrx_word' id='word_1_91' title='bbox 370 917 454 943; x_wconf 90' lang='lat' dir='ltr'>cnm</span> <span class='ocrx_word' id='word_1_92' title='bbox 483 902 535 942; x_wconf 87' lang='lat' dir='ltr'>ita</span> <span class='ocrx_word' id='word_1_93' title='bbox 559 902 659 954; x_wconf 90' lang='lat' dir='ltr'>sint,</span> <span class='ocrx_word' id='word_1_94' title='bbox 695 909 800 942; x_wconf 90' lang='lat' dir='ltr'>tuum</span> <span class='ocrx_word' id='word_1_95' title='bbox 824 908 898 951; x_wconf 86' lang='lat' dir='ltr'>est,</span> <span class='ocrx_word' id='word_1_96' title='bbox 931 901 1186 955; x_wconf 79' lang='lat' dir='ltr'>Aglaophon,</span> <span class='ocrx_word' id='word_1_97' title='bbox 1221 914 1387 955; x_wconf 85' lang='lat' dir='ltr'>purgare</span> <span class='ocrx_word' id='word_1_98' title='bbox 1420 914 1518 955; x_wconf 86' lang='lat' dir='ltr'>quae</span> <span class='ocrx_word' id='word_1_99' title='bbox 1551 907 1664 939; x_wconf 84' lang='lat' dir='ltr'>antea</span> <span class='ocrx_word' id='word_1_100' title='bbox 1699 909 1827 955; x_wconf 56' lang='grc' dir='ltr'>Χῖωῇ.</span> 
     </span>
    </p>

    <p class='ocr_par' dir='ltr' id='par_1_5' title="bbox 122 954 1834 1095">
     <span class='ocr_line' id='line_1_12' title="bbox 122 954 1834 1027; baseline -0.003 -15"><span class='ocrx_word' id='word_1_101' title='bbox 122 971 301 1027; x_wconf 86' lang='lat' dir='ltr'>posuisti.</span> <span class='ocrx_word' id='word_1_102' title='bbox 364 971 511 1011; x_wconf 82' lang='lat' dir='ltr'>Aiebas</span> <span class='ocrx_word' id='word_1_103' title='bbox 535 971 636 1011; x_wconf 88' lang='lat' dir='ltr'>enim</span> <span class='ocrx_word' id='word_1_104' title='bbox 660 984 801 1025; x_wconf 83' lang='lat' dir='ltr'>corpus</span> <span class='ocrx_word' id='word_1_105' title='bbox 830 970 980 1010; x_wconf 88' lang='lat' dir='ltr'>animae</span> <span class='ocrx_word' id='word_1_106' title='bbox 1005 969 1224 1019; x_wconf 81' lang='lat' dir='ltr'>vinculum,</span> <span class='ocrx_word' id='word_1_107' title='bbox 1260 983 1457 1009; x_wconf 80' lang='lat' dir='ltr'><strong>carcerem</strong></span> <span class='ocrx_word' id='word_1_108' title='bbox 1486 983 1529 1008; x_wconf 89' lang='lat' dir='ltr'>ac</span> <span class='ocrx_word' id='word_1_109' title='bbox 1561 983 1664 1008; x_wconf 87' lang='lat' dir='ltr'>com-</span> <span class='ocrx_word' id='word_1_110' title='bbox 1696 954 1834 995; x_wconf 48' lang='lat' dir='ltr'>(XLV)</span> 
     </span>
     <span class='ocr_line' id='line_1_13' title="bbox 123 1037 1661 1095; baseline -0.002 -16"><span class='ocrx_word' id='word_1_111' title='bbox 123 1040 240 1095; x_wconf 87' lang='lat' dir='ltr'>pedes</span> <span class='ocrx_word' id='word_1_112' title='bbox 265 1053 368 1080; x_wconf 87' lang='lat' dir='ltr'>esse.</span> <span class='ocrx_word' id='word_1_113' title='bbox 416 1038 529 1093; x_wconf 83' lang='lat' dir='ltr'>Quae</span> <span class='ocrx_word' id='word_1_114' title='bbox 554 1054 639 1080; x_wconf 89' lang='lat' dir='ltr'>cum</span> <span class='ocrx_word' id='word_1_115' title='bbox 661 1039 707 1079; x_wconf 91' lang='lat' dir='ltr'>iis</span> <span class='ocrx_word' id='word_1_116' title='bbox 731 1052 829 1093; x_wconf 87' lang='lat' dir='ltr'>quae</span> <span class='ocrx_word' id='word_1_117' title='bbox 851 1039 964 1079; x_wconf 90' lang='lat' dir='ltr'>modo</span> <span class='ocrx_word' id='word_1_118' title='bbox 988 1038 1120 1078; x_wconf 81' lang='lat' dir='ltr'>dixisti</span> <span class='ocrx_word' id='word_1_119' title='bbox 1145 1052 1384 1092; x_wconf 84' lang='lat' dir='ltr'>nequaquam</span> <span class='ocrx_word' id='word_1_120' title='bbox 1410 1037 1661 1077; x_wconf 87' lang='lat' dir='ltr'>conveniunt.</span> 
     </span>
    </p>

    <p class='ocr_par' dir='ltr' id='par_1_6' title="bbox 125 1104 1666 1162">
     <span class='ocr_line' id='line_1_14' title="bbox 125 1104 1666 1162; baseline -0.003 -14"><span class='ocrx_word' id='word_1_121' title='bbox 125 1106 204 1161; x_wconf 82' lang='lat' dir='ltr'>Qui</span> <span class='ocrx_word' id='word_1_122' title='bbox 230 1109 331 1148; x_wconf 91' lang='lat' dir='ltr'>euim</span> <span class='ocrx_word' id='word_1_123' title='bbox 358 1108 569 1149; x_wconf 82' lang='lat' dir='ltr'>convenire</span> <span class='ocrx_word' id='word_1_124' title='bbox 595 1115 781 1162; x_wconf 80' lang='lat' dir='ltr'>possunt,</span> <span class='ocrx_word' id='word_1_125' title='bbox 816 1106 848 1147; x_wconf 91' lang='lat' dir='ltr'>si</span> <span class='ocrx_word' id='word_1_126' title='bbox 874 1107 1024 1161; x_wconf 88' lang='lat' dir='ltr'>quidem</span> <span class='ocrx_word' id='word_1_127' title='bbox 1056 1120 1217 1147; x_wconf 84' lang='lat' dir='ltr'>necesse</span> <span class='ocrx_word' id='word_1_128' title='bbox 1251 1113 1310 1145; x_wconf 88' lang='lat' dir='ltr'>est</span> <span class='ocrx_word' id='word_1_129' title='bbox 1338 1119 1492 1146; x_wconf 86' lang='lat' dir='ltr'>carnem</span> <span class='ocrx_word' id='word_1_130' title='bbox 1522 1104 1666 1146; x_wconf 82' lang='lat' dir='ltr'>vinculi</span> 
     </span>
    </p>

    <p class='ocr_par' dir='ltr' id='par_1_7' title="bbox 123 1172 1667 1227">
     <span class='ocr_line' id='line_1_15' title="bbox 123 1172 1667 1227; baseline -0.003 -10"><span class='ocrx_word' id='word_1_131' title='bbox 123 1177 248 1218; x_wconf 83' lang='lat' dir='ltr'>instar</span> <span class='ocrx_word' id='word_1_132' title='bbox 268 1176 416 1226; x_wconf 89' lang='lat' dir='ltr'>haberi,</span> <span class='ocrx_word' id='word_1_133' title='bbox 451 1176 617 1217; x_wconf 88' lang='lat' dir='ltr'>animam</span> <span class='ocrx_word' id='word_1_134' title='bbox 642 1189 736 1216; x_wconf 87' lang='lat' dir='ltr'>vero</span> <span class='ocrx_word' id='word_1_135' title='bbox 760 1176 935 1216; x_wconf 85' lang='lat' dir='ltr'>adiutore</span> <span class='ocrx_word' id='word_1_136' title='bbox 957 1176 1003 1216; x_wconf 82' lang='lat' dir='ltr'>ad</span> <span class='ocrx_word' id='word_1_137' title='bbox 1025 1175 1152 1215; x_wconf 87' lang='lat' dir='ltr'>scelus</span> <span class='ocrx_word' id='word_1_138' title='bbox 1177 1174 1229 1215; x_wconf 90' lang='lat' dir='ltr'>uti</span> <span class='ocrx_word' id='word_1_139' title='bbox 1248 1174 1431 1214; x_wconf 80' lang='lat' dir='ltr'>vinculo?</span> <span class='ocrx_word' id='word_1_140' title='bbox 1463 1174 1562 1227; x_wconf 89' lang='lat' dir='ltr'>quod</span> <span class='ocrx_word' id='word_1_141' title='bbox 1585 1172 1667 1227; x_wconf 89' lang='lat' dir='ltr'>qui-</span> 
     </span>
    </p>

    <p class='ocr_par' dir='ltr' id='par_1_8' title="bbox 124 1242 1666 1365">
     <span class='ocr_line' id='line_1_16' title="bbox 124 1242 1665 1300; baseline -0.003 -15"><span class='ocrx_word' id='word_1_142' title='bbox 124 1246 208 1285; x_wconf 89' lang='lat' dir='ltr'>dem</span> <span class='ocrx_word' id='word_1_143' title='bbox 241 1245 323 1285; x_wconf 81' lang='lat' dir='ltr'>fieri</span> <span class='ocrx_word' id='word_1_144' title='bbox 354 1245 457 1285; x_wconf 90' lang='lat' dir='ltr'>nullo</span> <span class='ocrx_word' id='word_1_145' title='bbox 492 1251 602 1300; x_wconf 88' lang='lat' dir='ltr'>pacto</span> <span class='ocrx_word' id='word_1_146' title='bbox 635 1251 777 1298; x_wconf 87' lang='lat' dir='ltr'>potest.</span> <span class='ocrx_word' id='word_1_147' title='bbox 838 1243 942 1285; x_wconf 73' lang='lat' dir='ltr'>Nam</span> <span class='ocrx_word' id='word_1_148' title='bbox 981 1258 1067 1284; x_wconf 92' lang='lat' dir='ltr'>cum</span> <span class='ocrx_word' id='word_1_149' title='bbox 1102 1250 1258 1298; x_wconf 86' lang='lat' dir='ltr'>propter</span> <span class='ocrx_word' id='word_1_150' title='bbox 1297 1242 1478 1282; x_wconf 87' lang='lat' dir='ltr'>delictum</span> <span class='ocrx_word' id='word_1_151' title='bbox 1516 1254 1665 1296; x_wconf 84' lang='lat' dir='ltr'>poenae</span> 
     </span>
     <span class='ocr_line' id='line_1_17' title="bbox 125 1310 1666 1365; baseline -0.003 -11"><span class='ocrx_word' id='word_1_152' title='bbox 125 1313 358 1354; x_wconf 70' lang='lat' dir='ltr'>constitutae</span> <span class='ocrx_word' id='word_1_153' title='bbox 386 1314 485 1365; x_wconf 90' lang='lat' dir='ltr'>sint,</span> <span class='ocrx_word' id='word_1_154' title='bbox 520 1321 561 1353; x_wconf 88' lang='lat' dir='ltr'>ut</span> <span class='ocrx_word' id='word_1_155' title='bbox 587 1313 724 1353; x_wconf 84' lang='lat' dir='ltr'>affecta</span> <span class='ocrx_word' id='word_1_156' title='bbox 757 1312 890 1353; x_wconf 91' lang='lat' dir='ltr'>dolore</span> <span class='ocrx_word' id='word_1_157' title='bbox 917 1312 1043 1352; x_wconf 88' lang='lat' dir='ltr'>anima</span> <span class='ocrx_word' id='word_1_158' title='bbox 1070 1312 1115 1351; x_wconf 90' lang='lat' dir='ltr'>ad</span> <span class='ocrx_word' id='word_1_159' title='bbox 1143 1311 1344 1351; x_wconf 85' lang='lat' dir='ltr'>colendum</span> <span class='ocrx_word' id='word_1_160' title='bbox 1377 1312 1489 1350; x_wconf 91' lang='lat' dir='ltr'>deum</span> <span class='ocrx_word' id='word_1_161' title='bbox 1514 1310 1666 1350; x_wconf 87' lang='lat' dir='ltr'>erudia-</span> 
     </span>
    </p>

    <p class='ocr_par' dir='ltr' id='par_1_9' title="bbox 125 1378 1668 1504">
     <span class='ocr_line' id='line_1_18' title="bbox 127 1378 1667 1436; baseline -0.003 -14"><span class='ocrx_word' id='word_1_162' title='bbox 127 1390 211 1432; x_wconf 92' lang='lat' dir='ltr'>tur,</span> <span class='ocrx_word' id='word_1_163' title='bbox 246 1382 380 1421; x_wconf 83' lang='lat' dir='ltr'>fierine</span> <span class='ocrx_word' id='word_1_164' title='bbox 405 1389 532 1436; x_wconf 85' lang='lat' dir='ltr'>potest</span> <span class='ocrx_word' id='word_1_165' title='bbox 556 1388 596 1421; x_wconf 93' lang='lat' dir='ltr'>ut</span> <span class='ocrx_word' id='word_1_166' title='bbox 626 1382 670 1421; x_wconf 89' lang='lat' dir='ltr'>ad</span> <span class='ocrx_word' id='word_1_167' title='bbox 695 1381 1008 1421; x_wconf 87' lang='lat' dir='ltr'>committendum</span> <span class='ocrx_word' id='word_1_168' title='bbox 1035 1380 1183 1421; x_wconf 80' lang='lat' dir='ltr'>facinus</span> <span class='ocrx_word' id='word_1_169' title='bbox 1207 1394 1347 1435; x_wconf 91' lang='lat' dir='ltr'>corpus</span> <span class='ocrx_word' id='word_1_170' title='bbox 1370 1379 1422 1419; x_wconf 92' lang='lat' dir='ltr'>illi</span> <span class='ocrx_word' id='word_1_171' title='bbox 1445 1378 1667 1418; x_wconf 90' lang='lat' dir='ltr'>adiumento</span> 
     </span>
     <span class='ocr_line' id='line_1_19' title="bbox 125 1446 1668 1504; baseline -0.003 -14"><span class='ocrx_word' id='word_1_172' title='bbox 125 1450 347 1504; x_wconf 86' lang='lat' dir='ltr'>auxilioque</span> <span class='ocrx_word' id='word_1_173' title='bbox 370 1463 458 1490; x_wconf 78' lang='lat' dir='ltr'>esse</span> <span class='ocrx_word' id='word_1_174' title='bbox 484 1450 633 1504; x_wconf 81' lang='lat' dir='ltr'>possit?</span> <span class='ocrx_word' id='word_1_175' title='bbox 694 1448 859 1490; x_wconf 80' lang='lat' dir='ltr'>Vincula</span> <span class='ocrx_word' id='word_1_176' title='bbox 887 1449 1046 1503; x_wconf 88' lang='lat' dir='ltr'>quippe,</span> <span class='ocrx_word' id='word_1_177' title='bbox 1081 1449 1303 1498; x_wconf 79' lang='lat' dir='ltr'>custodiae,</span> <span class='ocrx_word' id='word_1_178' title='bbox 1339 1448 1544 1502; x_wconf 82' lang='lat' dir='ltr'>compedes</span> <span class='ocrx_word' id='word_1_179' title='bbox 1571 1454 1608 1486; x_wconf 90' lang='lat' dir='ltr'>et</span> <span class='ocrx_word' id='word_1_180' title='bbox 1632 1446 1668 1486; x_wconf 88' lang='lat' dir='ltr'>id</span> 
     </span>
    </p>

    <p class='ocr_par' dir='ltr' id='par_1_10' title="bbox 126 1515 1669 1710">
     <span class='ocr_line' id='line_1_20' title="bbox 126 1515 1667 1572; baseline -0.003 -14"><span class='ocrx_word' id='word_1_181' title='bbox 126 1532 250 1572; x_wconf 84' lang='lat' dir='ltr'>genus</span> <span class='ocrx_word' id='word_1_182' title='bbox 278 1518 406 1558; x_wconf 81' lang='lat' dir='ltr'>onmia</span> <span class='ocrx_word' id='word_1_183' title='bbox 432 1532 643 1572; x_wconf 84' lang='lat' dir='ltr'>poenarum</span> <span class='ocrx_word' id='word_1_184' title='bbox 670 1517 952 1567; x_wconf 83' lang='lat' dir='ltr'>iustrumenta,</span> <span class='ocrx_word' id='word_1_185' title='bbox 995 1531 1093 1571; x_wconf 90' lang='lat' dir='ltr'>quae</span> <span class='ocrx_word' id='word_1_186' title='bbox 1127 1517 1172 1556; x_wconf 91' lang='lat' dir='ltr'>ad</span> <span class='ocrx_word' id='word_1_187' title='bbox 1203 1517 1464 1556; x_wconf 85' lang='lat' dir='ltr'>emendandos</span> <span class='ocrx_word' id='word_1_188' title='bbox 1492 1515 1667 1555; x_wconf 87' lang='lat' dir='ltr'>homiues</span> 
     </span>
     <span class='ocr_line' id='line_1_21' title="bbox 129 1584 1669 1641; baseline -0.003 -14"><span class='ocrx_word' id='word_1_189' title='bbox 129 1587 345 1641; x_wconf 85' lang='lat' dir='ltr'>pertinent,</span> <span class='ocrx_word' id='word_1_190' title='bbox 380 1593 626 1641; x_wconf 89' lang='lat' dir='ltr'>peccatorum</span> <span class='ocrx_word' id='word_1_191' title='bbox 659 1600 702 1626; x_wconf 90' lang='lat' dir='ltr'>ac</span> <span class='ocrx_word' id='word_1_192' title='bbox 730 1586 921 1625; x_wconf 87' lang='lat' dir='ltr'>scelerum</span> <span class='ocrx_word' id='word_1_193' title='bbox 949 1585 986 1625; x_wconf 91' lang='lat' dir='ltr'>in</span> <span class='ocrx_word' id='word_1_194' title='bbox 1012 1586 1057 1625; x_wconf 90' lang='lat' dir='ltr'>iis</span> <span class='ocrx_word' id='word_1_195' title='bbox 1083 1584 1145 1639; x_wconf 92' lang='lat' dir='ltr'>qui</span> <span class='ocrx_word' id='word_1_196' title='bbox 1178 1585 1387 1639; x_wconf 90' lang='lat' dir='ltr'>puniuntur</span> <span class='ocrx_word' id='word_1_197' title='bbox 1420 1597 1669 1638; x_wconf 85' lang='lat' dir='ltr'>compescen-</span> 
     </span>
     <span class='ocr_line' id='line_1_22' title="bbox 129 1652 1667 1710; baseline -0.002 -16"><span class='ocrx_word' id='word_1_198' title='bbox 129 1656 263 1695; x_wconf 91' lang='lat' dir='ltr'>dorum</span> <span class='ocrx_word' id='word_1_199' title='bbox 290 1656 325 1694; x_wconf 80' lang='lat' dir='ltr'>vi</span> <span class='ocrx_word' id='word_1_200' title='bbox 351 1655 522 1710; x_wconf 82' lang='lat' dir='ltr'>praedita</span> <span class='ocrx_word' id='word_1_201' title='bbox 543 1661 646 1694; x_wconf 89' lang='lat' dir='ltr'>sunt.</span> <span class='ocrx_word' id='word_1_202' title='bbox 708 1653 811 1694; x_wconf 69' lang='lat' dir='ltr'>Nam</span> <span class='ocrx_word' id='word_1_203' title='bbox 836 1668 911 1693; x_wconf 90' lang='lat' dir='ltr'>nou</span> <span class='ocrx_word' id='word_1_204' title='bbox 934 1652 970 1693; x_wconf 93' lang='lat' dir='ltr'>id</span> <span class='ocrx_word' id='word_1_205' title='bbox 998 1667 1067 1704; x_wconf 90' lang='lat' dir='ltr'>eo,</span> <span class='ocrx_word' id='word_1_206' title='bbox 1104 1660 1144 1693; x_wconf 90' lang='lat' dir='ltr'>ut</span> <span class='ocrx_word' id='word_1_207' title='bbox 1168 1654 1383 1694; x_wconf 85' lang='lat' dir='ltr'>sceleratus</span> <span class='ocrx_word' id='word_1_208' title='bbox 1411 1652 1559 1692; x_wconf 87' lang='lat' dir='ltr'>maiora</span> <span class='ocrx_word' id='word_1_209' title='bbox 1583 1665 1667 1691; x_wconf 90' lang='lat' dir='ltr'>sce-</span> 
     </span>
    </p>

    <p class='ocr_par' dir='ltr' id='par_1_11' title="bbox 130 1719 1667 1777">
     <span class='ocr_line' id='line_1_23' title="bbox 130 1719 1667 1777; baseline -0.003 -14"><span class='ocrx_word' id='word_1_210' title='bbox 130 1724 210 1763; x_wconf 86' lang='lat' dir='ltr'>lera</span> <span class='ocrx_word' id='word_1_211' title='bbox 236 1724 472 1772; x_wconf 82' lang='lat' dir='ltr'>committat,</span> <span class='ocrx_word' id='word_1_212' title='bbox 506 1723 612 1762; x_wconf 84' lang='lat' dir='ltr'>velut</span> <span class='ocrx_word' id='word_1_213' title='bbox 644 1722 875 1777; x_wconf 83' lang='lat' dir='ltr'>praesidinm</span> <span class='ocrx_word' id='word_1_214' title='bbox 903 1722 1093 1776; x_wconf 89' lang='lat' dir='ltr'>quoddam</span> <span class='ocrx_word' id='word_1_215' title='bbox 1121 1721 1314 1762; x_wconf 85' lang='lat' dir='ltr'>vinculum</span> <span class='ocrx_word' id='word_1_216' title='bbox 1341 1721 1565 1771; x_wconf 80' lang='lat' dir='ltr'>adhibetur,</span> <span class='ocrx_word' id='word_1_217' title='bbox 1599 1719 1667 1759; x_wconf 88' lang='lat' dir='ltr'>scd</span> 
     </span>
    </p>

    <p class='ocr_par' dir='ltr' id='par_1_12' title="bbox 130 1789 1670 2120">
     <span class='ocr_line' id='line_1_24' title="bbox 131 1789 1668 1845; baseline -0.003 -14"><span class='ocrx_word' id='word_1_218' title='bbox 131 1798 171 1831; x_wconf 87' lang='lat' dir='ltr'>ut</span> <span class='ocrx_word' id='word_1_219' title='bbox 197 1805 244 1832; x_wconf 92' lang='lat' dir='ltr'>eo</span> <span class='ocrx_word' id='word_1_220' title='bbox 270 1792 381 1832; x_wconf 91' lang='lat' dir='ltr'>modo</span> <span class='ocrx_word' id='word_1_221' title='bbox 413 1791 606 1831; x_wconf 90' lang='lat' dir='ltr'>cruciatus</span> <span class='ocrx_word' id='word_1_222' title='bbox 631 1805 652 1830; x_wconf 89' lang='lat' dir='ltr'>a</span> <span class='ocrx_word' id='word_1_223' title='bbox 678 1791 944 1845; x_wconf 77' lang='lat' dir='ltr'>perpetrandis</span> <span class='ocrx_word' id='word_1_224' title='bbox 969 1790 1205 1830; x_wconf 77' lang='lat' dir='ltr'>facinoribus</span> <span class='ocrx_word' id='word_1_225' title='bbox 1232 1790 1406 1830; x_wconf 84' lang='lat' dir='ltr'>desistat.</span> <span class='ocrx_word' id='word_1_226' title='bbox 1469 1789 1598 1842; x_wconf 86' lang='lat' dir='ltr'>Atque</span> <span class='ocrx_word' id='word_1_227' title='bbox 1625 1801 1668 1826; x_wconf 91' lang='lat' dir='ltr'>ea</span> 
     </span>
     <span class='ocr_line' id='line_1_25' title="bbox 130 1857 1666 1910; baseline -0.003 -10"><span class='ocrx_word' id='word_1_228' title='bbox 130 1874 268 1900; x_wconf 83' lang='lat' dir='ltr'>caussa</span> <span class='ocrx_word' id='word_1_229' title='bbox 303 1868 363 1900; x_wconf 90' lang='lat' dir='ltr'>est</span> <span class='ocrx_word' id='word_1_230' title='bbox 394 1874 462 1900; x_wconf 86' lang='lat' dir='ltr'>cur</span> <span class='ocrx_word' id='word_1_231' title='bbox 492 1859 701 1899; x_wconf 84' lang='lat' dir='ltr'>facinorosi</span> <span class='ocrx_word' id='word_1_232' title='bbox 731 1859 906 1899; x_wconf 88' lang='lat' dir='ltr'>homines</span> <span class='ocrx_word' id='word_1_233' title='bbox 937 1858 1100 1899; x_wconf 79' lang='lat' dir='ltr'>vinculis</span> <span class='ocrx_word' id='word_1_234' title='bbox 1126 1872 1145 1898; x_wconf 88' lang='lat' dir='ltr'>a</span> <span class='ocrx_word' id='word_1_235' title='bbox 1174 1858 1300 1898; x_wconf 84' lang='lat' dir='ltr'>iudice</span> <span class='ocrx_word' id='word_1_236' title='bbox 1334 1857 1666 1910; x_wconf 79' lang='lat' dir='ltr'>constringantur,</span> 
     </span>
     <span class='ocr_line' id='line_1_26' title="bbox 130 1925 1664 1984; baseline -0.002 -16"><span class='ocrx_word' id='word_1_237' title='bbox 130 1935 334 1984; x_wconf 86' lang='lat' dir='ltr'>propterea</span> <span class='ocrx_word' id='word_1_238' title='bbox 374 1928 473 1982; x_wconf 91' lang='lat' dir='ltr'>quod</span> <span class='ocrx_word' id='word_1_239' title='bbox 515 1927 562 1968; x_wconf 89' lang='lat' dir='ltr'>ab</span> <span class='ocrx_word' id='word_1_240' title='bbox 602 1928 648 1967; x_wconf 91' lang='lat' dir='ltr'>iis</span> <span class='ocrx_word' id='word_1_241' title='bbox 680 1927 741 1968; x_wconf 81' lang='lat' dir='ltr'>vel</span> <span class='ocrx_word' id='word_1_242' title='bbox 774 1927 886 1967; x_wconf 90' lang='lat' dir='ltr'>iuviti</span> <span class='ocrx_word' id='word_1_243' title='bbox 923 1927 1010 1967; x_wconf 86' lang='lat' dir='ltr'>mali</span> <span class='ocrx_word' id='word_1_244' title='bbox 1047 1926 1189 1981; x_wconf 89' lang='lat' dir='ltr'>aliquid</span> <span class='ocrx_word' id='word_1_245' title='bbox 1231 1927 1359 1967; x_wconf 84' lang='lat' dir='ltr'>facere</span> <span class='ocrx_word' id='word_1_246' title='bbox 1396 1925 1664 1981; x_wconf 87' lang='lat' dir='ltr'>prohibentur.</span> 
     </span>
     <span class='ocr_line' id='line_1_27' title="bbox 131 1994 1667 2051; baseline -0.003 -14"><span class='ocrx_word' id='word_1_247' title='bbox 131 1996 314 2051; x_wconf 82' lang='lat' dir='ltr'>Quinimo</span> <span class='ocrx_word' id='word_1_248' title='bbox 334 1997 559 2047; x_wconf 89' lang='lat' dir='ltr'>liberorum,</span> <span class='ocrx_word' id='word_1_249' title='bbox 591 2010 636 2036; x_wconf 91' lang='lat' dir='ltr'>ac</span> <span class='ocrx_word' id='word_1_250' title='bbox 657 1995 716 2036; x_wconf 89' lang='lat' dir='ltr'>sui</span> <span class='ocrx_word' id='word_1_251' title='bbox 736 1994 831 2036; x_wconf 90' lang='lat' dir='ltr'>iuris</span> <span class='ocrx_word' id='word_1_252' title='bbox 854 1996 1065 2046; x_wconf 89' lang='lat' dir='ltr'>hominum,</span> <span class='ocrx_word' id='word_1_253' title='bbox 1099 2009 1261 2049; x_wconf 88' lang='lat' dir='ltr'>quorum</span> <span class='ocrx_word' id='word_1_254' title='bbox 1286 2009 1399 2035; x_wconf 92' lang='lat' dir='ltr'>nemo</span> <span class='ocrx_word' id='word_1_255' title='bbox 1419 1994 1536 2034; x_wconf 84' lang='lat' dir='ltr'>vitam</span> <span class='ocrx_word' id='word_1_256' title='bbox 1560 2007 1667 2033; x_wconf 88' lang='lat' dir='ltr'>suam</span> 
     </span>
     <span class='ocr_line' id='line_1_28' title="bbox 131 2061 1670 2120; baseline -0.005 -13"><span class='ocrx_word' id='word_1_257' title='bbox 131 2067 336 2116; x_wconf 80' lang='lat' dir='ltr'>observat,</span> <span class='ocrx_word' id='word_1_258' title='bbox 370 2078 532 2120; x_wconf 87' lang='lat' dir='ltr'>peccare</span> <span class='ocrx_word' id='word_1_259' title='bbox 560 2065 754 2120; x_wconf 91' lang='lat' dir='ltr'>proprium</span> <span class='ocrx_word' id='word_1_260' title='bbox 782 2073 862 2114; x_wconf 83' lang='lat' dir='ltr'>est,</span> <span class='ocrx_word' id='word_1_261' title='bbox 897 2078 972 2104; x_wconf 92' lang='lat' dir='ltr'>non</span> <span class='ocrx_word' id='word_1_262' title='bbox 1006 2063 1240 2105; x_wconf 83' lang='lat' dir='ltr'>vinctorum.</span> <span class='ocrx_word' id='word_1_263' title='bbox 1305 2062 1431 2103; x_wconf 89' lang='lat' dir='ltr'>Homo</span> <span class='ocrx_word' id='word_1_264' title='bbox 1465 2076 1560 2102; x_wconf 78' lang='lat' dir='ltr'>vero</span> <span class='ocrx_word' id='word_1_265' title='bbox 1593 2061 1670 2116; x_wconf 89' lang='lat' dir='ltr'>pri-</span> 
     </span>
    </p>

    <p class='ocr_par' dir='ltr' id='par_1_13' title="bbox 131 2130 1671 2189">
     <span class='ocr_line' id='line_1_29' title="bbox 131 2130 1671 2189; baseline -0.005 -13"><span class='ocrx_word' id='word_1_266' title='bbox 131 2150 231 2176; x_wconf 92' lang='lat' dir='ltr'>mum</span> <span class='ocrx_word' id='word_1_267' title='bbox 260 2133 410 2189; x_wconf 90' lang='lat' dir='ltr'>quidem</span> <span class='ocrx_word' id='word_1_268' title='bbox 437 2133 680 2187; x_wconf 85' lang='lat' dir='ltr'>parricidium</span> <span class='ocrx_word' id='word_1_269' title='bbox 710 2133 886 2182; x_wconf 89' lang='lat' dir='ltr'>admisit,</span> <span class='ocrx_word' id='word_1_270' title='bbox 921 2133 1041 2173; x_wconf 90' lang='lat' dir='ltr'>veluti</span> <span class='ocrx_word' id='word_1_271' title='bbox 1066 2130 1230 2173; x_wconf 81' lang='lat' dir='ltr'>Cainus.</span> <span class='ocrx_word' id='word_1_272' title='bbox 1295 2131 1399 2172; x_wconf 89' lang='lat' dir='ltr'>Tum</span> <span class='ocrx_word' id='word_1_273' title='bbox 1431 2132 1476 2171; x_wconf 88' lang='lat' dir='ltr'>ad</span> <span class='ocrx_word' id='word_1_274' title='bbox 1508 2130 1671 2170; x_wconf 83' lang='lat' dir='ltr'>infideli-</span> 
     </span>
    </p>

    <p class='ocr_par' dir='ltr' id='par_1_14' title="bbox 132 2197 1668 2252">
     <span class='ocr_line' id='line_1_30' title="bbox 132 2197 1668 2252; baseline -0.005 -8"><span class='ocrx_word' id='word_1_275' title='bbox 132 2210 248 2244; x_wconf 85' lang='lat' dir='ltr'>tatem</span> <span class='ocrx_word' id='word_1_276' title='bbox 285 2202 475 2252; x_wconf 86' lang='lat' dir='ltr'>adolevit,</span> <span class='ocrx_word' id='word_1_277' title='bbox 510 2202 717 2242; x_wconf 83' lang='lat' dir='ltr'>simulacra</span> <span class='ocrx_word' id='word_1_278' title='bbox 746 2208 956 2242; x_wconf 87' lang='lat' dir='ltr'>veneratus</span> <span class='ocrx_word' id='word_1_279' title='bbox 990 2208 1071 2252; x_wconf 87' lang='lat' dir='ltr'>est,</span> <span class='ocrx_word' id='word_1_280' title='bbox 1106 2215 1127 2241; x_wconf 89' lang='lat' dir='ltr'>a</span> <span class='ocrx_word' id='word_1_281' title='bbox 1159 2201 1232 2241; x_wconf 88' lang='lat' dir='ltr'>deo</span> <span class='ocrx_word' id='word_1_282' title='bbox 1267 2200 1445 2240; x_wconf 83' lang='lat' dir='ltr'>descivit.</span> <span class='ocrx_word' id='word_1_283' title='bbox 1509 2197 1668 2238; x_wconf 88' lang='lat' dir='ltr'>Fieriue</span> 
     </span>
    </p>

    <p class='ocr_par' dir='ltr' id='par_1_15' title="bbox 130 2268 1669 2326">
     <span class='ocr_line' id='line_1_31' title="bbox 130 2268 1669 2326; baseline -0.005 -14"><span class='ocrx_word' id='word_1_284' title='bbox 130 2271 249 2326; x_wconf 89' lang='lat' dir='ltr'>igitur</span> <span class='ocrx_word' id='word_1_285' title='bbox 270 2278 396 2326; x_wconf 84' lang='lat' dir='ltr'>potest</span> <span class='ocrx_word' id='word_1_286' title='bbox 421 2278 461 2311; x_wconf 92' lang='lat' dir='ltr'>ut</span> <span class='ocrx_word' id='word_1_287' title='bbox 482 2271 515 2311; x_wconf 89' lang='lat' dir='ltr'>ei</span> <span class='ocrx_word' id='word_1_288' title='bbox 539 2285 679 2324; x_wconf 86' lang='lat' dir='ltr'>corpus</span> <span class='ocrx_word' id='word_1_289' title='bbox 698 2277 878 2324; x_wconf 88' lang='lat' dir='ltr'>tanquam</span> <span class='ocrx_word' id='word_1_290' title='bbox 902 2270 1095 2311; x_wconf 80' lang='lat' dir='ltr'>vinculum</span> <span class='ocrx_word' id='word_1_291' title='bbox 1117 2269 1169 2309; x_wconf 88' lang='lat' dir='ltr'>sit</span> <span class='ocrx_word' id='word_1_292' title='bbox 1188 2269 1442 2309; x_wconf 79' lang='lat' dir='ltr'>attributum?</span> <span class='ocrx_word' id='word_1_293' title='bbox 1474 2268 1555 2307; x_wconf 86' lang='lat' dir='ltr'>Aut</span> <span class='ocrx_word' id='word_1_294' title='bbox 1576 2280 1669 2320; x_wconf 89' lang='lat' dir='ltr'>quo-</span> 
     </span>
    </p>

    <p class='ocr_par' dir='ltr' id='par_1_16' title="bbox 132 2336 1669 2393">
     <span class='ocr_line' id='line_1_32' title="bbox 132 2336 1669 2393; baseline -0.005 -12"><span class='ocrx_word' id='word_1_295' title='bbox 132 2340 245 2381; x_wconf 90' lang='lat' dir='ltr'>modo</span> <span class='ocrx_word' id='word_1_296' title='bbox 267 2341 377 2391; x_wconf 89' lang='lat' dir='ltr'>deus,</span> <span class='ocrx_word' id='word_1_297' title='bbox 412 2354 498 2380; x_wconf 88' lang='lat' dir='ltr'>cum</span> <span class='ocrx_word' id='word_1_298' title='bbox 521 2353 562 2379; x_wconf 88' lang='lat' dir='ltr'>se</span> <span class='ocrx_word' id='word_1_299' title='bbox 587 2339 700 2379; x_wconf 90' lang='lat' dir='ltr'>homo</span> <span class='ocrx_word' id='word_1_300' title='bbox 723 2339 892 2393; x_wconf 83' lang='lat' dir='ltr'>peccatis</span> <span class='ocrx_word' id='word_1_301' title='bbox 915 2345 1003 2379; x_wconf 86' lang='lat' dir='ltr'>ante</span> <span class='ocrx_word' id='word_1_302' title='bbox 1027 2352 1167 2393; x_wconf 89' lang='lat' dir='ltr'>corpus</span> <span class='ocrx_word' id='word_1_303' title='bbox 1193 2337 1486 2384; x_wconf 78' lang='lat' dir='ltr'>obstrinxisset,</span> <span class='ocrx_word' id='word_1_304' title='bbox 1520 2336 1565 2376; x_wconf 90' lang='lat' dir='ltr'>ad</span> <span class='ocrx_word' id='word_1_305' title='bbox 1591 2348 1669 2374; x_wconf 86' lang='lat' dir='ltr'>ma·</span> 
     </span>
    </p>

    <p class='ocr_par' dir='ltr' id='par_1_17' title="bbox 132 2401 1670 2462">
     <span class='ocr_line' id='line_1_33' title="bbox 132 2401 1670 2462; baseline -0.006 -12"><span class='ocrx_word' id='word_1_306' title='bbox 132 2409 214 2450; x_wconf 89' lang='lat' dir='ltr'>iora</span> <span class='ocrx_word' id='word_1_307' title='bbox 240 2409 412 2459; x_wconf 87' lang='lat' dir='ltr'>scelera,</span> <span class='ocrx_word' id='word_1_308' title='bbox 445 2407 552 2448; x_wconf 77' lang='lat' dir='ltr'>velut</span> <span class='ocrx_word' id='word_1_309' title='bbox 578 2407 810 2462; x_wconf 87' lang='lat' dir='ltr'>praesidium</span> <span class='ocrx_word' id='word_1_310' title='bbox 845 2407 1058 2461; x_wconf 87' lang='lat' dir='ltr'>quoddam,</span> <span class='ocrx_word' id='word_1_311' title='bbox 1093 2407 1127 2446; x_wconf 86' lang='lat' dir='ltr'>ei</span> <span class='ocrx_word' id='word_1_312' title='bbox 1160 2420 1300 2461; x_wconf 89' lang='lat' dir='ltr'>corpus</span> <span class='ocrx_word' id='word_1_313' title='bbox 1329 2404 1501 2445; x_wconf 81' lang='lat' dir='ltr'>affinxit?</span> <span class='ocrx_word' id='word_1_314' title='bbox 1561 2401 1670 2456; x_wconf 83' lang='lat' dir='ltr'>Quo-</span> 
     </span>
    </p>

    <p class='ocr_par' dir='ltr' id='par_1_18' title="bbox 133 2474 1871 2877">
     <span class='ocr_line' id='line_1_34' title="bbox 133 2474 1871 2531; baseline -0.005 -14"><span class='ocrx_word' id='word_1_315' title='bbox 133 2478 244 2518; x_wconf 87' lang='lat' dir='ltr'>modo</span> <span class='ocrx_word' id='word_1_316' title='bbox 272 2476 434 2531; x_wconf 87' lang='lat' dir='ltr'>denique</span> <span class='ocrx_word' id='word_1_317' title='bbox 462 2483 548 2531; x_wconf 87' lang='lat' dir='ltr'>post</span> <span class='ocrx_word' id='word_1_318' title='bbox 577 2476 665 2515; x_wconf 88' lang='lat' dir='ltr'>illud</span> <span class='ocrx_word' id='word_1_319' title='bbox 701 2475 925 2516; x_wconf 74' lang='lat' dir='ltr'>fabricatum</span> <span class='ocrx_word' id='word_1_320' title='bbox 951 2475 1144 2516; x_wconf 81' lang='lat' dir='ltr'>vinculum</span> <span class='ocrx_word' id='word_1_321' title='bbox 1180 2475 1230 2514; x_wconf 88' lang='lat' dir='ltr'>ita</span> <span class='ocrx_word' id='word_1_322' title='bbox 1264 2475 1412 2513; x_wconf 82' lang='lat' dir='ltr'>locutus</span> <span class='ocrx_word' id='word_1_323' title='bbox 1445 2478 1526 2511; x_wconf 89' lang='lat' dir='ltr'>est:</span> <span class='ocrx_word' id='word_1_324' title='bbox 1571 2474 1871 2517; x_wconf 75' lang='lat' dir='ltr'>EceeDeut.3o‚15.</span> 
     </span>
     <span class='ocr_line' id='line_1_35' title="bbox 135 2542 1670 2598; baseline -0.005 -12"><span class='ocrx_word' id='word_1_325' title='bbox 135 2561 259 2587; x_wconf 80' lang='lat' dir='ltr'>coram</span> <span class='ocrx_word' id='word_1_326' title='bbox 283 2554 318 2585; x_wconf 83' lang='lat' dir='ltr'>le</span> <span class='ocrx_word' id='word_1_327' title='bbox 337 2549 454 2598; x_wconf 77' lang='lat' dir='ltr'>posui</span> <span class='ocrx_word' id='word_1_328' title='bbox 473 2549 583 2584; x_wconf 75' lang='lat' dir='ltr'>vitam</span> <span class='ocrx_word' id='word_1_329' title='bbox 612 2552 648 2583; x_wconf 82' lang='lat' dir='ltr'>et</span> <span class='ocrx_word' id='word_1_330' title='bbox 671 2552 841 2592; x_wconf 73' lang='lat' dir='ltr'>mortem,</span> <span class='ocrx_word' id='word_1_331' title='bbox 876 2547 973 2596; x_wconf 70' lang='lat' dir='ltr'>elige</span> <span class='ocrx_word' id='word_1_332' title='bbox 996 2547 1105 2583; x_wconf 71' lang='lat' dir='ltr'>vitam</span> <span class='ocrx_word' id='word_1_333' title='bbox 1119 2561 1130 2582; x_wconf 91' lang='lat'>.·</span> <span class='ocrx_word' id='word_1_334' title='bbox 1166 2545 1297 2581; x_wconf 73' lang='lat' dir='ltr'>boman</span> <span class='ocrx_word' id='word_1_335' title='bbox 1320 2550 1357 2580; x_wconf 81' lang='lat' dir='ltr'>e!</span> <span class='ocrx_word' id='word_1_336' title='bbox 1381 2542 1537 2587; x_wconf 76' lang='lat' dir='ltr'>malum,</span> <span class='ocrx_word' id='word_1_337' title='bbox 1573 2542 1670 2591; x_wconf 67' lang='lat' dir='ltr'>elige</span> 
     </span>
     <span class='ocr_line' id='line_1_36' title="bbox 135 2608 1861 2658; baseline -0.006 -3"><span class='ocrx_word' id='word_1_338' title='bbox 135 2618 280 2656; x_wconf 77' lang='lat' dir='ltr'>bonnm.</span> <span class='ocrx_word' id='word_1_339' title='bbox 344 2613 464 2658; x_wconf 78' lang='lat' dir='ltr'>ltem;</span> <span class='ocrx_word' id='word_1_340' title='bbox 508 2616 556 2653; x_wconf 75' lang='lat' dir='ltr'>Se·</span> <span class='ocrx_word' id='word_1_341' title='bbox 583 2616 774 2652; x_wconf 75' lang='lat' dir='ltr'>volueritis</span> <span class='ocrx_word' id='word_1_342' title='bbox 805 2621 840 2652; x_wconf 83' lang='lat' dir='ltr'>et</span> <span class='ocrx_word' id='word_1_343' title='bbox 870 2616 1065 2652; x_wconf 73' lang='lat' dir='ltr'>‹ludim-ilis</span> <span class='ocrx_word' id='word_1_344' title='bbox 1099 2627 1167 2651; x_wconf 80' lang='lat' dir='ltr'>me.</span> <span class='ocrx_word' id='word_1_345' title='bbox 1233 2609 1339 2650; x_wconf 80' lang='lat' dir='ltr'>Haec</span> <span class='ocrx_word' id='word_1_346' title='bbox 1367 2609 1467 2648; x_wconf 79' lang='lat' dir='ltr'>enim</span> <span class='ocrx_word' id='word_1_347' title='bbox 1501 2608 1552 2648; x_wconf 93' lang='lat' dir='ltr'>illi</span> <span class='ocrx_word' id='word_1_348' title='bbox 1586 2616 1861 2654; x_wconf 75' lang='lat' dir='ltr'>tau-Isai.1‚19.</span> 
     </span>
     <span class='ocr_line' id='line_1_37' title="bbox 135 2677 1669 2739; baseline -0.006 -15"><span class='ocrx_word' id='word_1_349' title='bbox 135 2698 246 2739; x_wconf 89' lang='lat' dir='ltr'>quam</span> <span class='ocrx_word' id='word_1_350' title='bbox 272 2683 449 2723; x_wconf 84' lang='lat' dir='ltr'>libertate</span> <span class='ocrx_word' id='word_1_351' title='bbox 471 2682 670 2737; x_wconf 87' lang='lat' dir='ltr'>praedito,</span> <span class='ocrx_word' id='word_1_352' title='bbox 703 2696 779 2722; x_wconf 93' lang='lat' dir='ltr'>non</span> <span class='ocrx_word' id='word_1_353' title='bbox 802 2681 969 2722; x_wconf 85' lang='lat' dir='ltr'>vinculis</span> <span class='ocrx_word' id='word_1_354' title='bbox 996 2696 1040 2721; x_wconf 88' lang='lat' dir='ltr'>ac</span> <span class='ocrx_word' id='word_1_355' title='bbox 1066 2679 1299 2720; x_wconf 89' lang='lat' dir='ltr'>necessitate</span> <span class='ocrx_word' id='word_1_356' title='bbox 1327 2685 1459 2717; x_wconf 84' lang='lat' dir='ltr'>coacto</span> <span class='ocrx_word' id='word_1_357' title='bbox 1488 2678 1587 2717; x_wconf 87' lang='lat' dir='ltr'>dicta</span> <span class='ocrx_word' id='word_1_358' title='bbox 1612 2677 1669 2717; x_wconf 80' lang='lat' dir='ltr'>vi-</span> 
     </span>
     <span class='ocr_line' id='line_1_38' title="bbox 137 2749 1668 2807; baseline -0.007 -13"><span class='ocrx_word' id='word_1_359' title='bbox 137 2754 288 2794; x_wconf 88' lang='lat' dir='ltr'>dentur.</span> <span class='ocrx_word' id='word_1_360' title='bbox 351 2750 403 2793; x_wconf 84' lang='lat' dir='ltr'>Ut</span> <span class='ocrx_word' id='word_1_361' title='bbox 431 2751 595 2807; x_wconf 91' lang='lat' dir='ltr'>idipsum</span> <span class='ocrx_word' id='word_1_362' title='bbox 621 2750 778 2791; x_wconf 91' lang='lat' dir='ltr'>omnino</span> <span class='ocrx_word' id='word_1_363' title='bbox 800 2763 1044 2804; x_wconf 87' lang='lat' dir='ltr'>consequens</span> <span class='ocrx_word' id='word_1_364' title='bbox 1070 2749 1141 2798; x_wconf 87' lang='lat' dir='ltr'>sit,</span> <span class='ocrx_word' id='word_1_365' title='bbox 1176 2761 1251 2787; x_wconf 91' lang='lat' dir='ltr'>nou</span> <span class='ocrx_word' id='word_1_366' title='bbox 1278 2760 1365 2786; x_wconf 88' lang='lat' dir='ltr'>csse</span> <span class='ocrx_word' id='word_1_367' title='bbox 1393 2760 1532 2800; x_wconf 89' lang='lat' dir='ltr'>corpus</span> <span class='ocrx_word' id='word_1_368' title='bbox 1564 2760 1668 2785; x_wconf 86' lang='lat' dir='ltr'>com-</span> 
     </span>
     <span class='ocr_line' id='line_1_39' title="bbox 137 2815 1666 2877; baseline -0.006 -15"><span class='ocrx_word' id='word_1_369' title='bbox 137 2822 296 2877; x_wconf 91' lang='lat' dir='ltr'>pedum,</span> <span class='ocrx_word' id='word_1_370' title='bbox 331 2828 396 2861; x_wconf 82' lang='lat' dir='ltr'>aut</span> <span class='ocrx_word' id='word_1_371' title='bbox 423 2821 643 2871; x_wconf 88' lang='lat' dir='ltr'>custodiae,</span> <span class='ocrx_word' id='word_1_372' title='bbox 677 2827 742 2859; x_wconf 90' lang='lat' dir='ltr'>aut</span> <span class='ocrx_word' id='word_1_373' title='bbox 768 2819 1011 2860; x_wconf 90' lang='lat' dir='ltr'>vinculorum</span> <span class='ocrx_word' id='word_1_374' title='bbox 1038 2818 1122 2857; x_wconf 86' lang='lat' dir='ltr'>loco</span> <span class='ocrx_word' id='word_1_375' title='bbox 1159 2815 1397 2865; x_wconf 88' lang='lat' dir='ltr'>habendum,</span> <span class='ocrx_word' id='word_1_376' title='bbox 1431 2828 1557 2868; x_wconf 86' lang='lat' dir='ltr'>neque</span> <span class='ocrx_word' id='word_1_377' title='bbox 1587 2817 1666 2853; x_wconf 75' lang='lat' dir='ltr'>vin-</span> 
     </span>
    </p>

    <p class='ocr_par' dir='ltr' id='par_1_19' title="bbox 138 2883 1667 3014">
     <span class='ocr_line' id='line_1_40' title="bbox 138 2883 1667 2943; baseline -0.005 -14"><span class='ocrx_word' id='word_1_378' title='bbox 138 2898 216 2929; x_wconf 80' lang='lat' dir='ltr'>ctas</span> <span class='ocrx_word' id='word_1_379' title='bbox 242 2898 364 2929; x_wconf 77' lang='lat' dir='ltr'>terrae</span> <span class='ocrx_word' id='word_1_380' title='bbox 387 2889 532 2929; x_wconf 84' lang='lat' dir='ltr'>idcireo</span> <span class='ocrx_word' id='word_1_381' title='bbox 554 2888 762 2943; x_wconf 87' lang='lat' dir='ltr'>appellatas</span> <span class='ocrx_word' id='word_1_382' title='bbox 787 2887 951 2938; x_wconf 86' lang='lat' dir='ltr'>animas,</span> <span class='ocrx_word' id='word_1_383' title='bbox 986 2886 1093 2940; x_wconf 88' lang='lat' dir='ltr'>quasi</span> <span class='ocrx_word' id='word_1_384' title='bbox 1118 2891 1292 2923; x_wconf 82' lang='lat' dir='ltr'>terrenas</span> <span class='ocrx_word' id='word_1_385' title='bbox 1315 2883 1539 2937; x_wconf 87' lang='lat' dir='ltr'>quibusdam</span> <span class='ocrx_word' id='word_1_386' title='bbox 1564 2897 1667 2922; x_wconf 91' lang='lat' dir='ltr'>com-</span> 
     </span>
     <span class='ocr_line' id='line_1_41' title="bbox 139 2951 1665 3014; baseline -0.006 -15"><span class='ocrx_word' id='word_1_387' title='bbox 139 2958 297 3014; x_wconf 84' lang='lat' dir='ltr'>pedibus</span> <span class='ocrx_word' id='word_1_388' title='bbox 321 2958 414 2999; x_wconf 88' lang='lat' dir='ltr'>deus</span> <span class='ocrx_word' id='word_1_389' title='bbox 435 2957 518 2998; x_wconf 84' lang='lat' dir='ltr'>illas</span> <span class='ocrx_word' id='word_1_390' title='bbox 542 2956 798 2997; x_wconf 85' lang='lat' dir='ltr'>damnaverit.</span> <span class='ocrx_word' id='word_1_391' title='bbox 860 2953 961 2995; x_wconf 74' lang='lat' dir='ltr'>Nam</span> <span class='ocrx_word' id='word_1_392' title='bbox 984 2952 1173 3006; x_wconf 84' lang='lat' dir='ltr'>quomodo</span> <span class='ocrx_word' id='word_1_393' title='bbox 1198 2965 1331 2992; x_wconf 81' lang='lat' dir='ltr'>verum</span> <span class='ocrx_word' id='word_1_394' title='bbox 1358 2951 1393 2991; x_wconf 90' lang='lat' dir='ltr'>id</span> <span class='ocrx_word' id='word_1_395' title='bbox 1413 2965 1501 2992; x_wconf 89' lang='lat' dir='ltr'>esse</span> <span class='ocrx_word' id='word_1_396' title='bbox 1523 2957 1665 3006; x_wconf 87' lang='lat' dir='ltr'>potest,</span> 
     </span>
    </p>
   </div>
   <div class='ocr_carea' id='block_1_3' title="bbox 142 3018 1667 3132">
    <p class='ocr_par' dir='ltr' id='par_1_20' title="bbox 142 3018 1667 3132">
     <span class='ocr_line' id='line_1_42' title="bbox 142 3018 1667 3078; baseline -0.006 -11"><span class='ocrx_word' id='word_1_397' title='bbox 142 3041 225 3067; x_wconf 92' lang='lat' dir='ltr'>cum</span> <span class='ocrx_word' id='word_1_398' title='bbox 249 3027 505 3067; x_wconf 86' lang='lat' dir='ltr'>demonstrari</span> <span class='ocrx_word' id='word_1_399' title='bbox 531 3025 633 3066; x_wconf 90' lang='lat' dir='ltr'>nulla</span> <span class='ocrx_word' id='word_1_400' title='bbox 658 3025 808 3066; x_wconf 87' lang='lat' dir='ltr'>ratione</span> <span class='ocrx_word' id='word_1_401' title='bbox 830 3021 977 3078; x_wconf 79' lang='lat' dir='ltr'>possit?</span> <span class='ocrx_word' id='word_1_402' title='bbox 1037 3018 1114 3061; x_wconf 86' lang='lat' dir='ltr'>Sed</span> <span class='ocrx_word' id='word_1_403' title='bbox 1139 3027 1176 3061; x_wconf 90' lang='lat' dir='ltr'>et</span> <span class='ocrx_word' id='word_1_404' title='bbox 1197 3020 1398 3076; x_wconf 87' lang='lat' dir='ltr'>perspicue</span> <span class='ocrx_word' id='word_1_405' title='bbox 1421 3019 1510 3060; x_wconf 93' lang='lat' dir='ltr'>illud</span> <span class='ocrx_word' id='word_1_406' title='bbox 1534 3019 1667 3060; x_wconf 86' lang='lat' dir='ltr'>absur-</span> 
     </span>
     <span class='ocr_line' id='line_1_43' title="bbox 210 3090 1397 3132; baseline -0.002 -13"><span class='ocrx_word' id='word_1_407' title='bbox 210 3091 325 3128; x_wconf 82' lang='lat' dir='ltr'>Corpus</span> <span class='ocrx_word' id='word_1_408' title='bbox 344 3092 517 3120; x_wconf 73' lang='lat' dir='ltr'>naereseoi.</span> <span class='ocrx_word' id='word_1_409' title='bbox 542 3090 579 3119; x_wconf 91' lang='lat'>11.</span> <span class='ocrx_word' id='word_1_410' title='bbox 598 3093 624 3119; x_wconf 85' lang='lat'>2.</span> <span class='ocrx_word' id='word_1_411' title='bbox 1348 3092 1397 3132; x_wconf 71' lang='lat'>18</span> 
     </span>
    </p>
   </div>
  </div>
 </body>
</html>
