2030 3324
118 782 207 826 Κεφ.
234 781 297 825 με’.

149 1200 217 1229 pag.
236 1192 295 1220 768.

126 2407 216 2451 Κεφ.
238 2407 304 2450 με’.

326 215 405 254 660
891 218 1055 251 SANCTI
1080 220 1303 254 EP1PHAN11

327 294 433 349 παρά
456 293 526 337 τόν
549 293 659 346 υἴόν,
703 292 794 336 οὐδὲ
819 296 860 336 ἒν
891 297 967 352 υἱῷ
989 297 1306 351 παρηλλαγμένον
1338 296 1444 352 παρά
1468 295 1510 339 vd
1538 301 1711 350 πνεῦμα,
1743 293 1797 345 ὥς
1826 297 1869 339 ἐν

326 361 471 420 ἑκάστῃ
494 367 573 404 τῶν
596 363 893 418 προειρημένων
915 364 1098 418 αἱρέσεων
1120 365 1161 405 ἕν
1184 367 1290 421 χρεία
1319 364 1576 414 καταστάντες
1598 362 1867 416 άπεδείξαμεν,

325 432 364 480 ἐξ
395 430 600 483 ἀληθινῶν
634 429 856 472 συστάσεων
889 429 961 483 τὴν
993 429 1135 486 τριάδα
1166 428 1266 472 εἶναι
1296 434 1388 485 μίαν
1417 432 1611 486 θεότητα,
1650 433 1717 473 καὶ
1748 431 1869 485 μηδὲν

324 499 423 551 ἔχειν
450 498 491 539 έν
519 498 640 556 ἑαυτῇ
670 498 1013 553 παρηλλαγμένον,
1055 496 1148 539 ἄλλα
1179 496 1223 540 vd
1254 503 1334 540 πᾶν
1362 500 1572 554 τελειότης,
1615 502 1703 555 τρία
1733 500 1867 550 τέλεια,

325 568 394 619 μία
425 567 649 622 δοξολογία,
680 567 748 608 καὶ
779 568 848 619 μία
877 565 1074 622 κυριότης.

435 766 524 809 Ἀλλ’
552 770 650 824 ε’ρεῖς
674 786 763 822 μοι,
801 772 887 811 Τίνι
911 771 1045 811 τοίνυν
1082 773 1164 827 1τςιό
1187 768 1288 826 λόγῳ
1314 771 1442 825 εἴρηκε
1471 775 1640 821 2τοῦτος
1686 772 1768 813 Καὶ
1788 769 1866 824 ἤδη

322 836 392 890 μὲν
417 834 511 894 ἄλλῃ
529 854 595 890 μοι
611 838 699 893 περὶ
714 841 786 879 τοῦ
806 835 925 892 λόγου
948 835 1090 879 τούτου
1114 838 1345 892 πέφρασται,
1382 836 1509 879 Οὐδὲν
1530 838 1571 879 δὲ
1591 837 1756 880 κωλύσει
1786 844 1868 887 τοῖς

320 902 456 953 αὐτοῖς
477 910 732 961 προςθεῖναι,
767 905 833 946 καὶ
856 903 903 946 τά
924 903 1024 946 αὐτοὶ
1047 902 1221 958 α’ληθινὰ
1243 903 1398 958 ῥήματα
1421 906 1543 961 λέγειν
1573 907 1660 959 ἐμοὶ
1691 906 1761 959 μὲν
1790 905 1867 948 οὐκ

321 971 512 1028 ὀκνηρὸν,
544 979 627 1021 τοῖς
648 972 689 1014 δὲ
717 971 1018 1028 ἐντυγχάνουσιν
1043 971 1213 1025 άσφαλὲς
1234 974 1360 1024 ἔσται,
1393 979 1474 1022 τοῖς
1498 973 1540 1014 δὲ
1572 975 1790 1022 3ἐναντίοις
1813 975 1867 1022 εἰς

319 1042 483 1096 ἔλεγχον.
523 1038 575 1081 Ἡ
595 1038 667 1095 γάρ
696 1036 889 1090 ὖπόθεσις
909 1046 1051 1083 τοῦτον
1076 1042 1151 1095 ἔχει
1174 1039 1242 1082 τόν
1264 1040 1422 1097 τρόπον.
1475 1044 1570 1096 Τρία
1593 1039 1666 1096 γάρ
1688 1039 1867 1096 τάγματα

320 1109 361 1150 ἒν
379 1107 510 1165 ταύτῷ
531 1106 807 1164 ὖπειςήνεγκεν
843 1110 920 1150 4έν
947 1110 1071 1166 μέσῳ,
1112 1110 1280 1164 πατέρα,
1325 1110 1391 1150 καὶ
1416 1107 1577 1160 ἑαυτόν,
1618 1110 1685 1150 καὶ
1715 1107 1867 1158 πάντας

321 1175 509 1232 ἀγγέλους
541 1178 582 1218 ἐν
607 1174 776 1233 οὐρανῷ.
839 1178 919 1218 Καὶ
942 1180 997 1234 τῷ
1023 1177 1092 1230 μὲν
1117 1177 1234 1232 πατρὶ
1259 1175 1438 1218 ἀπέδωκε
1459 1175 1502 1218 τὸ
1525 1177 1690 1228 εἰδέναι,
1723 1175 1772 1219 οὗ
1795 1175 1866 1230 μό-

318 1262 387 1286 νον
409 1247 556 1297 εἴδησιν
583 1241 857 1286 ὑποδεικνύων
881 1245 947 1285 καὶ
970 1249 1132 1298 γνῶσιν,
1165 1243 1257 1286 ἄλλά
1284 1246 1350 1286 καὶ
1375 1243 1421 1285 τά
1443 1241 1504 1286 οἷεὶ
1530 1243 1638 1299 παρὰ
1660 1245 1778 1299 πατρὶ
1797 1245 1866 1286 καὶ

318 1311 426 1367 παρὰ
448 1313 524 1369 υἱῷ
554 1308 838 1365 ἀναμφιβόλως
867 1315 885 1339 5
901 1312 1197 1366 κεκρατυμμένα
1219 1329 1258 1353 τε
1282 1313 1350 1354 καὶ
1374 1313 1629 1368 γεγεννημένα
1653 1313 1719 1353 καὶ
1742 1314 1866 1368 εἰργα-

317 1380 459 1433 σμένα,
490 1380 557 1419 καὶ
580 1377 602 1420 ὁ
626 1379 695 1432 μὲν
719 1377 847 1434 πατὴρ
870 1375 955 1420 οἶδε
977 1377 1048 1432 τὴν
1069 1377 1239 1435 ἡμέραν,
1275 1378 1375 1422 εἶδεν
1400 1379 1524 1433 αὐτὴν
1555 1381 1622 1421 καὶ
1645 1379 1864 1435 εἰργάσατο,

316 1448 384 1489 καὶ
405 1447 593 1502 πέπραχε,
623 1448 691 1488 καὶ
712 1448 876 1502 ἔκρινεν,
910 1444 962 1495 ὦς
983 1447 1060 1500 ἔφη
1085 1448 1124 1488 έν
1146 1451 1201 1505 τῷ
1224 1447 1323 1489 κατά
1342 1447 1536 1502 Ἰωάννην
1559 1447 1766 1506 εὐαγγελίῳ
1790 1447 1864 1500 ὅτι,

316 1513 359 1555 Ὁ
381 1512 510 1569 πατὴρ
534 1514 680 1556 οὐδένα
705 1520 848 1570 κρινεῖ,
882 1512 975 1556 ἄλλα
1003 1513 1074 1568 τὴν
1099 1519 1230 1556 πᾶσαν
1254 1518 1381 1571 κρίσιν
1405 1517 1552 1558 δέδωκε
1574 1520 1629 1573 τῷ
1653 1517 1739 1573 υἱῷ.
1798 1513 1864 1557 Ἐν

316 1580 392 1638 γάρ
425 1585 480 1640 τῷ
511 1583 722 1625 δεδωκέναι
756 1583 941 1638 κέκρικεν.
1002 1585 1151 1638 Κρίνας
1182 1586 1315 1625 τοίνυν
1343 1585 1462 1639 ἔγνω,
1504 1582 1623 1639 γνούς
1658 1581 1741 1628 οἶδε
1771 1582 1866 1626 πότε

316 1653 476 1706 ἔρχεται.
533 1648 577 1692 Ὁ
597 1649 670 1706 γάρ
694 1649 746 1704 μὴ
770 1649 965 1692 πιστεύων
987 1652 1041 1698 εἰς
1067 1649 1135 1692 τόν
1161 1650 1248 1693 υἵόν
1269 1650 1344 1705 ’ἤδη
1366 1652 1559 1707 κέκριται,
1603 1650 1651 1693 οὐ
1683 1656 1752 1705 τῆς
1782 1653 1865 1707 κρί-

317 1734 415 1769 σεως
436 1717 731 1774 παρελθούσης,
771 1716 866 1760 ἄλλα
886 1723 965 1760 τῶν
988 1717 1073 1760 τότε
1102 1718 1318 1772 μελλόντων
1345 1721 1506 1761 ἔσεσθαι
1533 1717 1610 1773 ἤδη
1633 1717 1866 1761 ἀποδεικνυ-

318 1789 458 1842 μένων,
493 1785 546 1836 οὸς
568 1788 634 1829 καὶ
656 1787 721 1828 ἐπὶ
752 1786 908 1844 ὅτούτῳ
933 1785 976 1828 τὸ
1001 1791 1183 1829 τοιοῦτον
1206 1792 1433 1843 πληροῦται.
1479 1785 1602 1829 τΟἵδε
1623 1785 1696 1843 γάρ
1721 1784 1748 1840 ἦ
1774 1804 1864 1843 γρα-

319 1854 376 1908 φη
402 1857 549 1908 εἴδησιν
581 1855 649 1896 καὶ
675 1856 833 1907 εἴδησιν.
890 1852 960 1903 Ὡς
985 1856 1052 1896 καὶ
1075 1853 1259 1904 πολλάκις
1291 1856 1345 1904 εἰς
1367 1854 1409 1897 τὸ
1432 1853 1659 1897 συνεκτικόν
1683 1853 1864 1910 κατερχό-

317 1939 426 1976 μενοι
457 1920 538 1965 α’πὸ
570 1920 833 1976 ὁμοιωμάτων
857 1923 924 1964 καὶ
946 1922 1277 1979 παραδειγμάτων
1307 1928 1384 1965 τῶν
1415 1922 1492 1977 ἤδη
1520 1923 1865 1979 πεπραγματευμέ-

313 2008 392 2032 νων
413 1990 487 2044 τήν
523 1990 741 2044 σαφήνειαν
772 1991 836 2031 καὶ
869 1989 940 2044 τήν
971 1990 1117 2045 φράσιν
1150 1990 1313 2045 ἑκάστης
1345 1989 1578 2041 ὑποθέσεως
1601 1995 1865 2046 παριστῶντες

316 2056 364 2100 οὕ
395 2060 664 2112 διελείψαμεν,
700 2060 910 2113 8λα’βωμεν
933 2061 1068 2101 τοίνυν
1095 2060 1315 2116 ε’ξυπαρχῆς
1345 2054 1467 2109 αὖθις
1496 2061 1563 2101 καὶ
1591 2059 1682 2115 περὶ
1712 2057 1864 2102 τούτων

318 2127 498 2180 εἴπωμεν.

441 2400 487 2440 Τί
508 2415 625 2450 φατε,
668 2393 697 2440 ὦ
732 2393 862 2448 οὗτοις
904 2397 990 2456 -ᾕδει
1013 2397 1135 2453 Ἀδάμ
1159 2397 1273 2441 Εὕαν
1304 2397 1375 2452 τὴν
1410 2405 1577 2455 γυναῖκα
1609 2398 1754 2450 αὐτοῦ,
1795 2399 1862 2440 καὶ

318 2463 395 2520 πρὸ
420 2470 489 2519 τῆς
514 2471 721 2521 παρακοῆς
743 2467 808 2508 καὶ
832 2466 1113 2522 παραβάσεως,
1144 2485 1169 2520 η
1193 2467 1267 2509 οὐκ
1288 2466 1391 2525 ᾕδεις
1433 2469 1499 2509 καὶ
1525 2467 1572 2510 οὗ
1599 2466 1774 2509 δύνασθε
1794 2464 1860 2509 ἆν-

317 2539 461 2574 τειπεῖν
484 2538 532 2592 τῇ
554 2534 743 2592 ἀληθεία·
777 2533 845 2576 εἀν
871 2533 944 2590 γάρ
969 2553 1023 2588 μη
1048 2533 1239 2589 θελήσητε
1261 2535 1540 2591 ὀρθοποδησαι
1567 2553 1667 2619 προς
1691 2533 1759 2576 τὸν
1783 2551 1860 2576 τοι·

319 2604 437 2642 οῦτον
458 2606 574 2653 νοῦν,
606 2601 902 2657 ἑλεγχθήσεσθε.
953 2597 1078 2644 Ἦσαν
1103 2602 1190 2686 γάρ,
1224 2604 1335 2657 φησὶ,
1367 2605 1523 2659 γυμνοὶ,
1555 2605 1621 2645 καὶ
1649 2600 1721 2645 οὐκ
1741 2599 1858 2659 η’σχύ·

318 2684 454 2710 νοντο·
494 2675 655 2724 γυμνῶν
689 2670 731 2712 δὲ
762 2688 894 2712 αυτων
920 2668 1063 2722 ὄντων,
1103 2672 1169 2712 καὶ
1197 2669 1247 2713 οὕ
1279 2670 1594 2724 τυφλωττόντων.
1659 2667 1759 2711 Οὔτε
1785 2687 1859 2725 γαρ

316 2740 430 2779 τοῦτο
453 2735 704 2793 ἀρνήσασθαι
725 2737 920 2790 δύνασθε,
953 2738 1006 2792 μὴ
1032 2739 1247 2793 βλέποντας
1269 2738 1414 2789 αὐτούς
1435 2737 1683 2794 ὁμολογῆσαι.
1739 2734 1860 2779 ιΕἶδε

365 2839 441 2871 CAP.
463 2841 570 2873 XLV.
597 2860 639 2866 —-
680 2843 707 2874 l
733 2836 826 2899 αυτῷ
853 2844 918 2874 cod.
935 2844 1064 2884 Rhedi9.
1111 2845 1176 2875 lum
1195 2845 1327 2885 afferam
1348 2837 1721 2883 haer.66‚10.et24.

359 2884 391 2915 2.
416 2883 524 2918 τούτω
540 2889 606 2918 cod.
621 2889 681 2919 len.
718 2885 842 2921 rom-00
854 2890 920 2920 cod.
937 2889 1064 2929 Rhediy.
1155 2886 1186 2921 4.
1213 2888 1245 2922 ἐν
1269 2889 1317 2933 τῷ
1342 2887 1437 2931 μέσῳ
1460 2888 1526 2919 cod.
1549 2887 1677 2926 Rhediy.

361 2928 390 2960 3.
418 2927 567 2969 ἐνίαντας
590 2933 680 2964 codd.
702 2942 775 2965 mss.
805 2936 939 2973 uterque.
985 2935 1065 2966 Hinc
1155 2935 1186 2966 5.
1212 2924 1468 2976 κεκρατυμμένα
1502 2932 1590 2963 codd
1623 2941 1695 2963 mss.
1723 2935 1857 2972 uterque.

316 2976 525 3012 reponendum
542 2977 672 3015 fortasse
694 2981 764 3015 τοῖς
783 2975 822 3012 δε
841 2975 883 3012 δι’
905 2977 1064 3018 ἐναντίας,
1111 2977 1373 3021 κεκρατημμένα
1400 2978 1437 3009 ed
1441 2978 1576 3016 .princ.
1624 2975 1859 3020 κεκρατημένα

317 3028 380 3058 qua
403 3020 551 3052 locutione
573 3022 770 3061 Epiphanius
790 3026 832 3055 est
856 3032 941 3063 usus,
964 3026 997 3055 ut
1015 3032 1065 3055 so·
1111 3025 1157 3056 ed.
1180 3025 1289 3057 Petav.
