2066 3319
485 208 665 241 PANARH
689 208 773 240 Lm.
792 209 832 241 11.
856 208 964 241 ToM.
985 209 1024 241 Π.
1049 208 1180 240 men.
1201 208 1322 240 var.
1595 201 1676 241 469

137 288 382 344 producenda
404 288 556 342 longius
580 287 757 328 oratione
784 287 986 338 laborare,
1020 287 1106 327 dum
1132 295 1166 328 et
1196 289 1374 329 veritatis
1401 288 1532 329 hostes
1561 289 1677 329 resel-

136 357 286 406 lantur,
331 363 369 396 et
407 355 580 396 eiusdem
617 355 681 396 filii
718 355 896 396 veritatis
933 355 1226 397 medicamentis
1267 371 1312 397 ae
1350 357 1532 397 remediis
1573 357 1678 398 dele-

135 431 302 465 ctentur.

246 491 362 533 Nune
383 491 624 532 circulatoris
645 491 747 532 illius
772 492 920 547 reliqua
940 492 1156 532 videamus.
1221 490 1308 532 Duo
1339 498 1570 533 testamenta
1603 493 1674 534 sibi
1725 493 1803 535 Cap.

134 561 301 601 invicem
324 574 412 602 esse
435 561 629 600 contraria
652 561 837 610 defendit,
873 575 917 600 ae
940 561 1050 600 deum
1075 560 1178 600 iilum
1200 560 1261 614 qui
1284 560 1321 599 in
1344 560 1428 613 lege
1452 561 1502 601 sit
1524 562 1675 602 loeutus
1708 539 1815 570 XLH'

133 629 180 670 ab
214 628 406 683 evangelii
442 635 600 669 auctore
630 628 842 668 diversum.
906 627 1076 668 Proinde
1103 626 1325 682 Principem
1358 627 1461 668 iilum
1495 630 1673 684 apponat,

134 697 233 738 bunc
262 711 356 738 vero
378 705 548 752 patrem,
582 712 626 737 ao
652 696 794 747 filium,
828 703 866 736 et
890 697 1041 750 quidem
1072 703 1216 751 patrem
1245 696 1394 736 Bonum
1420 698 1530 736 deum
1563 712 1675 738 suum

133 765 321 806 nominat.
384 764 540 807 Utinam
567 779 660 806 vere
692 779 801 805 suum
834 778 923 804 esse
950 764 1138 814 dixisset,
1174 778 1245 804 nec
1276 778 1412 804 errore
1447 765 1565 805 falsus
1597 772 1673 805 tam

133 834 432 875 contumeliosas
466 834 503 873 in
533 834 643 874 deum
670 847 788 874 voces
818 833 856 872 in
887 846 996 873 suum
1028 839 1142 887 eaput
1169 833 1318 872 ederet.
1382 831 1469 873 Nos
1500 847 1594 873 vero
1629 834 1674 874 iis

131 902 226 958 ipsis
260 902 306 942 ab
340 917 387 943 eo
415 902 527 942 dictis
559 902 794 942 assentimur
826 901 950 951 uitro,
984 899 1097 954 idque
1127 901 1375 955 profitemur:
1423 899 1522 940 Boni
1556 901 1674 955 patris

131 970 270 1011 bonam
293 971 491 1020 sobolem,
526 970 653 1010 lumen
678 970 722 1009 de
746 968 913 1019 lumine,
948 969 1059 1009 deum
1085 969 1130 1009 de
1164 969 1260 1020 deo,
1295 969 1407 1008 deum
1433 983 1592 1020 verum,
1628 970 1673 1010 de

131 1039 204 1080 deo
230 1053 322 1079 vero
354 1039 401 1079 ad
428 1052 497 1079 nos
531 1037 713 1078 servandi
742 1036 864 1077 nostri
891 1037 1016 1092 gratia
1044 1037 1217 1078 venisse.
1279 1041 1323 1077 In
1352 1041 1509 1089 propria
1540 1041 1672 1090 quippe
1684 1047 1878 1083 loann.1,11.

131 1111 250 1155 venit,
287 1122 362 1148 non
388 1107 424 1147 in
448 1107 572 1147 aiiena
589 1138 600 1158 ,
633 1114 670 1145 et
690 1109 754 1145 sm·
771 1121 852 1151 eum
872 1121 944 1145 non
965 1114 1198 1158 receperunt.
1264 1108 1452 1158 Quotquot
1470 1114 1590 1145 aulem
1614 1122 1675 1146 re-

130 1184 309 1228 ceperunt
331 1178 458 1223 illum,
493 1178 597 1215 dedit
618 1178 670 1214 eis
696 1183 915 1226 potestatem
938 1176 1050 1226 filios
1080 1178 1144 1214 dei
1159 1176 1277 1227 fieri,
1314 1178 1381 1226 qui
1406 1190 1479 1214 71on
1510 1191 1558 1214 ea:
1587 1190 1674 1214 san-

126 1247 258 1296 guine,
292 1260 409 1297 neque
431 1260 479 1284 θαι·
500 1259 627 1292 earne,
661 1246 729 1282 sed
747 1258 795 1282 εχ,
815 1246 881 1283 deo
904 1246 1104 1283 natisunt.
1168 1243 1287 1297 Atqui
1312 1258 1425 1283 nemo
1450 1243 1533 1283 sine
1557 1257 1675 1284 earne

132 1320 170 1353 et.
192 1312 381 1366 sanguine
407 1313 444 1352 in
472 1313 612 1353 mundo
639 1318 751 1352 natus
774 1318 856 1363 est,
890 1312 957 1352 sed
982 1326 1116 1352 omnes
1140 1313 1269 1353 earnis
1295 1327 1340 1353 ae
1364 1312 1564 1365 sanguinis
1589 1326 1676 1366 par-

132 1381 268 1436 ticipes
297 1380 373 1421 nati
396 1387 500 1421 sunt.
564 1378 665 1433 Quid
692 1380 793 1420 enim
817 1387 930 1420 erant
957 1380 1178 1434 priusquam
1209 1395 1292 1421 eum
1322 1395 1440 1421 carne
1466 1381 1676 1435 gigneren-

131 1451 219 1490 tur?
261 1457 327 1489 aut
358 1450 446 1504 quid
475 1462 563 1489 esse
589 1448 673 1488 sine
700 1462 816 1488 earne
843 1449 1076 1503 possumus?
1136 1447 1214 1489 Sed
1242 1450 1420 1503 quoniam
1457 1451 1620 1490 mundus
1653 1463 1675 1490 a

131 1518 204 1558 deo
233 1518 356 1558 sactus
383 1524 464 1568 est,
499 1524 537 1557 et
561 1531 632 1557 nos
666 1516 711 1556 ab
744 1517 878 1556 eodem
906 1516 1099 1571 procreati
1129 1531 1181 1557 ex
1215 1526 1417 1572 parentum
1452 1525 1674 1558 nostrorum

131 1600 247 1627 earne
269 1586 389 1640 geniti
416 1600 571 1637 sumus,
606 1584 712 1625 venit
735 1585 937 1636 dominus,
972 1592 1012 1625 ut
1035 1599 1104 1625 nos
1131 1599 1181 1625 ex
1206 1585 1341 1640 spiritu
1365 1593 1404 1626 et
1435 1587 1523 1641 igne
1555 1600 1674 1640 gene-

130 1662 251 1695 raret.
316 1653 447 1695 Geniti
474 1655 602 1708 itaque
631 1667 787 1704 sumus,
829 1653 942 1707 idque
971 1653 1094 1708 ipsum
1131 1654 1389 1694 certissimum
1426 1662 1506 1705 est,
1549 1669 1674 1709 neque

130 1723 330 1778 quisquam
362 1723 521 1778 primam
552 1722 656 1762 iilam
683 1722 976 1776 generationem
1003 1723 1156 1762 eiurare
1185 1729 1333 1776 potest,
1374 1730 1441 1763 aut
1470 1737 1522 1763 ex
1554 1737 1672 1764 earne

129 1798 380 1847 propagatum
408 1805 450 1831 se
476 1805 564 1831 esse
594 1791 759 1831 diffiteri.
823 1789 936 1845 Quod
965 1791 1010 1831 ad
1037 1791 1246 1831 secundam
1271 1792 1421 1846 quidem
1449 1792 1673 1845 generatio-

130 1873 215 1900 nem
241 1860 403 1910 attinet,
437 1874 513 1899 nou
538 1873 621 1899 eam
656 1874 704 1899 ex
730 1873 845 1899 earne
867 1860 928 1900 vel
955 1860 1144 1914 sanguine
1169 1860 1296 1900 sortiti
1323 1874 1481 1911 sumus,
1517 1859 1587 1900 hoe
1614 1867 1673 1900 est

129 1942 205 1968 nou
239 1942 290 1968 ex
320 1943 389 1968 usu
414 1928 543 1967 carnis
575 1935 641 1968 aut
666 1928 865 1981 sanguinis
891 1928 1133 1983 accepimus,
1169 1942 1302 1968 verum
1330 1943 1487 1968 earnem
1521 1935 1558 1968 et
1589 1928 1672 1968 ani-

128 2010 252 2047 mam,
287 2003 536 2051 posteaquam
567 1996 704 2051 spiritu
737 1996 857 2049 geniti
883 2010 1037 2047 sumus,
1073 2011 1150 2037 non
1179 1997 1372 2038 carnalem
1408 1996 1571 2052 amplius
1605 1996 1671 2036 ba-

127 2064 286 2114 bemus,
321 2065 388 2105 sed
415 2065 573 2117 sanguis
599 2071 637 2104 et
659 2078 748 2104 caro
773 2072 812 2104 et
836 2064 961 2104 anima
984 2065 1146 2119 spiritaii
1182 2067 1344 2119 quadam
1371 2067 1522 2106 ratione
1554 2079 1670 2119 copu-

127 2133 270 2173 lantur.
317 2133 446 2187 Atque
469 2133 556 2172 illud
584 2133 706 2187 ipsum
732 2140 790 2173 est
813 2134 912 2187 quod
938 2132 1092 2183 dicitur,
1126 2137 1240 2173 Dedit
1256 2138 1309 2173 eis
1324 2142 1543 2186 potestatem
1555 2136 1668 2186 filios
1681 2139 1872 2177 loann.1‚11.

126 2205 189 2242 dei
204 2204 323 2254 fieri5
359 2202 589 2255 quicumque
618 2201 795 2241 nimirum
824 2209 967 2242 mutato
992 2202 1028 2242 in
1052 2201 1188 2243 melius
1212 2203 1340 2243 animo
1365 2216 1545 2252 earnem,
1580 2216 1668 2241 san-

127 2271 281 2325 guinem
314 2277 352 2310 et
377 2270 542 2309 animam
571 2271 615 2310 ad
649 2270 707 2309 dei
735 2270 972 2310 voluntatem
999 2272 1308 2312 accommodant.
1374 2270 1453 2312 lam
1481 2286 1575 2312 vero
1607 2276 1675 2324 qni

126 2343 164 2379 in
194 2341 351 2391 propr-ia
383 2342 524 2378 venisse
552 2342 711 2387 dieitur,
753 2353 828 2378 non
864 2338 1013 2379 alienus
1046 2348 1127 2389 est,
1169 2340 1236 2380 sed
1273 2340 1442 2380 omnium
1475 2340 1667 2381 dominus.

128 2405 390 2461 Quamobrem
416 2407 467 2447 ita
493 2408 605 2447 dicit:
642 2410 718 2457 Qui
738 2408 914 2460 loquebar
940 2411 977 2447 in
998 2410 1194 2460 prophetis
1220 2424 1303 2447 eece
1333 2411 1474 2448 adsum.
1541 2406 1665 2461 Quin·
1685 2414 1810 2452 Isai.52‚
1828 2417 1852 2444 6-

127 2476 242 2516 etiam
276 2474 438 2516 ludaeos
464 2475 690 2529 alloquens,
733 2478 781 2515 Si
807 2479 937 2527 Moyse·
962 2480 1185 2525 crederetis,
1222 2478 1365 2531 inquit,
1407 2480 1602 2516 crederitis
1632 2485 1670 2516 et

126 2547 238 2592 milzi5
272 2546 336 2584 ille
363 2547 456 2584 enim
478 2547 522 2583 de
546 2559 601 2583 me
626 2548 792 2597 screPsit.
858 2544 978 2586 ltem:
1020 2547 1214 2586 Abraham
1237 2554 1348 2598 paler
1369 2555 1496 2585 nosler
1517 2548 1869 2589 e.z·ulta-10ann.8‚5s.

127 2616 181 2652 vit
202 2621 245 2652 ut
266 2615 407 2652 videret
426 2615 520 2652 diem
544 2628 681 2652 meum:
716 2616 808 2653 vidit
827 2622 863 2653 el
879 2617 1035 2666 gavisus
1060 2623 1127 2654 est.
1184 2613 1283 2654 Tum
1306 2614 1417 2654 illud:
1453 2617 1518 2654 Sic
1533 2623 1663 2667 patres
1682 2621 1794 2658 Luc-G,
1809 2623 1851 2651 23.

126 2685 244 2720 vestri
261 2683 458 2732 faciebam
470 2684 677 2734 prophetis.
742 2680 815 2723 Et:
848 2686 960 2722 Beati
980 2687 1068 2723 estis
1093 2698 1173 2722 cnm
1200 2684 1514 2734 e.17›1·0b1-ave1·2'ut
1542 2686 1655 2733 vobis,
1681 2690 1751 2718 Luc.
1766 2691 1792 2727 Β,
1811 2691 1853 2719 ²²·

126 2757 162 2788 el
182 2753 351 2789 dicerint
371 2753 565 2790 adversum
590 2765 651 2790 vos
677 2765 780 2790 omne
803 2754 938 2791 malum
963 2755 1198 2791 mentientes:
1229 2753 1391 2802 gaudete
1415 2760 1452 2790 e!
1479 2755 1659 2802 atecllale,

127 2822 297 2869 qnoniam
330 2834 470 2858 merces
503 2827 626 2859 vestra
660 2821 775 2858 malta
805 2828 863 2859 est
891 2824 928 2860 in
959 2823 1070 2859 coelis
1083 2838 1093 2858 .·
1136 2823 1190 2859 sic
1220 2823 1313 2859 em'm
1344 2823 1664 2873 persequebantur·

123 2888 344 2937 prophetas,
380 2891 549 2940 quiante
572 2903 632 2927 vos
645 2890 822 2941 suerunt.
889 2887 938 2928 Et
963 2889 1037 2928 alio
1060 2888 1168 2927 loco:
1204 2890 1450 2936 Hierusalem,
1485 2905 1578 2942 quae
1601 2906 1662 2929 oc·-
1681 2883 1799 2954 &aab

128 2956 221 2992 eidis
239 2958 454 3007 prophetas,
488 2964 526 2995 ec
548 2959 692 3009 lapidas
710 2972 771 2996 eos
793 2961 860 3010 qui
881 2960 986 2996 missi
1006 2964 1106 3003 sunl,
1142 2960 1284 3008 quoties
1307 2959 1410 2996 volui
1428 2973 1662 3011 congregare

116 3023 227 3073 filios
262 3029 371 3062 tuos?
430 3024 541 3079 Quae
575 3039 655 3066 vox
688 3028 860 3076 Quoties,
896 3026 986 3066 olim
1012 3024 1134 3080 ipsum
1162 3039 1230 3080 per
1260 3026 1466 3081 prophetas
1497 3042 1661 3082 congre-
