2030 3324
499 220 681 253 PANARH
707 221 791 252 Lm.
812 221 853 252 11.
877 220 987 252 ToM.
1007 220 1048 251 ιι.
1072 219 1203 251 HAER.
1224 218 1351 252 inx.
1613 212 1694 251 717

140 303 300 354 pedibas
323 303 472 352 ipsias?
503 298 576 340 Ubi
601 299 696 339 baec
721 299 863 350 verba,
899 303 1073 351 Oportet,
1110 306 1162 348 et⁷
1198 303 1336 346 Donec,
1375 306 1426 349 ct,
1462 302 1551 338 Cum
1577 302 1696 338 tradi-

141 372 242 409 derit
273 383 452 419 regnum,
489 368 687 407 delinitum
714 368 900 422 temporis
934 368 1100 422 spatium
1136 367 1372 420 significant.
1436 368 1567 421 Atque
1599 367 1695 407 baec

143 439 226 492 ipsa
258 437 400 486 verba,
449 440 574 475 Donec
603 439 803 475 tradiderit
835 450 991 487 regnum
1021 438 1087 474 (leo
1120 443 1158 474 etv
1175 439 1302 487 patri,
1347 436 1495 475 exitum
1528 436 1692 489 aliquem

142 507 336 559 finemque
370 504 479 558 regni
513 505 547 544 ci
587 505 648 558 qui
685 512 824 558 regnat
859 503 1039 543 accidere
1069 504 1325 543 demonstrat.
1391 503 1498 543 Haec
1537 503 1590 543 illi
1628 517 1696 557 per

142 588 330 614 summam
358 572 396 612 in
420 573 532 612 deum
557 573 831 612 contumeliam
862 571 1060 621 iactitant3
1096 584 1222 624 neque
1244 571 1330 624 quid
1357 571 1503 612 veritas
1530 572 1613 626 ipsa
1642 572 1694 611 si-

142 642 301 695 gnificet
327 641 402 680 ullo
429 642 542 680 modo
567 640 809 695 percipiunt3
855 639 1034 679 nimirum
1059 639 1157 692 quod
1184 639 1319 679 unicus
1347 639 1408 679 dei
1433 640 1531 680 lilius
1564 640 1694 679 carnis

143 723 187 749 ac
223 708 427 762 sanguinis
461 709 654 763 particeps
692 708 831 757 fuerit,
877 708 1063 747 humanas
1097 707 1219 746 eidem
1256 708 1508 757 all'ectiones,
1552 721 1692 762 eaque,

143 790 242 831 quae
269 777 418 831 gloriae
445 778 636 831 quandam
660 776 928 816 accessionem
954 775 1147 825 indicant,
1184 775 1373 816 humanae
1397 776 1499 815 illius
1533 783 1694 816 naturae

143 845 284 895 tribui,
319 845 514 899 vulgoque
545 844 786 899 praedicari;
821 844 920 897 quod
951 851 1076 883 tamen
1105 857 1125 884 a
1158 845 1330 898 perfecta
1358 844 1584 898 gloriaeque
1618 845 1696 899 ple-

144 913 303 954 nissima
327 913 530 953 divinitate
552 912 709 952 minime
732 912 940 967 putandum
968 919 1041 952 est.
1087 910 1198 964 Quae
1224 912 1375 966 quidem
1405 913 1588 953 divinitas
1611 928 1695 953 cum

143 984 226 1036 ipsa
251 995 320 1036 per
348 995 436 1021 sese
464 981 586 1035 gloria
616 981 812 1035 praedita,
848 995 893 1019 ac
917 981 1089 1034 perfecta
1111 980 1185 1030 sit,
1221 994 1462 1034 nequaquam
1491 989 1696 1021 externam

144 1057 260 1103 atque
286 1049 518 1089 adscititiam
550 1048 714 1101 gloriam
739 1048 916 1100 requirit.
980 1047 1084 1087 Nam
1110 1055 1149 1088 et
1175 1046 1358 1088 Christus
1382 1049 1463 1103 ipse
1489 1063 1535 1089 ea
1567 1049 1698 1089 verbis

145 1117 346 1171 expressit
369 1130 467 1170 quae
491 1116 536 1156 ad
561 1115 695 1155 ambas
719 1115 804 1155 illas
828 1122 959 1169 partes
980 1117 1280 1169 propugnandas
1304 1117 1501 1170 pertinere
1518 1125 1696 1170 possunt.

147 1183 282 1238 ltaque
311 1185 356 1224 dc
383 1199 426 1224 ea
463 1198 560 1238 quae
590 1183 788 1223 recentior
819 1190 878 1223 est
916 1183 1037 1237 accipi
1074 1182 1149 1224 ista
1177 1191 1364 1238 possunt:
1414 1187 1596 1236 Glorifica
1627 1200 1696 1233 me,

139 1261 265 1305 pater,
301 1267 344 1292 ea
367 1255 519 1304 gloria,
555 1267 664 1304 qaam
694 1253 813 1290 babai
832 1254 935 1303 apad
956 1260 1011 1299 te,
1046 1260 1244 1304 antequam
1270 1255 1429 1292 mandas
1441 1255 1576 1304 fieret.
1624 1251 1699 1293 Pa-

143 1329 204 1362 ter
231 1329 359 1362 antem
385 1321 549 1361 duarum
575 1319 735 1375 perinde
768 1319 1032 1360 conditionum
1070 1327 1109 1360 et
1142 1320 1405 1360 habitudinum
1439 1321 1602 1374 gloriam
1636 1322 1701 1361 de-

144 1397 393 1439 monstrans,
428 1389 474 1429 de
502 1389 631 1443 priore
664 1389 876 1429 secundum
906 1388 1083 1443 spiritum
1116 1389 1172 1429 sic
1201 1389 1392 1443 loquitur:
1439 1392 1524 1440 Ego
1547 1392 1701 1442 glorifi-

145 1461 250 1506 eavi,·
285 1465 326 1497 ut
349 1457 539 1497 inlinitum
565 1456 743 1511 quiddam
769 1457 957 1497 declaret.
1017 1455 1077 1496 De
1104 1458 1327 1497 recentiore
1352 1471 1447 1498 vero
1472 1465 1509 1498 et
1534 1458 1699 1498 hominis

146 1533 328 1581 suscepta
353 1533 514 1576 natura,
551 1528 604 1564 Et
622 1529 756 1564 iterum
777 1527 1019 1577 glorificabo.
1087 1524 1150 1565 Ex
1179 1526 1317 1579 quibus
1345 1526 1530 1566 illustrari
1566 1540 1610 1567 ac
1635 1527 1700 1567 (Ie-

147 1594 286 1635 clarari
312 1601 441 1648 potest
473 1593 533 1633 bic
562 1593 726 1647 apostoli
755 1594 863 1634 locus
890 1594 935 1633 de
959 1608 1035 1648 quo
1064 1608 1167 1634 nunc
1193 1595 1371 1648 agimus3
1412 1595 1449 1635 in
1480 1610 1555 1649 quo
1579 1595 1701 1650 dupli-

145 1676 229 1703 cem
255 1662 414 1717 perinde
441 1676 600 1703 sensum
634 1662 812 1702 veritatis
844 1661 1062 1716 proposuit.

256 1729 363 1770 Nam
391 1730 488 1771 haec
514 1730 634 1771 verba
651 1763 660 1780 ‚
696 1734 822 1769 Donec·
848 1733 1051 1769 tradiderit
1072 1745 1230 1782 regnam
1257 1734 1323 1770 deo
1349 1740 1385 1771 et
1401 1736 1522 1784 patri,
1558 1733 1603 1773 ad
1631 1733 1700 1773 hu-

143 1812 282 1843 manae
305 1806 495 1849 naturae,
531 1812 629 1853 quae
652 1805 761 1838 certo
783 1805 958 1853 tempore
985 1799 1134 1853 coepit,
1170 1800 1319 1840 initium
1345 1801 1567 1841 revocanda
1595 1809 1698 1842 sunt.

144 1865 342 1908 Divinitas
368 1881 486 1922 porro
514 1867 577 1907 filii
611 1882 696 1908 cum
723 1873 831 1921 patre
867 1880 1023 1922 semper
1052 1867 1203 1916 extitit,
1253 1883 1351 1922 quae
1381 1869 1474 1909 nibil
1509 1869 1609 1910 aliud
1643 1878 1704 1910 est

145 1949 258 1990 quam
285 1935 508 1989 unigenitus
539 1936 659 1986 deus,
695 1935 856 1976 verbum
882 1950 901 1976 a
928 1943 1037 1990 patre
1065 1936 1150 1977 sine
1177 1937 1254 1976 ullo
1277 1937 1404 1987 initio,
1440 1938 1503 1978 vel
1526 1945 1702 1993 tempore

145 2004 380 2059 procedens.
447 2003 603 2058 Alioqui
633 2004 826 2058 quomodo
853 2003 981 2058 angeli
1008 2004 1150 2045 dictum
1181 2005 1272 2045 illud
1300 2005 1429 2060 reipsa
1456 2007 1587 2061 perfici
1612 2020 1702 2061 pos-

1767 1747 1844 1788 Cap.

1730 1792 1888 1823 LXXMI.

144 2079 228 2113 set:
275 2075 444 2124 Spiritus
470 2075 614 2112 domini
634 2076 870 2125 superveniet
890 2076 928 2112 in
955 2081 988 2112 te
1001 2104 1011 2120 ,
1059 2081 1095 2112 et
1124 2077 1245 2113 virtus
1266 2077 1446 2114 altissimi
1467 2077 1706 2115 obumbrabit
1724 2086 1793 2113 Luc.
1809 2087 1833 2122 1⁷
1847 2087 1888 2113 35.

146 2146 212 2180 te?
257 2139 430 2181 Dixerat
456 2141 557 2182 enim
582 2139 740 2182 Mariae
773 2141 939 2195 virgini,
989 2144 1117 2181 Paries
1138 2144 1292 2194 filiam,
1332 2152 1370 2182 et
1393 2145 1540 2184 vocabis
1570 2159 1700 2184 nomen

146 2213 226 2249 eius
250 2213 387 2249 Iesum.
453 2207 606 2263 Quibus
631 2210 802 2250 divinum
827 2209 990 2250 verbum
1026 2223 1047 2250 e
1083 2210 1194 2251 coelo
1216 2211 1416 2266 delapsum
1439 2226 1551 2264 esse,
1587 2219 1703 2267 atquc

146 2277 184 2317 in
210 2284 323 2318 utero
348 2277 512 2332 virginis
537 2291 696 2318 carnem
720 2280 881 2328 sactum,
908 2279 1200 2333 perfectamque
1222 2279 1389 2320 hominis
1414 2287 1590 2321 naturam
1615 2295 1701 2321 sus-

148 2345 325 2401 cepisse,
360 2353 621 2397 monstraret3
668 2353 708 2386 ut
741 2360 790 2386 ne
819 2347 1031 2400 perlectam
1065 2348 1244 2403 corporis
1277 2355 1453 2388 naturam
1486 2363 1507 2389 a
1529 2350 1702 2404 perfecta

148 2414 351 2454 divinitate
378 2421 620 2455 secerneret.
686 2413 820 2468 Quare
851 2414 1017 2455 subinde
1051 2415 1144 2456 illud
1177 2416 1317 2456 adiecit
1353 2417 1556 2472 eidemque
1585 2418 1699 2469 dixit,

147 2485 308 2534 Ideoque
338 2490 377 2521 et
398 2485 497 2534 qaod
525 2491 703 2522 nascetur
731 2491 902 2523 sanctam
933 2485 1128 2524 vocabitur
1157 2487 1279 2524 Filias
1309 2488 1392 2534 (lei5
1427 2486 1591 2537 deiude,
1625 2490 1702 2527 Da-

149 2552 205 2590 bit
233 2555 270 2591 ei
296 2554 386 2590 deas
425 2555 545 2590 sedem
579 2554 703 2590 David
732 2555 858 2604 patris
887 2555 988 2600 eius,
1037 2561 1075 2592 et
1102 2555 1280 2605 regnabit
1317 2557 1354 2593 ile
1385 2557 1490 2593 domo
1521 2556 1633 2594 Iacob
1664 2559 1702 2595 in

148 2627 361 2667 aeternam,
397 2628 434 2658 et
457 2623 572 2671 regni
588 2624 667 2659 eius
690 2635 763 2659 non
794 2623 868 2659 erit
885 2622 998 2672 fim's.
1065 2620 1331 2675 Quamobrem
1358 2636 1443 2663 cum
1470 2623 1565 2663 llaec
1589 2623 1702 2664 ambo

149 2687 224 2728 sibi
255 2687 423 2728 invicem
456 2688 634 2742 opposita
665 2701 755 2728 esse
789 2688 1018 2739 videantur,
1052 2690 1256 2740 videlicet,
1310 2694 1464 2742 Oportet
1493 2694 1611 2743 ipsam
1643 2707 1704 2731 re—

147 2770 272 2808 gnare
298 2759 414 2795 donee
445 2763 542 2807 etc„
577 2763 630 2806 et,
667 2757 854 2807 Regnabit
882 2759 919 2795 in
951 2759 1056 2797 domo
1086 2759 1201 2797 Iacob
1232 2762 1270 2798 in
1299 2761 1427 2798 secula
1459 2759 1542 2813 (ubi
1567 2760 1702 2801 obser-

195 2904 226 2938 7.
251 2907 324 2938 Post
344 2915 410 2938 voc.
435 2904 569 2945 δοξάσω
596 2908 701 2941 Petav.
719 2906 831 2946 incepit
848 2916 902 2938 no-
997 2907 1074 2939 CAP.
1096 2907 1257 2938 LXXIII.
1285 2926 1327 2932 —-
1386 2909 1410 2940 I.
1437 2907 1588 2951 Ξατέρων
1612 2910 1700 2941 codd.

149 2960 224 2982 vum
246 2955 358 2990 caput,
383 2953 576 2993 dislingyuens
601 2946 680 2984 Ἵνα
704 2950 762 2984 καὶ
786 2950 847 2984 ἐντ.
874 2963 900 2984 τ.
949 2962 1021 2984 mss.
1048 2957 1182 2992 uterque.

152 3006 182 3029 σ.
207 2992 448 3040 ἄποδειχξῖείη,
472 2997 549 3039 περὶ
574 2990 619 3030 ὧν
643 3000 708 3028 cett.
993 3000 1025 3031 2.
1050 2999 1256 3030 Scribendum
1279 2998 1355 3033 τῶν.

196 3041 229 3075 8.
253 3038 271 3074 ὁ
296 3051 356 3074 om.
380 3044 428 3074 ed.
453 3045 561 3076 Petav.
