2066 3319
502 174 681 207 PANAnn
707 175 787 206 Lm.
807 175 847 207 n.
871 175 979 207 ToM.
1001 177 1024 207 1.
1050 176 1180 209 naen.
1201 177 1292 208 in.
1590 168 1669 208 199

129 258 220 294 deus
241 257 440 293 coniunxit
467 255 572 293 homo
595 268 668 292 non
693 258 871 305 separet?
928 253 1030 294 Nam
1059 269 1108 295 ex
1141 256 1376 297 necessitate
1408 269 1591 311 separare
1623 256 1669 296 ab

132 321 285 361 bomine
308 328 388 371 est,
422 328 559 376 sponte
591 335 686 360 vero
718 321 919 361 continere
946 336 1034 361 sese
1065 337 1139 363 non
1167 324 1331 363 bominis
1364 338 1476 373 csse,
1510 325 1576 364 sed
1609 324 1669 364 dei

132 402 228 444 opus
253 388 435 429 ostendit.
499 389 560 429 Ad
591 389 685 429 baec.
715 389 901 430 naturalis
929 390 988 430 illa
1018 392 1232 430 necessitas
1260 392 1371 432 babet
1396 406 1511 446 saepe
1537 406 1668 447 repre-

132 456 382 506 hensionem,
417 457 597 511 quoniam
622 457 657 497 id
679 459 825 512 ipsum,
859 459 957 512 quod
987 459 1211 499 necessario
1240 459 1458 514 impositum
1483 467 1557 508 cst,
1593 474 1668 500 non

130 531 238 566 recto
261 525 424 565 consilio
450 540 494 565 ac
514 525 664 565 ratione
692 526 912 580 perficitur,
947 527 1013 565 sed
1044 526 1143 566 intra
1171 528 1341 580 reguiam
1367 528 1522 567 minime
1547 528 1667 567 conti-

128 600 255 633 netur.
318 591 410 633 Non
441 593 542 632 enim
569 593 603 632 vi
630 595 896 648 extorquenda
923 594 1044 648 pietas
1070 601 1143 644 est,
1179 595 1244 634 sed
1274 595 1436 634 consilio
1461 610 1504 635 ac
1533 596 1668 636 volun-

127 667 205 700 tate
226 660 370 701 iustitia
399 660 623 716 suscipitur.
684 660 811 702 Porro
838 675 935 715 quae
960 662 1005 700 ad
1030 662 1211 715 pietatem
1239 662 1392 716 proprie
1418 671 1507 703 sunt
1534 677 1669 703 neres-

126 729 231 769 saria
255 729 460 769 manifesta
486 737 601 780 sunt,
636 743 734 783 quae
760 730 911 768 seilicet
939 729 1114 769 liomines
1139 736 1300 769 naturae
1324 731 1429 770 velut
1455 731 1669 771 admetiun-

127 803 202 836 tur.
265 794 391 850 Quale
425 804 484 838 est
519 812 595 838 non
636 797 843 847 fornicari,
885 811 1008 851 neque
1041 797 1269 837 adulterium
1302 805 1550 852 perpetrare,
1592 813 1669 838 non

126 863 330 905 libidinose
363 879 406 905 se
436 879 599 919 gerere,
636 880 712 905 non
739 865 931 905 secundas
967 866 1102 904 eodem
1129 872 1301 918 tempore
1331 867 1481 921 nuptias
1514 874 1668 907 contra-

125 933 243 984 bere,
279 947 353 973 uon
382 947 535 988 rapere,
570 948 647 973 non
670 933 848 973 iniuriam
877 935 1021 983 faeere,
1058 948 1133 973 non
1158 933 1367 982 inebriari,
1404 949 1479 974 non
1505 948 1547 974 se
1572 934 1668 974 cibis

124 1001 377 1054 iniurgitare,
413 1016 488 1042 non
512 1001 741 1042 veneficium
766 1015 922 1056 parare,
958 1016 1033 1041 non
1059 1001 1159 1041 idola
1186 1001 1331 1052 colere,
1368 1016 1442 1042 non
1470 1003 1666 1050 occidere,

125 1083 200 1110 non
230 1069 458 1124 imprecari,
494 1084 569 1110 non
596 1069 825 1120 convitiari,
861 1084 936 1109 non
963 1070 1115 1119 iurare,
1150 1084 1386 1111 succensere.
1414 1085 1457 1111 ac
1484 1071 1561 1111 cito
1591 1071 1668 1126 pla·

124 1137 227 1188 cari,
270 1138 386 1178 irasci
427 1152 498 1178 nec
534 1152 720 1192 peecare,
762 1137 883 1178 solem
927 1152 1045 1193 super
1080 1138 1319 1178 iracundiam
1361 1153 1436 1178 non
1470 1139 1665 1180 occidere.
1688 1153 1761 1189 Epa.
1784 1151 1871 1188 §.251

123 1204 280 1260 Nuptiis
306 1220 400 1246 vero
435 1206 604 1261 copulari
640 1206 846 1260 legitimis,
882 1207 943 1246 vel
972 1214 1107 1247 natura
1141 1207 1220 1261 ipsa
1252 1221 1272 1246 a
1300 1207 1372 1247 deo
1396 1207 1549 1248 condita
1581 1221 1668 1262 per-

124 1274 282 1314 missum
304 1275 376 1315 sibi
401 1288 490 1315 esse
521 1275 766 1315 monstrabit.
831 1272 976 1315 Cetera
1004 1275 1192 1329 denique,
1228 1289 1325 1329 quae
1351 1276 1524 1316 eiusdem
1551 1275 1668 1316 ratio-

122 1342 181 1382 nis
202 1350 315 1393 sunt,
349 1344 394 1383 ad
419 1343 647 1383 alterutrum
672 1357 796 1397 genus
813 1375 823 1394 ,
858 1357 927 1397 pro
956 1343 1068 1383 modo
1091 1358 1161 1383 suo
1188 1358 1232 1384 ac
1254 1357 1454 1395 mensura,
1488 1343 1667 1385 revocari

121 1417 298 1466 possunt.
1047 1462 1050 1463 ⁷

235 1477 384 1518 Verum
408 1486 472 1528 ut,
508 1493 605 1533 quae
633 1480 677 1519 de
705 1479 780 1519 iliis
802 1486 971 1519 tractare
995 1480 1192 1534 cepimus,
1226 1494 1522 1535 persequamur,
1557 1480 1664 1520 babi-
1691 1488 1768 1529 Cap.
1792 1488 1832 1516 it.

124 1554 204 1587 tant
226 1547 277 1587 illi
303 1547 338 1586 in
365 1548 509 1602 exigua
532 1549 694 1602 quadam
719 1548 882 1601 regione
903 1546 1118 1602 Pbrygiae,
1147 1545 1308 1588 Ciliciae
1332 1563 1375 1589 ac
1394 1547 1663 1603 Pamphyliae.

123 1614 225 1669 Quid
253 1615 397 1669 igitur?
455 1614 617 1669 Ergone
652 1615 845 1667 ecclesia,
879 1630 977 1670 quae
1011 1617 1055 1656 ad
1082 1623 1284 1670 utramque
1314 1623 1504 1656 terrarum
1535 1624 1666 1657 extre-

122 1685 292 1724 mitatem
317 1683 541 1739 porrigitur,
577 1685 728 1739 penitus
756 1685 1015 1735 exscinditur,
1051 1699 1122 1724 nec
1151 1685 1314 1739 amplius
1343 1686 1379 1725 in
1406 1699 1560 1725 omnem
1588 1693 1665 1725 ter·
1692 1692 1800 1719 statm-

122 1766 203 1792 ram
229 1752 352 1792 exivit
378 1767 497 1793 sonus
519 1767 671 1802 eorum,
707 1760 744 1792 et
770 1753 807 1792 in
831 1753 926 1793 fines
950 1752 1055 1792 orbis
1083 1760 1209 1793 terrae
1234 1754 1351 1793 verba
1378 1756 1539 1794 eorum?
1577 1753 1665 1794 Nec
1770 1744 1795 1752 ..

122 1821 212 1861 illud
237 1821 364 1871 valet,
400 1822 498 1875 quod
526 1835 545 1861 a
571 1827 775 1862 servatore
800 1821 940 1861 dictum
967 1828 1049 1861 est:
1084 1824 1205 1860 Erilis
1233 1824 1327 1861 milei
1347 1830 1456 1861 testes
1478 1837 1594 1875 usque
1615 1826 1665 1862 acl
1684 1832 1744 1858 Act·
1768 1830 1791 1864 ¹,
1808 1829 1833 1855 8-

121 1891 290 1928 ultimum
324 1894 477 1928 terrae?
536 1888 770 1929 Enimvero
797 1889 829 1929 si
859 1889 1076 1930 honestatis
1112 1890 1203 1929 nibil
1235 1890 1372 1930 liabent
1406 1891 1561 1945 nuptiae
1594 1905 1665 1931 nee

122 1957 196 1998 ulla
226 1957 282 1998 eis
313 1958 414 1998 vitae
450 1971 538 2013 spes
570 1957 822 2012 relinquitur,
860 1965 1069 1998 nascantur
1092 1951 1145 1998 illi
1173 1958 1258 1998 sine
1287 1959 1444 2013 nuptiis.
1510 1957 1580 1999 Sin
1613 1973 1662 2000 ex

121 2025 264 2081 nuptiis
299 2026 499 2076 oriuntur,
534 2026 582 2066 ob
607 2040 672 2066 eas
705 2027 807 2081 ipsas
833 2025 969 2081 impuri
1002 2034 1093 2066 sunt
1126 2033 1164 2067 et
1195 2027 1422 2067 execrandi.
1486 2026 1599 2080 Quod
1633 2028 1665 2067 si

122 2095 196 2136 soli
219 2095 270 2135 illi
294 2094 434 2150 impuri
458 2095 616 2135 minime
645 2102 756 2144 sunt,
792 2095 879 2135 licet
905 2108 925 2134 e
951 2095 1093 2149 nuptiis
1120 2096 1321 2151 propagati
1347 2096 1440 2145 sint,
1475 2111 1552 2137 non
1575 2104 1665 2136 sunt

121 2163 295 2218 impurae
328 2165 505 2218 nuptiae,
549 2162 728 2218 quoniam
766 2164 850 2203 sine
886 2163 962 2203 iltis
996 2177 1109 2204 nemo
1145 2165 1182 2204 iu
1219 2165 1317 2205 lianc
1352 2165 1475 2204 lucem
1508 2165 1664 2219 prodire

123 2238 266 2287 potest.
326 2230 498 2286 Magnus
528 2232 684 2272 omnino
717 2231 910 2271 bominum
939 2232 1089 2272 illorum
1128 2246 1241 2272 error
1269 2239 1352 2282 est,
1387 2233 1447 2287 qui
1480 2233 1589 2273 varia
1621 2247 1664 2272 ac

123 2299 320 2356 multiplici
348 2299 478 2354 specie
511 2300 677 2340 humano
709 2300 844 2353 generi
869 2299 1081 2355 perniciem
1105 2301 1254 2351 attulit,
1290 2308 1327 2341 et
1354 2315 1663 2355 niinmquemquc

121 2369 226 2410 inani
258 2369 419 2422 quodam
454 2376 660 2423 praetextu
691 2383 710 2408 a
742 2376 849 2409 recta
882 2369 944 2409 via
975 2369 1152 2409 veritatis
1184 2370 1360 2410 abduxit.

236 2436 364 2478 Habet
390 2439 541 2492 quidem
573 2438 898 2477 renuntiationem
924 2437 1115 2489 ecclesia,
1148 2438 1216 2478 sed
1249 2453 1324 2478 non
1351 2438 1436 2478 ideo
1466 2438 1662 2478 detestan—
1691 2444 1767 2486 Cap.
1791 2443 1844 2474 111.

123 2507 191 2546 das
226 2506 378 2561 nuptias
412 2506 627 2547 existimat.
693 2505 819 2546 Habet
849 2505 1036 2546 bonorum
1069 2507 1236 2546 onmium
1261 2506 1452 2562 inopiam,
1486 2507 1553 2547 sed
1587 2521 1661 2547 nou

123 2575 312 2615 adversus
336 2574 423 2615 illos
449 2574 664 2615 insolenter
686 2574 861 2626 effertur,
896 2575 958 2628 qui
981 2588 1025 2614 ca
1051 2575 1149 2615 iuste
1172 2575 1370 2630 possident
1391 2590 1412 2614 a
1439 2575 1662 2629 parentibus

123 2650 304 2698 accepta,
345 2643 483 2697 quibus
519 2650 594 2683 tam
633 2643 703 2683 sibi
738 2657 848 2696 quam
878 2642 964 2683 aliis
996 2643 1256 2697 indigentibus
1290 2643 1537 2684 subveniant.
1602 2646 1661 2685 Ad

125 2711 219 2752 haec
250 2726 272 2751 a
298 2711 472 2751 ciborum
505 2725 576 2752 usu
605 2718 823 2766 temperant
848 2711 981 2762 multi,
1022 2712 1090 2751 sed
1118 2726 1192 2751 non
1224 2718 1358 2751 contra
1395 2725 1461 2751 eos
1494 2713 1556 2766 qui
1588 2713 1662 2752 illis

123 2786 282 2820 utuntur
309 2780 475 2835 superbe
502 2794 544 2819 se
578 2786 733 2834 gerunt.
798 2782 873 2831 Qui
899 2783 992 2820 enim
1029 2782 1248 2827 manducat,
1283 2795 1356 2819 non
1383 2783 1863 2827 rnanduca11lenznom.m‚3.

122 2863 194 2888 nou
216 2856 439 2896 contemnat,
475 2856 511 2888 et
530 2851 598 2901 qni
613 2863 686 2888 non
710 2851 922 2896 manducat,
958 2850 1237 2887 manducantem
1261 2863 1333 2888 nou
1355 2851 1504 2889 iudice!-
1553 2852 1661 2889 Clu-e·-

123 2959 159 2982 ne
181 2953 224 2982 sic
245 2962 300 2983 nos
323 2955 438 2984 struere
460 2953 590 2984 solemus
613 2955 751 2983 nostrum
775 2951 868 2990 „sich
917 2949 1006 2982 nicht
1032 2949 1255 2982 'ubet-hebem‘.

125 2995 350 3039 tiberhebe11“‚
376 3007 446 3029 cum
469 2999 623 3037 dicimus,
647 2996 741 3037 „sicli
762 2997 870 3028 seiner
