<?xml version="1.0" encoding="UTF-8"?>
<!DOCTYPE html PUBLIC "-//W3C//DTD XHTML 1.0 Transitional//EN"
    "http://www.w3.org/TR/xhtml1/DTD/xhtml1-transitional.dtd">
<html xmlns="http://www.w3.org/1999/xhtml" xml:lang="en" lang="en">
 <head>
  <title>
</title>
<meta http-equiv="Content-Type" content="text/html;charset=utf-8" />
  <meta name='ocr-system' content='tesseract 3.04.00' />
  <meta name='ocr-capabilities' content='ocr_page ocr_carea ocr_par ocr_line ocrx_word'/>
</head>
<body>
  <div class='ocr_page' id='page_1' title='image "./p2corporishaereseo02epipuoft/p2corporishaereseo02epipuoft_0015.png"; bbox 0 0 2056 3298; ppageno 0'>
   <div class='ocr_carea' id='block_1_1' title="bbox 841 151 1737 194">
    <p class='ocr_par' dir='ltr' id='par_1_1' title="bbox 841 151 1737 194">
     <span class='ocr_line' id='line_1_1' title="bbox 841 151 1737 194; baseline 0.015 -13"><span class='ocrx_word' id='word_1_1' title='bbox 841 151 1099 183; x_wconf 70' lang='lat' dir='ltr'>PRAEFATIO.</span> <span class='ocrx_word' id='word_1_2' title='bbox 1692 166 1737 194; x_wconf 82' lang='lat' dir='ltr'>lx</span> 
     </span>
    </p>
   </div>
   <div class='ocr_carea' id='block_1_2' title="bbox 183 241 1744 3028">
    <p class='ocr_par' dir='ltr' id='par_1_2' title="bbox 188 241 1741 357">
     <span class='ocr_line' id='line_1_2' title="bbox 190 241 1741 295; baseline 0.001 -12"><span class='ocrx_word' id='word_1_3' title='bbox 190 242 243 283; x_wconf 87' lang='lat' dir='ltr'>ab</span> <span class='ocrx_word' id='word_1_4' title='bbox 274 253 323 283; x_wconf 89' lang='lat' dir='ltr'>eo</span> <span class='ocrx_word' id='word_1_5' title='bbox 354 241 604 294; x_wconf 83' lang='lat' dir='ltr'>praestitam</span> <span class='ocrx_word' id='word_1_6' title='bbox 636 253 731 283; x_wconf 87' lang='lat' dir='ltr'>esse</span> <span class='ocrx_word' id='word_1_7' title='bbox 763 245 914 293; x_wconf 87' lang='lat' dir='ltr'>putare</span> <span class='ocrx_word' id='word_1_8' title='bbox 945 241 1060 289; x_wconf 79' lang='lat' dir='ltr'>licet,</span> <span class='ocrx_word' id='word_1_9' title='bbox 1099 244 1258 295; x_wconf 83' lang='lat' dir='ltr'>pariter</span> <span class='ocrx_word' id='word_1_10' title='bbox 1288 243 1501 285; x_wconf 85' lang='lat' dir='ltr'>interiisse</span> <span class='ocrx_word' id='word_1_11' title='bbox 1533 243 1741 295; x_wconf 84' lang='lat' dir='ltr'>suspicari</span> 
     </span>
     <span class='ocr_line' id='line_1_3' title="bbox 188 315 430 357; baseline -0.004 0"><span class='ocrx_word' id='word_1_12' title='bbox 188 315 430 357; x_wconf 82' lang='lat' dir='ltr'>debeamus.</span> 
     </span>
    </p>

    <p class='ocr_par' dir='ltr' id='par_1_3' title="bbox 183 388 1744 3028">
     <span class='ocr_line' id='line_1_4' title="bbox 302 388 1740 440; baseline 0.002 -11"><span class='ocrx_word' id='word_1_13' title='bbox 302 388 420 438; x_wconf 86' lang='lat' dir='ltr'>Quae</span> <span class='ocrx_word' id='word_1_14' title='bbox 451 401 543 430; x_wconf 91' lang='lat' dir='ltr'>cum</span> <span class='ocrx_word' id='word_1_15' title='bbox 574 388 635 429; x_wconf 86' lang='lat' dir='ltr'>ita</span> <span class='ocrx_word' id='word_1_16' title='bbox 666 395 830 439; x_wconf 82' lang='lat' dir='ltr'>essent,</span> <span class='ocrx_word' id='word_1_17' title='bbox 863 393 1088 440; x_wconf 75' lang='lat' dir='ltr'>postquam</span> <span class='ocrx_word' id='word_1_18' title='bbox 1120 402 1198 440; x_wconf 85' lang='lat' dir='ltr'>ego</span> <span class='ocrx_word' id='word_1_19' title='bbox 1220 390 1388 431; x_wconf 87' lang='lat' dir='ltr'>Panarii</span> <span class='ocrx_word' id='word_1_20' title='bbox 1412 403 1495 432; x_wconf 91' lang='lat' dir='ltr'>una</span> <span class='ocrx_word' id='word_1_21' title='bbox 1515 403 1607 432; x_wconf 78' lang='lat' dir='ltr'>cuni</span> <span class='ocrx_word' id='word_1_22' title='bbox 1629 392 1740 432; x_wconf 83' lang='lat' dir='ltr'>Ana-</span> 
     </span>
     <span class='ocr_line' id='line_1_5' title="bbox 189 461 1740 514; baseline 0.001 -11"><span class='ocrx_word' id='word_1_23' title='bbox 189 462 459 514; x_wconf 85' lang='lat' dir='ltr'>cephalaeosi</span> <span class='ocrx_word' id='word_1_24' title='bbox 489 462 738 503; x_wconf 86' lang='lat' dir='ltr'>recensendi</span> <span class='ocrx_word' id='word_1_25' title='bbox 771 462 1007 514; x_wconf 87' lang='lat' dir='ltr'>edendique</span> <span class='ocrx_word' id='word_1_26' title='bbox 1029 461 1248 503; x_wconf 85' lang='lat' dir='ltr'>consilium</span> <span class='ocrx_word' id='word_1_27' title='bbox 1272 463 1381 514; x_wconf 86' lang='lat' dir='ltr'>cepi,</span> <span class='ocrx_word' id='word_1_28' title='bbox 1413 464 1454 504; x_wconf 85' lang='lat' dir='ltr'>id</span> <span class='ocrx_word' id='word_1_29' title='bbox 1478 470 1574 506; x_wconf 87' lang='lat' dir='ltr'>autc</span> <span class='ocrx_word' id='word_1_30' title='bbox 1599 464 1740 506; x_wconf 89' lang='lat' dir='ltr'>omnia</span> 
     </span>
     <span class='ocr_line' id='line_1_6' title="bbox 189 535 1739 591; baseline 0.001 -14"><span class='ocrx_word' id='word_1_31' title='bbox 189 536 400 588; x_wconf 86' lang='lat' dir='ltr'>agendum</span> <span class='ocrx_word' id='word_1_32' title='bbox 431 547 527 577; x_wconf 88' lang='lat' dir='ltr'>esse</span> <span class='ocrx_word' id='word_1_33' title='bbox 558 535 643 576; x_wconf 86' lang='lat' dir='ltr'>vidi</span> <span class='ocrx_word' id='word_1_34' title='bbox 685 540 729 576; x_wconf 90' lang='lat' dir='ltr'>ut</span> <span class='ocrx_word' id='word_1_35' title='bbox 769 535 967 577; x_wconf 89' lang='lat' dir='ltr'>librorum</span> <span class='ocrx_word' id='word_1_36' title='bbox 1000 538 1258 576; x_wconf 74' lang='lat' dir='ltr'>vetustorum</span> <span class='ocrx_word' id='word_1_37' title='bbox 1293 536 1448 578; x_wconf 77' lang='lat' dir='ltr'>auxilia</span> <span class='ocrx_word' id='word_1_38' title='bbox 1479 550 1635 590; x_wconf 75' lang='lat' dir='ltr'>cosque</span> <span class='ocrx_word' id='word_1_39' title='bbox 1666 551 1739 591; x_wconf 87' lang='lat' dir='ltr'>ap-</span> 
     </span>
     <span class='ocr_line' id='line_1_7' title="bbox 188 609 1741 662; baseline 0.002 -12"><span class='ocrx_word' id='word_1_40' title='bbox 188 613 365 662; x_wconf 87' lang='lat' dir='ltr'>paratus</span> <span class='ocrx_word' id='word_1_41' title='bbox 396 609 497 650; x_wconf 90' lang='lat' dir='ltr'>mihi</span> <span class='ocrx_word' id='word_1_42' title='bbox 529 621 815 662; x_wconf 79' lang='lat' dir='ltr'>compararem</span> <span class='ocrx_word' id='word_1_43' title='bbox 847 609 998 661; x_wconf 81' lang='lat' dir='ltr'>quibus</span> <span class='ocrx_word' id='word_1_44' title='bbox 1040 609 1198 661; x_wconf 81' lang='lat' dir='ltr'>scripta</span> <span class='ocrx_word' id='word_1_45' title='bbox 1240 623 1289 650; x_wconf 81' lang='lat' dir='ltr'>ca</span> <span class='ocrx_word' id='word_1_46' title='bbox 1321 623 1428 662; x_wconf 86' lang='lat' dir='ltr'>quac</span> <span class='ocrx_word' id='word_1_47' title='bbox 1460 612 1741 654; x_wconf 86' lang='lat' dir='ltr'>innumerabi-</span> 
     </span>
     <span class='ocr_line' id='line_1_8' title="bbox 188 683 1740 737; baseline 0.002 -12"><span class='ocrx_word' id='word_1_48' title='bbox 188 684 298 725; x_wconf 86' lang='lat' dir='ltr'>libus</span> <span class='ocrx_word' id='word_1_49' title='bbox 329 683 431 724; x_wconf 83' lang='lat' dir='ltr'>locis</span> <span class='ocrx_word' id='word_1_50' title='bbox 465 683 612 724; x_wconf 81' lang='lat' dir='ltr'>vitiata</span> <span class='ocrx_word' id='word_1_51' title='bbox 644 689 683 724; x_wconf 80' lang='lat' dir='ltr'>ct</span> <span class='ocrx_word' id='word_1_52' title='bbox 717 687 914 734; x_wconf 84' lang='lat' dir='ltr'>corrupta</span> <span class='ocrx_word' id='word_1_53' title='bbox 938 683 1151 731; x_wconf 79' lang='lat' dir='ltr'>iacebant,</span> <span class='ocrx_word' id='word_1_54' title='bbox 1183 684 1418 736; x_wconf 78' lang='lat' dir='ltr'>quibusque</span> <span class='ocrx_word' id='word_1_55' title='bbox 1442 690 1538 737; x_wconf 73' lang='lat' dir='ltr'>post</span> <span class='ocrx_word' id='word_1_56' title='bbox 1562 686 1634 727; x_wconf 86' lang='lat' dir='ltr'>Th.</span> <span class='ocrx_word' id='word_1_57' title='bbox 1658 688 1740 728; x_wconf 63' lang='lat' dir='ltr'>(ja-</span> 
     </span>
     <span class='ocr_line' id='line_1_9' title="bbox 189 756 1740 811; baseline 0.001 -12"><span class='ocrx_word' id='word_1_58' title='bbox 189 757 401 806; x_wconf 88' lang='lat' dir='ltr'>takerum,</span> <span class='ocrx_word' id='word_1_59' title='bbox 439 757 648 798; x_wconf 87' lang='lat' dir='ltr'>hominem</span> <span class='ocrx_word' id='word_1_60' title='bbox 680 757 785 798; x_wconf 86' lang='lat' dir='ltr'>satis</span> <span class='ocrx_word' id='word_1_61' title='bbox 819 768 1015 808; x_wconf 83' lang='lat' dir='ltr'>sagacem</span> <span class='ocrx_word' id='word_1_62' title='bbox 1050 769 1123 797; x_wconf 91' lang='lat' dir='ltr'>nec</span> <span class='ocrx_word' id='word_1_63' title='bbox 1157 756 1379 799; x_wconf 71' lang='lat' dir='ltr'>infeliciter</span> <span class='ocrx_word' id='word_1_64' title='bbox 1408 759 1449 799; x_wconf 90' lang='grc'>111</span> <span class='ocrx_word' id='word_1_65' title='bbox 1482 761 1740 811; x_wconf 78' lang='lat' dir='ltr'>temptandis</span> 
     </span>
     <span class='ocr_line' id='line_1_10' title="bbox 189 830 1742 885; baseline 0.001 -13"><span class='ocrx_word' id='word_1_66' title='bbox 189 831 561 883; x_wconf 86' lang='lat' dir='ltr'>emaculandisque</span> <span class='ocrx_word' id='word_1_67' title='bbox 599 831 757 883; x_wconf 81' lang='lat' dir='ltr'>aliquot</span> <span class='ocrx_word' id='word_1_68' title='bbox 798 830 900 871; x_wconf 85' lang='lat' dir='ltr'>locis</span> <span class='ocrx_word' id='word_1_69' title='bbox 934 834 1166 881; x_wconf 69' lang='lat' dir='ltr'>versatum,</span> <span class='ocrx_word' id='word_1_70' title='bbox 1210 831 1275 872; x_wconf 74' lang='lat' dir='ltr'>vix</span> <span class='ocrx_word' id='word_1_71' title='bbox 1314 831 1425 872; x_wconf 77' lang='lat' dir='ltr'>ullus</span> <span class='ocrx_word' id='word_1_72' title='bbox 1466 845 1635 885; x_wconf 78' lang='lat' dir='ltr'>operam</span> <span class='ocrx_word' id='word_1_73' title='bbox 1669 834 1742 875; x_wconf 89' lang='lat' dir='ltr'>ali-</span> 
     </span>
     <span class='ocr_line' id='line_1_11' title="bbox 190 904 1740 958; baseline 0.002 -13"><span class='ocrx_word' id='word_1_74' title='bbox 190 917 314 958; x_wconf 86' lang='lat' dir='ltr'>quam</span> <span class='ocrx_word' id='word_1_75' title='bbox 346 904 572 957; x_wconf 85' lang='lat' dir='ltr'>impendit,</span> <span class='ocrx_word' id='word_1_76' title='bbox 604 917 696 946; x_wconf 89' lang='lat' dir='ltr'>cum</span> <span class='ocrx_word' id='word_1_77' title='bbox 717 904 800 945; x_wconf 88' lang='lat' dir='ltr'>fide</span> <span class='ocrx_word' id='word_1_78' title='bbox 832 909 872 945; x_wconf 87' lang='lat' dir='ltr'>et</span> <span class='ocrx_word' id='word_1_79' title='bbox 905 904 1158 945; x_wconf 87' lang='lat' dir='ltr'>auctoritate</span> <span class='ocrx_word' id='word_1_80' title='bbox 1182 904 1218 945; x_wconf 79' lang='lat' dir='ltr'>si</span> <span class='ocrx_word' id='word_1_81' title='bbox 1240 917 1322 946; x_wconf 91' lang='lat' dir='ltr'>non</span> <span class='ocrx_word' id='word_1_82' title='bbox 1342 906 1526 957; x_wconf 83' lang='lat' dir='ltr'>restitui,</span> <span class='ocrx_word' id='word_1_83' title='bbox 1559 911 1603 947; x_wconf 88' lang='lat' dir='ltr'>at</span> <span class='ocrx_word' id='word_1_84' title='bbox 1628 911 1740 948; x_wconf 87' lang='lat' dir='ltr'>certe</span> 
     </span>
     <span class='ocr_line' id='line_1_12' title="bbox 190 978 1741 1032; baseline 0.001 -12"><span class='ocrx_word' id='word_1_85' title='bbox 190 979 364 1032; x_wconf 88' lang='lat' dir='ltr'>purgari</span> <span class='ocrx_word' id='word_1_86' title='bbox 405 978 703 1030; x_wconf 83' lang='lat' dir='ltr'>emendarique</span> <span class='ocrx_word' id='word_1_87' title='bbox 741 982 929 1031; x_wconf 84' lang='lat' dir='ltr'>possent.</span> <span class='ocrx_word' id='word_1_88' title='bbox 996 979 1135 1030; x_wconf 86' lang='lat' dir='ltr'>Atque</span> <span class='ocrx_word' id='word_1_89' title='bbox 1173 990 1299 1020; x_wconf 91' lang='lat' dir='ltr'>manu</span> <span class='ocrx_word' id='word_1_90' title='bbox 1338 984 1534 1020; x_wconf 85' lang='lat' dir='ltr'>exaratos</span> <span class='ocrx_word' id='word_1_91' title='bbox 1575 980 1741 1022; x_wconf 82' lang='lat' dir='ltr'>codices</span> 
     </span>
     <span class='ocr_line' id='line_1_13' title="bbox 188 1051 1742 1105; baseline 0.001 -12"><span class='ocrx_word' id='word_1_92' title='bbox 188 1051 328 1094; x_wconf 90' lang='lat' dir='ltr'>inveni</span> <span class='ocrx_word' id='word_1_93' title='bbox 355 1052 672 1093; x_wconf 89' lang='lat' dir='ltr'>commemorari</span> <span class='ocrx_word' id='word_1_94' title='bbox 692 1052 901 1093; x_wconf 86' lang='lat' dir='ltr'>Venetum</span> <span class='ocrx_word' id='word_1_95' title='bbox 925 1052 1203 1093; x_wconf 81' lang='lat' dir='ltr'>bibliothecae</span> <span class='ocrx_word' id='word_1_96' title='bbox 1237 1052 1275 1094; x_wconf 84' lang='lat' dir='ltr'>S.</span> <span class='ocrx_word' id='word_1_97' title='bbox 1296 1053 1427 1094; x_wconf 84' lang='lat' dir='ltr'>Marci</span> <span class='ocrx_word' id='word_1_98' title='bbox 1459 1066 1546 1095; x_wconf 91' lang='lat' dir='ltr'>nro.</span> <span class='ocrx_word' id='word_1_99' title='bbox 1569 1053 1742 1105; x_wconf 64' lang='lat' dir='ltr'>CXXV„</span> 
     </span>
     <span class='ocr_line' id='line_1_14' title="bbox 187 1125 1744 1180; baseline 0.001 -13"><span class='ocrx_word' id='word_1_100' title='bbox 187 1125 566 1167; x_wconf 78' lang='lat' dir='ltr'>Vratislaviensem</span> <span class='ocrx_word' id='word_1_101' title='bbox 596 1125 875 1167; x_wconf 85' lang='lat' dir='ltr'>bibliothecae</span> <span class='ocrx_word' id='word_1_102' title='bbox 906 1125 1247 1178; x_wconf 80' lang='lat' dir='ltr'>Rhedigeranae,</span> <span class='ocrx_word' id='word_1_103' title='bbox 1288 1127 1377 1168; x_wconf 84' lang='lat' dir='ltr'>sive</span> <span class='ocrx_word' id='word_1_104' title='bbox 1408 1127 1744 1180; x_wconf 85' lang='lat' dir='ltr'>Rehdigeranae,</span> 
     </span>
     <span class='ocr_line' id='line_1_15' title="bbox 188 1199 1744 1252; baseline 0.001 -10"><span class='ocrx_word' id='word_1_105' title='bbox 188 1204 235 1242; x_wconf 85' lang='lat' dir='ltr'>ut</span> <span class='ocrx_word' id='word_1_106' title='bbox 265 1199 336 1242; x_wconf 86' lang='lat' dir='ltr'>alii</span> <span class='ocrx_word' id='word_1_107' title='bbox 366 1200 522 1241; x_wconf 85' lang='lat' dir='ltr'>rectius</span> <span class='ocrx_word' id='word_1_108' title='bbox 554 1199 737 1241; x_wconf 88' lang='lat' dir='ltr'>scribere</span> <span class='ocrx_word' id='word_1_109' title='bbox 776 1199 856 1240; x_wconf 92' lang='grc'>51111</span> <span class='ocrx_word' id='word_1_110' title='bbox 886 1199 965 1240; x_wconf 79' lang='lat' dir='ltr'>visi</span> <span class='ocrx_word' id='word_1_111' title='bbox 996 1204 1115 1251; x_wconf 88' lang='lat' dir='ltr'>sunt,</span> <span class='ocrx_word' id='word_1_112' title='bbox 1155 1212 1278 1252; x_wconf 90' lang='lat' dir='ltr'>quem</span> <span class='ocrx_word' id='word_1_113' title='bbox 1309 1200 1461 1242; x_wconf 88' lang='lat' dir='ltr'>librum</span> <span class='ocrx_word' id='word_1_114' title='bbox 1492 1214 1577 1243; x_wconf 91' lang='lat' dir='ltr'>non</span> <span class='ocrx_word' id='word_1_115' title='bbox 1609 1201 1744 1243; x_wconf 84' lang='lat' dir='ltr'>diver-</span> 
     </span>
     <span class='ocr_line' id='line_1_16' title="bbox 190 1273 1744 1326; baseline 0.001 -10"><span class='ocrx_word' id='word_1_116' title='bbox 190 1287 282 1317; x_wconf 86' lang='lat' dir='ltr'>sum</span> <span class='ocrx_word' id='word_1_117' title='bbox 314 1286 410 1315; x_wconf 84' lang='lat' dir='ltr'>esse</span> <span class='ocrx_word' id='word_1_118' title='bbox 441 1274 493 1315; x_wconf 88' lang='lat' dir='ltr'>ab</span> <span class='ocrx_word' id='word_1_119' title='bbox 525 1286 574 1315; x_wconf 91' lang='lat' dir='ltr'>eo</span> <span class='ocrx_word' id='word_1_120' title='bbox 605 1274 800 1326; x_wconf 87' lang='lat' dir='ltr'>suspicor</span> <span class='ocrx_word' id='word_1_121' title='bbox 829 1286 952 1326; x_wconf 88' lang='lat' dir='ltr'>quem</span> <span class='ocrx_word' id='word_1_122' title='bbox 984 1275 1013 1315; x_wconf 95' lang='grc' dir='ltr'>Ι.</span> <span class='ocrx_word' id='word_1_123' title='bbox 1037 1273 1078 1315; x_wconf 87' lang='lat' dir='ltr'>C.</span> <span class='ocrx_word' id='word_1_124' title='bbox 1102 1274 1303 1315; x_wconf 88' lang='lat' dir='ltr'>Barthius</span> <span class='ocrx_word' id='word_1_125' title='bbox 1325 1274 1367 1315; x_wconf 91' lang='lat' dir='ltr'>in</span> <span class='ocrx_word' id='word_1_126' title='bbox 1391 1275 1665 1316; x_wconf 85' lang='lat' dir='ltr'>adnotatione</span> <span class='ocrx_word' id='word_1_127' title='bbox 1689 1276 1744 1317; x_wconf 89' lang='lat' dir='ltr'>ad</span> 
     </span>
     <span class='ocr_line' id='line_1_17' title="bbox 190 1348 1744 1401; baseline 0.001 -12"><span class='ocrx_word' id='word_1_128' title='bbox 190 1348 411 1390; x_wconf 86' lang='lat' dir='ltr'>Claudiani</span> <span class='ocrx_word' id='word_1_129' title='bbox 434 1348 576 1400; x_wconf 87' lang='lat' dir='ltr'>Opera</span> <span class='ocrx_word' id='word_1_130' title='bbox 605 1360 701 1400; x_wconf 86' lang='lat' dir='ltr'>pag.</span> <span class='ocrx_word' id='word_1_131' title='bbox 719 1348 814 1388; x_wconf 72' lang='lat'>243.</span> <span class='ocrx_word' id='word_1_132' title='bbox 840 1348 903 1388; x_wconf 86' lang='lat' dir='ltr'>ed.</span> <span class='ocrx_word' id='word_1_133' title='bbox 928 1348 1090 1389; x_wconf 83' lang='lat' dir='ltr'>Hanov.</span> <span class='ocrx_word' id='word_1_134' title='bbox 1115 1349 1235 1389; x_wconf 78' lang='grc'>1612.</span> <span class='ocrx_word' id='word_1_135' title='bbox 1267 1348 1622 1401; x_wconf 79' lang='lat' dir='ltr'>„elegantissimis</span> <span class='ocrx_word' id='word_1_136' title='bbox 1648 1349 1744 1391; x_wconf 89' lang='lat' dir='ltr'>cha-</span> 
     </span>
     <span class='ocr_line' id='line_1_18' title="bbox 187 1421 1743 1474; baseline -0.001 -9"><span class='ocrx_word' id='word_1_137' title='bbox 187 1421 422 1464; x_wconf 87' lang='lat' dir='ltr'>racteribus</span> <span class='ocrx_word' id='word_1_138' title='bbox 454 1421 658 1474; x_wconf 83' lang='lat' dir='ltr'>scriptum</span> <span class='ocrx_word' id='word_1_139' title='bbox 690 1433 786 1463; x_wconf 84' lang='lat' dir='ltr'>sese</span> <span class='ocrx_word' id='word_1_140' title='bbox 816 1424 1017 1463; x_wconf 46' lang='grc' dir='ltr'>1100111111ιι</span> <span class='ocrx_word' id='word_1_141' title='bbox 1059 1434 1154 1462; x_wconf 83' lang='grc'>0550</span> <span class='ocrx_word' id='word_1_142' title='bbox 1193 1422 1401 1473; x_wconf 76' lang='lat' dir='ltr'>narravit,</span> <span class='ocrx_word' id='word_1_143' title='bbox 1442 1422 1595 1464; x_wconf 89' lang='lat' dir='ltr'>deinde</span> <span class='ocrx_word' id='word_1_144' title='bbox 1632 1423 1743 1464; x_wconf 88' lang='lat' dir='ltr'>codi-</span> 
     </span>
     <span class='ocr_line' id='line_1_19' title="bbox 189 1495 1743 1546; baseline -0.001 -8"><span class='ocrx_word' id='word_1_145' title='bbox 189 1509 279 1538; x_wconf 87' lang='lat' dir='ltr'>cem</span> <span class='ocrx_word' id='word_1_146' title='bbox 310 1497 534 1537; x_wconf 87' lang='lat' dir='ltr'>Ienensem</span> <span class='ocrx_word' id='word_1_147' title='bbox 565 1495 847 1536; x_wconf 82' lang='lat' dir='ltr'>bibliothecae</span> <span class='ocrx_word' id='word_1_148' title='bbox 877 1495 1153 1546; x_wconf 71' lang='lat' dir='ltr'>Academiae,</span> <span class='ocrx_word' id='word_1_149' title='bbox 1196 1495 1382 1537; x_wconf 83' lang='lat' dir='ltr'>codicem</span> <span class='ocrx_word' id='word_1_150' title='bbox 1414 1495 1653 1537; x_wconf 85' lang='lat' dir='ltr'>Parisinum</span> <span class='ocrx_word' id='word_1_151' title='bbox 1683 1496 1743 1538; x_wconf 89' lang='lat' dir='ltr'>bi-</span> 
     </span>
     <span class='ocr_line' id='line_1_20' title="bbox 188 1568 1742 1620; baseline -0.001 -8"><span class='ocrx_word' id='word_1_152' title='bbox 188 1570 424 1612; x_wconf 87' lang='lat' dir='ltr'>bliothecae</span> <span class='ocrx_word' id='word_1_153' title='bbox 461 1569 558 1610; x_wconf 91' lang='lat' dir='ltr'>olim</span> <span class='ocrx_word' id='word_1_154' title='bbox 596 1569 739 1620; x_wconf 81' lang='lat' dir='ltr'>regiae</span> <span class='ocrx_word' id='word_1_155' title='bbox 777 1568 962 1609; x_wconf 89' lang='lat' dir='ltr'>numeris</span> <span class='ocrx_word' id='word_1_156' title='bbox 992 1568 1328 1610; x_wconf 80' lang='lat' dir='ltr'>DCCCXXXIII.</span> <span class='ocrx_word' id='word_1_157' title='bbox 1358 1574 1397 1610; x_wconf 88' lang='lat' dir='ltr'>et</span> <span class='ocrx_word' id='word_1_158' title='bbox 1434 1569 1742 1612; x_wconf 86' lang='lat' dir='ltr'>DCCCXXXV.</span> 
     </span>
     <span class='ocr_line' id='line_1_21' title="bbox 189 1642 1742 1697; baseline -0.001 -11"><span class='ocrx_word' id='word_1_159' title='bbox 189 1645 419 1697; x_wconf 87' lang='lat' dir='ltr'>signatum,</span> <span class='ocrx_word' id='word_1_160' title='bbox 451 1655 532 1695; x_wconf 92' lang='lat' dir='ltr'>quo</span> <span class='ocrx_word' id='word_1_161' title='bbox 564 1642 793 1694; x_wconf 74' lang='lat' dir='ltr'>Dionysius</span> <span class='ocrx_word' id='word_1_162' title='bbox 825 1642 1024 1683; x_wconf 66' lang='lat' dir='ltr'>Petavius</span> <span class='ocrx_word' id='word_1_163' title='bbox 1057 1654 1160 1683; x_wconf 89' lang='grc'>115115</span> <span class='ocrx_word' id='word_1_164' title='bbox 1193 1647 1269 1683; x_wconf 89' lang='lat' dir='ltr'>est.</span> <span class='ocrx_word' id='word_1_165' title='bbox 1330 1644 1516 1693; x_wconf 77' lang='lat' dir='ltr'>Quorum</span> <span class='ocrx_word' id='word_1_166' title='bbox 1541 1644 1742 1685; x_wconf 91' lang='lat' dir='ltr'>librorum</span> 
     </span>
     <span class='ocr_line' id='line_1_22' title="bbox 186 1715 1742 1770; baseline 0.002 -12"><span class='ocrx_word' id='word_1_167' title='bbox 186 1730 309 1770; x_wconf 91' lang='lat' dir='ltr'>quem</span> <span class='ocrx_word' id='word_1_168' title='bbox 341 1717 476 1769; x_wconf 91' lang='lat' dir='ltr'>primo</span> <span class='ocrx_word' id='word_1_169' title='bbox 507 1716 598 1758; x_wconf 90' lang='lat' dir='ltr'>loco</span> <span class='ocrx_word' id='word_1_170' title='bbox 630 1716 870 1768; x_wconf 83' lang='lat' dir='ltr'>nuncupavi</span> <span class='ocrx_word' id='word_1_171' title='bbox 909 1716 1034 1767; x_wconf 83' lang='lat' dir='ltr'>longe</span> <span class='ocrx_word' id='word_1_172' title='bbox 1067 1715 1338 1756; x_wconf 87' lang='lat' dir='ltr'>utilissimum</span> <span class='ocrx_word' id='word_1_173' title='bbox 1376 1716 1465 1758; x_wconf 85' lang='lat' dir='ltr'>fore</span> <span class='ocrx_word' id='word_1_174' title='bbox 1506 1719 1651 1760; x_wconf 87' lang='lat' dir='ltr'>statim</span> <span class='ocrx_word' id='word_1_175' title='bbox 1681 1719 1742 1761; x_wconf 90' lang='lat' dir='ltr'>in-</span> 
     </span>
     <span class='ocr_line' id='line_1_23' title="bbox 186 1790 1742 1846; baseline 0.001 -13"><span class='ocrx_word' id='word_1_176' title='bbox 186 1791 329 1834; x_wconf 87' lang='lat' dir='ltr'>tellexi</span> <span class='ocrx_word' id='word_1_177' title='bbox 360 1794 586 1843; x_wconf 86' lang='lat' dir='ltr'>postquam</span> <span class='ocrx_word' id='word_1_178' title='bbox 618 1793 911 1842; x_wconf 82' lang='lat' dir='ltr'>excerptorum</span> <span class='ocrx_word' id='word_1_179' title='bbox 943 1803 993 1831; x_wconf 85' lang='lat' dir='ltr'>ex</span> <span class='ocrx_word' id='word_1_180' title='bbox 1025 1803 1074 1831; x_wconf 90' lang='lat' dir='ltr'>eo</span> <span class='ocrx_word' id='word_1_181' title='bbox 1107 1791 1229 1843; x_wconf 87' lang='lat' dir='ltr'>copia</span> <span class='ocrx_word' id='word_1_182' title='bbox 1259 1790 1301 1830; x_wconf 89' lang='lat' dir='ltr'>in</span> <span class='ocrx_word' id='word_1_183' title='bbox 1332 1802 1482 1832; x_wconf 88' lang='lat' dir='ltr'>manus</span> <span class='ocrx_word' id='word_1_184' title='bbox 1507 1804 1624 1833; x_wconf 88' lang='lat' dir='ltr'>meas</span> <span class='ocrx_word' id='word_1_185' title='bbox 1648 1805 1742 1846; x_wconf 86' lang='lat' dir='ltr'>per-</span> 
     </span>
     <span class='ocr_line' id='line_1_24' title="bbox 185 1864 1744 1919; baseline 0.001 -13"><span class='ocrx_word' id='word_1_186' title='bbox 185 1865 311 1907; x_wconf 85' lang='lat' dir='ltr'>venit.</span> <span class='ocrx_word' id='word_1_187' title='bbox 371 1864 412 1905; x_wconf 85' lang='lat' dir='ltr'>Is</span> <span class='ocrx_word' id='word_1_188' title='bbox 437 1864 572 1906; x_wconf 88' lang='lat' dir='ltr'>solum</span> <span class='ocrx_word' id='word_1_189' title='bbox 595 1864 746 1905; x_wconf 89' lang='lat' dir='ltr'>librum</span> <span class='ocrx_word' id='word_1_190' title='bbox 768 1864 938 1905; x_wconf 85' lang='lat' dir='ltr'>Panarii</span> <span class='ocrx_word' id='word_1_191' title='bbox 966 1865 1146 1917; x_wconf 87' lang='lat' dir='ltr'>primum</span> <span class='ocrx_word' id='word_1_192' title='bbox 1175 1869 1219 1906; x_wconf 92' lang='lat' dir='ltr'>et</span> <span class='ocrx_word' id='word_1_193' title='bbox 1249 1865 1426 1906; x_wconf 87' lang='lat' dir='ltr'>secundi</span> <span class='ocrx_word' id='word_1_194' title='bbox 1448 1868 1609 1906; x_wconf 85' lang='lat' dir='ltr'>tomum</span> <span class='ocrx_word' id='word_1_195' title='bbox 1631 1866 1744 1919; x_wconf 90' lang='lat' dir='ltr'>prio-</span> 
     </span>
     <span class='ocr_line' id='line_1_25' title="bbox 185 1937 1743 1991; baseline 0 -10"><span class='ocrx_word' id='word_1_196' title='bbox 185 1952 275 1981; x_wconf 90' lang='lat' dir='ltr'>rem</span> <span class='ocrx_word' id='word_1_197' title='bbox 306 1939 617 1991; x_wconf 82' lang='lat' dir='ltr'>complectitur,</span> <span class='ocrx_word' id='word_1_198' title='bbox 649 1943 690 1978; x_wconf 83' lang='lat' dir='ltr'>et</span> <span class='ocrx_word' id='word_1_199' title='bbox 722 1942 889 1979; x_wconf 85' lang='lat' dir='ltr'>constat</span> <span class='ocrx_word' id='word_1_200' title='bbox 920 1937 1031 1979; x_wconf 84' lang='lat' dir='ltr'>foliis</span> <span class='ocrx_word' id='word_1_201' title='bbox 1055 1938 1389 1980; x_wconf 86' lang='lat' dir='ltr'>membranaceis</span> <span class='ocrx_word' id='word_1_202' title='bbox 1412 1939 1514 1990; x_wconf 76' lang='lat'>394,</span> <span class='ocrx_word' id='word_1_203' title='bbox 1544 1939 1596 1981; x_wconf 86' lang='lat' dir='ltr'>ab</span> <span class='ocrx_word' id='word_1_204' title='bbox 1621 1940 1743 1982; x_wconf 89' lang='lat' dir='ltr'>Ioan-</span> 
     </span>
     <span class='ocr_line' id='line_1_26' title="bbox 184 2012 1743 2065; baseline 0.001 -11"><span class='ocrx_word' id='word_1_205' title='bbox 184 2025 238 2054; x_wconf 91' lang='lat' dir='ltr'>ne</span> <span class='ocrx_word' id='word_1_206' title='bbox 267 2012 516 2065; x_wconf 87' lang='lat' dir='ltr'>presbytero</span> <span class='ocrx_word' id='word_1_207' title='bbox 547 2024 658 2053; x_wconf 88' lang='lat' dir='ltr'>anno</span> <span class='ocrx_word' id='word_1_208' title='bbox 690 2012 864 2053; x_wconf 86' lang='lat' dir='ltr'>MLVII.</span> <span class='ocrx_word' id='word_1_209' title='bbox 885 2012 1083 2064; x_wconf 89' lang='lat' dir='ltr'>bipertito</span> <span class='ocrx_word' id='word_1_210' title='bbox 1116 2012 1387 2065; x_wconf 81' lang='lat' dir='ltr'>conscriptis3</span> <span class='ocrx_word' id='word_1_211' title='bbox 1419 2026 1455 2054; x_wconf 79' lang='lat' dir='ltr'>v.</span> <span class='ocrx_word' id='word_1_212' title='bbox 1476 2014 1645 2056; x_wconf 83' lang='lat' dir='ltr'>Zanetti</span> <span class='ocrx_word' id='word_1_213' title='bbox 1665 2014 1743 2056; x_wconf 86' lang='lat' dir='ltr'>Ca-</span> 
     </span>
     <span class='ocr_line' id='line_1_27' title="bbox 185 2085 1742 2139; baseline 0.002 -11"><span class='ocrx_word' id='word_1_214' title='bbox 185 2086 256 2128; x_wconf 89' lang='lat' dir='ltr'>tal.</span> <span class='ocrx_word' id='word_1_215' title='bbox 286 2099 383 2139; x_wconf 86' lang='lat' dir='ltr'>pag.</span> <span class='ocrx_word' id='word_1_216' title='bbox 411 2087 475 2127; x_wconf 77' lang='lat'>71.</span> <span class='ocrx_word' id='word_1_217' title='bbox 536 2086 664 2127; x_wconf 85' lang='lat' dir='ltr'>Cuius</span> <span class='ocrx_word' id='word_1_218' title='bbox 696 2085 790 2127; x_wconf 90' lang='lat' dir='ltr'>libri</span> <span class='ocrx_word' id='word_1_219' title='bbox 829 2098 909 2138; x_wconf 88' lang='lat' dir='ltr'>ope</span> <span class='ocrx_word' id='word_1_220' title='bbox 942 2085 1118 2138; x_wconf 87' lang='lat' dir='ltr'>contigit</span> <span class='ocrx_word' id='word_1_221' title='bbox 1148 2098 1231 2128; x_wconf 92' lang='lat' dir='ltr'>non</span> <span class='ocrx_word' id='word_1_222' title='bbox 1264 2087 1399 2128; x_wconf 86' lang='lat' dir='ltr'>solmn</span> <span class='ocrx_word' id='word_1_223' title='bbox 1431 2092 1477 2129; x_wconf 88' lang='lat' dir='ltr'>ut</span> <span class='ocrx_word' id='word_1_224' title='bbox 1508 2088 1616 2130; x_wconf 87' lang='lat' dir='ltr'>duas</span> <span class='ocrx_word' id='word_1_225' title='bbox 1645 2088 1742 2131; x_wconf 86' lang='lat' dir='ltr'>illas</span> 
     </span>
     <span class='ocr_line' id='line_1_28' title="bbox 185 2159 1741 2213; baseline 0.001 -11"><span class='ocrx_word' id='word_1_226' title='bbox 185 2160 412 2213; x_wconf 88' lang='lat' dir='ltr'>ampliores</span> <span class='ocrx_word' id='word_1_227' title='bbox 442 2159 618 2201; x_wconf 90' lang='lat' dir='ltr'>lacunas</span> <span class='ocrx_word' id='word_1_228' title='bbox 650 2160 801 2212; x_wconf 89' lang='lat' dir='ltr'>quibus</span> <span class='ocrx_word' id='word_1_229' title='bbox 832 2159 1028 2201; x_wconf 89' lang='lat' dir='ltr'>laborant</span> <span class='ocrx_word' id='word_1_230' title='bbox 1056 2160 1219 2212; x_wconf 72' lang='lat' dir='ltr'>vulgati</span> <span class='ocrx_word' id='word_1_231' title='bbox 1251 2161 1418 2213; x_wconf 88' lang='lat' dir='ltr'>generis</span> <span class='ocrx_word' id='word_1_232' title='bbox 1451 2162 1617 2203; x_wconf 89' lang='lat' dir='ltr'>codices</span> <span class='ocrx_word' id='word_1_233' title='bbox 1648 2174 1741 2204; x_wconf 90' lang='lat' dir='ltr'>cum</span> 
     </span>
     <span class='ocr_line' id='line_1_29' title="bbox 183 2233 1741 2290; baseline 0.002 -15"><span class='ocrx_word' id='word_1_234' title='bbox 183 2238 363 2286; x_wconf 88' lang='lat' dir='ltr'>utraque</span> <span class='ocrx_word' id='word_1_235' title='bbox 395 2233 578 2275; x_wconf 90' lang='lat' dir='ltr'>editione</span> <span class='ocrx_word' id='word_1_236' title='bbox 610 2234 707 2275; x_wconf 87' lang='lat' dir='ltr'>inde</span> <span class='ocrx_word' id='word_1_237' title='bbox 738 2233 922 2286; x_wconf 90' lang='lat' dir='ltr'>repetita</span> <span class='ocrx_word' id='word_1_238' title='bbox 953 2236 1068 2286; x_wconf 86' lang='lat' dir='ltr'>(nam</span> <span class='ocrx_word' id='word_1_239' title='bbox 1089 2235 1234 2286; x_wconf 88' lang='lat' dir='ltr'>tertia,</span> <span class='ocrx_word' id='word_1_240' title='bbox 1266 2247 1374 2288; x_wconf 90' lang='lat' dir='ltr'>quae</span> <span class='ocrx_word' id='word_1_241' title='bbox 1395 2235 1522 2288; x_wconf 90' lang='lat' dir='ltr'>vulgo</span> <span class='ocrx_word' id='word_1_242' title='bbox 1548 2248 1643 2278; x_wconf 90' lang='lat' dir='ltr'>esse</span> <span class='ocrx_word' id='word_1_243' title='bbox 1665 2250 1741 2290; x_wconf 91' lang='lat' dir='ltr'>pu-</span> 
     </span>
     <span class='ocr_line' id='line_1_30' title="bbox 184 2307 1741 2361; baseline 0.001 -11"><span class='ocrx_word' id='word_1_244' title='bbox 184 2311 320 2359; x_wconf 81' lang='lat' dir='ltr'>tatur,</span> <span class='ocrx_word' id='word_1_245' title='bbox 359 2320 456 2360; x_wconf 86' lang='lat' dir='ltr'>pag.</span> <span class='ocrx_word' id='word_1_246' title='bbox 481 2308 574 2348; x_wconf 74' lang='lat'><strong>708.</strong></span> <span class='ocrx_word' id='word_1_247' title='bbox 607 2308 670 2349; x_wconf 91' lang='lat' dir='ltr'>ed.</span> <span class='ocrx_word' id='word_1_248' title='bbox 702 2307 868 2359; x_wconf 77' lang='lat' dir='ltr'>Petav.,</span> <span class='ocrx_word' id='word_1_249' title='bbox 907 2321 1044 2361; x_wconf 92' lang='lat' dir='ltr'>neque</span> <span class='ocrx_word' id='word_1_250' title='bbox 1081 2309 1123 2350; x_wconf 92' lang='lat' dir='ltr'>in</span> <span class='ocrx_word' id='word_1_251' title='bbox 1162 2309 1282 2350; x_wconf 88' lang='lat' dir='ltr'>codd.</span> <span class='ocrx_word' id='word_1_252' title='bbox 1318 2322 1418 2351; x_wconf 91' lang='lat' dir='ltr'>mss.</span> <span class='ocrx_word' id='word_1_253' title='bbox 1451 2309 1638 2352; x_wconf 90' lang='lat' dir='ltr'>indicata</span> <span class='ocrx_word' id='word_1_254' title='bbox 1668 2314 1741 2353; x_wconf 91' lang='lat' dir='ltr'>aut</span> 
     </span>
     <span class='ocr_line' id='line_1_31' title="bbox 184 2380 1739 2435; baseline 0.001 -11"><span class='ocrx_word' id='word_1_255' title='bbox 184 2380 423 2435; x_wconf 87' lang='lat' dir='ltr'>significata</span> <span class='ocrx_word' id='word_1_256' title='bbox 454 2385 537 2433; x_wconf 91' lang='lat' dir='ltr'>est,</span> <span class='ocrx_word' id='word_1_257' title='bbox 569 2386 631 2432; x_wconf 86' lang='lat' dir='ltr'>et,</span> <span class='ocrx_word' id='word_1_258' title='bbox 661 2386 887 2435; x_wconf 86' lang='lat' dir='ltr'>postquam</span> <span class='ocrx_word' id='word_1_259' title='bbox 917 2382 1118 2424; x_wconf 85' lang='lat' dir='ltr'>facillima</span> <span class='ocrx_word' id='word_1_260' title='bbox 1150 2383 1392 2425; x_wconf 86' lang='lat' dir='ltr'>coniectura</span> <span class='ocrx_word' id='word_1_261' title='bbox 1422 2383 1539 2425; x_wconf 89' lang='lat' dir='ltr'>locus</span> <span class='ocrx_word' id='word_1_262' title='bbox 1561 2388 1739 2426; x_wconf 87' lang='lat' dir='ltr'>sanatus</span> 
     </span>
     <span class='ocr_line' id='line_1_32' title="bbox 186 2455 1741 2511; baseline 0.002 -14"><span class='ocrx_word' id='word_1_263' title='bbox 186 2459 272 2507; x_wconf 88' lang='lat' dir='ltr'>est,</span> <span class='ocrx_word' id='word_1_264' title='bbox 313 2455 537 2507; x_wconf 88' lang='lat' dir='ltr'>apparebit</span> <span class='ocrx_word' id='word_1_265' title='bbox 569 2467 664 2497; x_wconf 90' lang='lat' dir='ltr'>esse</span> <span class='ocrx_word' id='word_1_266' title='bbox 695 2455 823 2509; x_wconf 90' lang='lat' dir='ltr'>plane</span> <span class='ocrx_word' id='word_1_267' title='bbox 854 2456 990 2507; x_wconf 82' lang='lat' dir='ltr'>nulla3</span> <span class='ocrx_word' id='word_1_268' title='bbox 1031 2456 1092 2498; x_wconf 89' lang='lat' dir='ltr'>ita</span> <span class='ocrx_word' id='word_1_269' title='bbox 1122 2461 1170 2498; x_wconf 89' lang='lat' dir='ltr'>ut</span> <span class='ocrx_word' id='word_1_270' title='bbox 1196 2469 1281 2499; x_wconf 88' lang='lat' dir='ltr'>uua</span> <span class='ocrx_word' id='word_1_271' title='bbox 1310 2457 1392 2498; x_wconf 89' lang='lat' dir='ltr'>iam</span> <span class='ocrx_word' id='word_1_272' title='bbox 1424 2460 1558 2499; x_wconf 89' lang='lat' dir='ltr'>restet</span> <span class='ocrx_word' id='word_1_273' title='bbox 1588 2463 1741 2511; x_wconf 90' lang='lat' dir='ltr'>quarta</span> 
     </span>
     <span class='ocr_line' id='line_1_33' title="bbox 185 2528 1738 2584; baseline 0.003 -15"><span class='ocrx_word' id='word_1_274' title='bbox 185 2541 294 2582; x_wconf 88' lang='lat' dir='ltr'>quae</span> <span class='ocrx_word' id='word_1_275' title='bbox 321 2533 387 2570; x_wconf 89' lang='lat' dir='ltr'>est</span> <span class='ocrx_word' id='word_1_276' title='bbox 417 2528 460 2569; x_wconf 93' lang='lat' dir='ltr'>in</span> <span class='ocrx_word' id='word_1_277' title='bbox 496 2529 664 2570; x_wconf 89' lang='lat' dir='ltr'>haeresi</span> <span class='ocrx_word' id='word_1_278' title='bbox 695 2530 1041 2573; x_wconf 86' lang='lat' dir='ltr'>Marcionitarum</span> <span class='ocrx_word' id='word_1_279' title='bbox 1078 2543 1174 2584; x_wconf 89' lang='lat' dir='ltr'>pag.</span> <span class='ocrx_word' id='word_1_280' title='bbox 1198 2532 1311 2581; x_wconf 60' lang='lat'>342„</span> <span class='ocrx_word' id='word_1_281' title='bbox 1353 2543 1460 2583; x_wconf 90' lang='lat' dir='ltr'>quae</span> <span class='ocrx_word' id='word_1_282' title='bbox 1491 2543 1544 2573; x_wconf 88' lang='lat' dir='ltr'>ne</span> <span class='ocrx_word' id='word_1_283' title='bbox 1573 2532 1738 2574; x_wconf 89' lang='lat' dir='ltr'>Veneto</span> 
     </span>
     <span class='ocr_line' id='line_1_34' title="bbox 184 2602 1740 2659; baseline 0.003 -16"><span class='ocrx_word' id='word_1_284' title='bbox 184 2603 353 2656; x_wconf 89' lang='lat' dir='ltr'>quidem</span> <span class='ocrx_word' id='word_1_285' title='bbox 380 2602 486 2644; x_wconf 88' lang='lat' dir='ltr'>libro</span> <span class='ocrx_word' id='word_1_286' title='bbox 517 2603 727 2657; x_wconf 84' lang='lat' dir='ltr'>expletur)</span> <span class='ocrx_word' id='word_1_287' title='bbox 769 2604 811 2645; x_wconf 91' lang='lat' dir='ltr'>in</span> <span class='ocrx_word' id='word_1_288' title='bbox 848 2605 1018 2646; x_wconf 89' lang='lat' dir='ltr'>haeresi</span> <span class='ocrx_word' id='word_1_289' title='bbox 1048 2605 1401 2658; x_wconf 85' lang='lat' dir='ltr'>Origenianorum</span> <span class='ocrx_word' id='word_1_290' title='bbox 1439 2618 1535 2659; x_wconf 88' lang='lat' dir='ltr'>pag.</span> <span class='ocrx_word' id='word_1_291' title='bbox 1564 2607 1659 2648; x_wconf 75' lang='lat'><strong>576.</strong></span> <span class='ocrx_word' id='word_1_292' title='bbox 1698 2610 1740 2648; x_wconf 90' lang='grc'>01</span> 
     </span>
     <span class='ocr_line' id='line_1_35' title="bbox 183 2677 1739 2733; baseline 0.003 -15"><span class='ocrx_word' id='word_1_293' title='bbox 183 2689 280 2730; x_wconf 85' lang='lat' dir='ltr'>pag.</span> <span class='ocrx_word' id='word_1_294' title='bbox 295 2677 390 2718; x_wconf 74' lang='lat'>596.</span> <span class='ocrx_word' id='word_1_295' title='bbox 422 2677 486 2719; x_wconf 88' lang='lat' dir='ltr'>ed.</span> <span class='ocrx_word' id='word_1_296' title='bbox 506 2677 650 2718; x_wconf 79' lang='lat' dir='ltr'>Petav.</span> <span class='ocrx_word' id='word_1_297' title='bbox 674 2677 905 2730; x_wconf 84' lang='lat' dir='ltr'>explerem,</span> <span class='ocrx_word' id='word_1_298' title='bbox 936 2678 1225 2731; x_wconf 90' lang='lat' dir='ltr'>plurimosque</span> <span class='ocrx_word' id='word_1_299' title='bbox 1255 2678 1370 2719; x_wconf 88' lang='lat' dir='ltr'>locos</span> <span class='ocrx_word' id='word_1_300' title='bbox 1402 2679 1472 2731; x_wconf 89' lang='lat' dir='ltr'>qui</span> <span class='ocrx_word' id='word_1_301' title='bbox 1503 2680 1630 2733; x_wconf 78' lang='lat' dir='ltr'>vulgo</span> <span class='ocrx_word' id='word_1_302' title='bbox 1650 2693 1739 2722; x_wconf 88' lang='lat' dir='ltr'>cor-</span> 
     </span>
     <span class='ocr_line' id='line_1_36' title="bbox 183 2750 1738 2806; baseline 0.003 -15"><span class='ocrx_word' id='word_1_303' title='bbox 183 2750 419 2803; x_wconf 86' lang='lat' dir='ltr'>ruptissimi</span> <span class='ocrx_word' id='word_1_304' title='bbox 448 2750 719 2803; x_wconf 86' lang='lat' dir='ltr'>legebantur,</span> <span class='ocrx_word' id='word_1_305' title='bbox 759 2752 1011 2804; x_wconf 87' lang='lat' dir='ltr'>praesertim</span> <span class='ocrx_word' id='word_1_306' title='bbox 1042 2753 1084 2794; x_wconf 90' lang='lat' dir='ltr'>in</span> <span class='ocrx_word' id='word_1_307' title='bbox 1116 2753 1176 2794; x_wconf 90' lang='lat' dir='ltr'>eis</span> <span class='ocrx_word' id='word_1_308' title='bbox 1208 2752 1400 2805; x_wconf 89' lang='lat' dir='ltr'>partibus</span> <span class='ocrx_word' id='word_1_309' title='bbox 1432 2766 1537 2806; x_wconf 89' lang='lat' dir='ltr'>quas</span> <span class='ocrx_word' id='word_1_310' title='bbox 1570 2754 1623 2795; x_wconf 92' lang='lat' dir='ltr'>de</span> <span class='ocrx_word' id='word_1_311' title='bbox 1652 2754 1738 2796; x_wconf 91' lang='lat' dir='ltr'>Ire-</span> 
     </span>
     <span class='ocr_line' id='line_1_37' title="bbox 185 2823 1738 2880; baseline 0.003 -16"><span class='ocrx_word' id='word_1_312' title='bbox 185 2823 282 2865; x_wconf 89' lang='lat' dir='ltr'>naei</span> <span class='ocrx_word' id='word_1_313' title='bbox 311 2823 428 2865; x_wconf 88' lang='lat' dir='ltr'>libris</span> <span class='ocrx_word' id='word_1_314' title='bbox 461 2825 666 2867; x_wconf 87' lang='lat' dir='ltr'>adversus</span> <span class='ocrx_word' id='word_1_315' title='bbox 697 2826 899 2868; x_wconf 87' lang='lat' dir='ltr'>haereses</span> <span class='ocrx_word' id='word_1_316' title='bbox 931 2826 1102 2879; x_wconf 88' lang='lat' dir='ltr'>scriptis</span> <span class='ocrx_word' id='word_1_317' title='bbox 1134 2837 1210 2867; x_wconf 88' lang='lat' dir='ltr'>suo</span> <span class='ocrx_word' id='word_1_318' title='bbox 1231 2825 1496 2879; x_wconf 86' lang='lat' dir='ltr'>Epiphanius</span> <span class='ocrx_word' id='word_1_319' title='bbox 1528 2827 1646 2880; x_wconf 88' lang='lat' dir='ltr'>operi</span> <span class='ocrx_word' id='word_1_320' title='bbox 1676 2827 1738 2868; x_wconf 90' lang='lat' dir='ltr'>in-</span> 
     </span>
     <span class='ocr_line' id='line_1_38' title="bbox 185 2897 1737 2950; baseline 0.002 -11"><span class='ocrx_word' id='word_1_321' title='bbox 185 2897 337 2949; x_wconf 88' lang='lat' dir='ltr'>seruit,</span> <span class='ocrx_word' id='word_1_322' title='bbox 368 2898 658 2950; x_wconf 87' lang='lat' dir='ltr'>emendarem,</span> <span class='ocrx_word' id='word_1_323' title='bbox 690 2899 767 2941; x_wconf 90' lang='lat' dir='ltr'>sed</span> <span class='ocrx_word' id='word_1_324' title='bbox 799 2899 926 2941; x_wconf 89' lang='lat' dir='ltr'>etiam</span> <span class='ocrx_word' id='word_1_325' title='bbox 948 2900 1118 2941; x_wconf 88' lang='lat' dir='ltr'>turbato</span> <span class='ocrx_word' id='word_1_326' title='bbox 1141 2899 1421 2941; x_wconf 87' lang='lat' dir='ltr'>membrorum</span> <span class='ocrx_word' id='word_1_327' title='bbox 1443 2900 1646 2943; x_wconf 88' lang='lat' dir='ltr'>orationis</span> <span class='ocrx_word' id='word_1_328' title='bbox 1672 2913 1737 2942; x_wconf 86' lang='lat'>01·-</span> 
     </span>
     <span class='ocr_line' id='line_1_39' title="bbox 186 2970 1736 3028; baseline 0.005 -17"><span class='ocrx_word' id='word_1_329' title='bbox 186 2970 274 3012; x_wconf 87' lang='lat' dir='ltr'>dini</span> <span class='ocrx_word' id='word_1_330' title='bbox 309 2970 352 3013; x_wconf 91' lang='lat' dir='ltr'>in</span> <span class='ocrx_word' id='word_1_331' title='bbox 391 2971 452 3013; x_wconf 88' lang='lat' dir='ltr'>eis</span> <span class='ocrx_word' id='word_1_332' title='bbox 490 2983 599 3026; x_wconf 88' lang='lat' dir='ltr'>quae</span> <span class='ocrx_word' id='word_1_333' title='bbox 636 2973 690 3015; x_wconf 90' lang='lat' dir='ltr'>de</span> <span class='ocrx_word' id='word_1_334' title='bbox 726 2973 833 3016; x_wconf 89' lang='lat' dir='ltr'>libro</span> <span class='ocrx_word' id='word_1_335' title='bbox 864 2973 1069 3017; x_wconf 86' lang='lat' dir='ltr'>Methodii</span> <span class='ocrx_word' id='word_1_336' title='bbox 1100 2973 1153 3015; x_wconf 87' lang='lat' dir='ltr'>de</span> <span class='ocrx_word' id='word_1_337' title='bbox 1183 2973 1508 3019; x_wconf 85' lang='lat' dir='ltr'>Resurrectione</span> <span class='ocrx_word' id='word_1_338' title='bbox 1538 2978 1736 3028; x_wconf 69' lang='lat' dir='ltr'>excerpta</span> 
     </span>
    </p>
   </div>
  </div>
 </body>
</html>
