2056 3298
527 166 702 197 PANAan
731 166 871 196 Linn.
896 166 1003 197 Toni.
1024 167 1046 197 1.
1074 166 1204 197 utun.
1223 166 1378 197 xm‘ui.
1675 157 1728 196 29

198 244 259 299 qui
283 244 467 285 sacerdos
493 259 567 284 non
594 244 722 284 l'uerit.
787 244 840 284 At
865 245 926 284 isti
955 245 1180 298 prohibent,
1215 246 1388 299 adeoque
1414 244 1522 285 Pauli
1548 244 1610 284 illa
1638 258 1728 284 sen-

197 313 314 353 tentia
339 313 738 366 comprehenduntur:
772 313 1047 351 Prohibenllmn
1079 315 1230 352 nubere.
1295 313 1396 353 Nam
1428 328 1536 362 cum,
1571 312 1633 367 qui
1667 326 1728 352 se—

197 381 332 421 cundis
364 381 504 435 nuptiis
539 380 704 434 illigatus
731 381 868 430 l'uerit,
903 381 1125 434 expellunt,
1161 397 1205 421 ac
1231 395 1277 420 ne
1307 384 1434 421 lacere
1465 382 1562 421 istud
1590 381 1730 421 audeat

194 448 271 488 vim
307 463 351 488 ac
388 448 658 489 necessitatem
694 449 890 489 adhibent.
952 447 1039 488 Nos
1073 457 1198 489 autem
1230 463 1353 502 neque
1389 451 1623 490 necessitate
1656 449 1729 489 ulla

196 517 521 569 constringimus,
555 518 621 557 sed
651 518 880 566 suademus,
917 531 987 556 uec
1017 517 1129 556 aliter
1160 531 1270 570 quam
1306 517 1478 556 honestis
1512 518 1728 572 praeceptis

196 600 241 625 ac
270 585 441 625 consiliis
477 599 560 625 eum
597 585 661 639 qui
696 585 847 640 quidem
881 585 1002 639 possit
1033 586 1079 625 ad
1106 585 1141 624 id
1174 586 1444 639 praestandum
1476 585 1728 639 impellimus;

197 667 283 693 eum
314 668 407 694 vcro
434 654 495 707 qui
531 653 656 694 minus
684 661 809 708 potest
835 653 937 693 nulla
967 653 1003 692 vi
1031 653 1228 706 cogimus,
1264 667 1334 692 nec
1368 667 1387 692 a
1416 653 1538 692 salute
1572 668 1730 707 prorsus

197 722 454 762 excludimus.
504 721 605 762 Nam
631 723 846 762 tenuiorum
869 721 1166 760 imbecillitatem
1197 721 1393 760 serendam
1420 721 1576 761 cuilibet
1601 723 1731 761 divino

195 804 376 830 sermone
404 790 650 844 praecipitur.
698 790 824 844 Atque
851 789 923 829 boc
945 796 1103 829 sanctus
1125 789 1322 843 apostolus
1347 803 1420 828 non
1447 789 1593 829 dixisse
1619 792 1730 830 modo

196 859 430 913 reperietur,
465 859 532 899 sed
557 867 594 899 et
617 859 712 899 istos
732 865 864 913 aperte
890 858 1088 906 refellere,
1123 865 1161 897 et
1183 857 1228 896 ab
1252 871 1295 896 ea
1320 871 1431 910 quam
1460 857 1621 897 babebat
1644 874 1731 911 gra-

197 926 247 966 tia
273 926 420 967 alienos
449 928 680 967 ostendere:
725 928 1071 973 Adolesccmiww,
1107 925 1253 979 inquit,
1288 928 1415 964 viduas
1441 929 1575 965 (levita.
1643 930 1933 970 Cmul-'l‘im.5,l¹.

195 998 290 1034 enim
316 997 531 1034 lua-ursulae
543 997 697 1048 suerint
718 999 754 1034 ile
782 997 951 1041 Clim‘slo,
987 996 1126 1033 nubere
1149 996 1294 1041 volunt,
1330 995 1504 1033 habentes
1525 997 1731 1034 damnatio-

194 1078 289 1110 nem,
324 1066 411 1116 qnia
427 1067 587 1115 primam
600 1066 718 1115 fidem
741 1067 887 1102 irritam
899 1065 1093 1116 fecerunt.
1145 1061 1187 1102 Si
1215 1062 1364 1116 quidem
1389 1077 1486 1116 quae
1512 1063 1728 1103 castitatem

196 1133 396 1186 professae
426 1132 574 1172 irritam
608 1146 692 1172 eam
724 1131 1006 1185 professionem
1041 1131 1226 1181 fecerint,
1269 1131 1551 1171 damnationem
1587 1132 1729 1173 babere

195 1199 387 1240 dicuutur.
452 1198 563 1253 Quae
586 1214 681 1240 vero
710 1199 864 1240 minime
893 1200 1094 1254 professae
1119 1200 1283 1249 fuerint,
1319 1200 1386 1240 sed
1412 1214 1481 1254 pro
1507 1199 1729 1241 infirmitate

196 1282 266 1308 sua
295 1268 511 1322 nupserint,
545 1268 804 1309 damnationis
825 1276 914 1308 sunt
939 1282 1098 1322 prorsus
1123 1275 1323 1323 expertes.
1388 1267 1430 1308 Si
1453 1269 1553 1309 euim
1578 1269 1642 1309 ulli
1669 1284 1730 1310 es—

196 1343 285 1378 seut
316 1337 532 1388 obnoxiae,
566 1352 635 1378 cur
667 1337 836 1378 diceret:
870 1338 1058 1385 flabant,-
1080 1340 1207 1376 domui
1228 1340 1428 1388 praesint?

310 1402 448 1447 Omnis
470 1405 587 1459 igitur
612 1407 811 1461 propheta,
847 1413 920 1446 tam
942 1406 979 1445 in
1001 1413 1134 1446 vetere
1158 1420 1267 1459 quam
1295 1406 1333 1446 in
1356 1420 1457 1446 novo
1480 1413 1729 1459 testamento,
1758 1417 1835 1460 Cap.
1858 1418 1902 1451 X.

197 1487 295 1528 quae
320 1474 410 1514 dicit
432 1473 685 1528 intelligentia
710 1475 975 1528 consequitur.
1040 1472 1150 1515 [Inde
1179 1481 1216 1513 ct
1244 1472 1410 1514 loannes
1438 1475 1487 1514 ita
1512 1476 1550 1515 iu
1576 1476 1731 1530 Apoca-

195 1542 294 1597 lypsi
329 1542 516 1596 loquitur:
559 1545 660 1581 Haec
689 1545 867 1581 revelavit
896 1545 1064 1581 dominas
1095 1545 1214 1581 servis
1243 1545 1322 1581 sm‘s
1349 1558 1419 1594 pel·
1445 1559 1591 1582 servum
1623 1560 1729 1584 snum
1750 1564 1878 1600 Apocl,
1897 1565 1920 1592 l.

196 1613 393 1658 Ioannem,
429 1617 488 1650 et:
522 1613 624 1650 Ilaec
650 1614 743 1650 dicit
772 1614 954 1651 (lominus.
1018 1610 1129 1663 Quae
1165 1610 1227 1664 qui
1260 1611 1380 1660 dixit,
1416 1613 1589 1666 prolecto
1622 1614 1730 1654 lirino

198 1685 283 1718 erat
303 1678 442 1718 iudicio
468 1679 687 1733 praeditus,
721 1693 765 1719 ac
793 1679 880 1732 quid
911 1679 1139 1733 loqueretur
1163 1680 1291 1719 animo
1322 1688 1563 1734 perc-eperat.
1628 1680 1730 1722 Hinc

197 1746 285 1787 illae
312 1746 521 1787 formulae:
555 1750 657 1786 Haec
678 1750 770 1786 ‹lic-it
790 1750 971 1795 domiuus,
1008 1754 1068 1787 et:
1105 1750 1204 1786 lf'e'sz'o
1225 1761 1331 1800 quam
1355 1751 1457 1787 vidit.
1516 1747 1730 1792 Montanus

196 1829 316 1867 vero,
350 1815 412 1870 qui
434 1829 476 1855 se
505 1816 726 1870 proplietam
752 1816 901 1856 iactitat
923 1831 967 1856 ac
992 1815 1250 1856 sectatoribus
1276 1816 1398 1856 illudit
1429 1816 1534 1866 suis,
1569 1831 1613 1857 ea
1641 1819 1732 1859 dicit

198 1898 294 1938 quae
316 1883 439 1924 sacris
463 1884 584 1924 literis
611 1898 847 1939 nequaquam
874 1892 1137 1925 consentanea
1161 1885 1356 1925 videntur.
1407 1883 1474 1926 Sic
1500 1885 1602 1926 euim
1624 1887 1660 1927 in
1686 1901 1730 1927 ea

198 1966 309 2006 quam
334 1952 524 2007 appellant
547 1953 629 1993 eius
653 1953 851 2008 prophetia
878 1954 1060 2008 scriptum
1090 1960 1173 1993 est:
1209 1956 1307 2004 Quid
1329 1969 1408 1992 eum
1432 1957 1547 2002 dez-ek,
1582 1959 1650 2007 qai
1667 1971 1730 1995 su-

194 2035 269 2073 pra
291 2023 469 2060 hominem
492 2036 572 2060 eum
594 2024 664 2068 sit,
698 2024 854 2060 salutem
878 2025 1129 2074 adepzsce'tm‘?
1186 2025 1313 2061 Iustus
1333 2026 1441 2070 enim,
1475 2022 1615 2076 inquit,
1648 2040 1732 2064 ceu-

199 2092 300 2142 tuplo
322 2104 429 2142 quam
450 2092 511 2129 sol
526 2092 773 2142 splende'dzbre‘
790 2092 871 2129 luce
884 2092 1067 2143 fulgebit.
1111 2095 1168 2130 Ac
1186 2095 1253 2143 qul
1269 2094 1367 2130 inter
1390 2107 1451 2131 vos
1472 2095 1607 2144 eoezgzte'
1625 2101 1726 2141 suut,

198 2160 322 2198 lunam
348 2161 518 2210 centuplo
548 2160 789 2210 superabunt.
855 2157 931 2199 Sed
963 2159 1063 2199 bunc
1095 2159 1236 2199 domini
1271 2159 1390 2215 ipsius
1425 2162 1636 2201 auctoritas
1668 2175 1730 2201 re-

198 2227 310 2277 fellit,
344 2241 464 2281 penes
489 2240 600 2281 quem
627 2227 684 2267 ius
707 2241 820 2267 omne
843 2241 886 2268 ac
910 2234 1082 2282 potestas
1106 2235 1164 2268 est
1186 2228 1221 2268 id
1245 2230 1388 2268 sanctis
1413 2229 1494 2269 suis
1519 2229 1725 2281 tribuendi,

199 2302 241 2336 ut
268 2309 401 2336 eorum
425 2295 552 2336 vultus
585 2295 790 2350 splendore
818 2295 1109 2336 collustrentur.
1173 2295 1250 2350 Qui
1272 2295 1427 2352 Moysis
1459 2297 1593 2337 faciem
1626 2298 1729 2339 eius-

198 2363 300 2404 modi
325 2363 409 2404 luce
444 2364 634 2418 perfudit,
668 2364 729 2418 qui
756 2365 910 2405 eosdem
939 2372 1096 2405 sanctos
1127 2365 1165 2405 in
1200 2379 1404 2420 corporum
1439 2366 1728 2407 resurrectione

199 2438 421 2482 commutat,
455 2439 628 2483 sanctos,
661 2431 829 2486 iuquam,
863 2433 963 2483 illos,
998 2433 1060 2487 qui
1085 2433 1244 2487 quadam
1273 2434 1377 2474 velut
1402 2449 1485 2474 cum
1514 2435 1727 2488 ignominia

199 2500 272 2541 sati
295 2514 378 2540 cum
402 2500 526 2554 gloria
551 2515 596 2541 ac
621 2500 804 2555 dignitate
830 2509 1051 2555 resurgunt,
1084 2516 1161 2542 non
1188 2509 1228 2542 ut
1249 2501 1320 2541 a'lia
1342 2509 1608 2558 praeterquam
1633 2518 1728 2544 vera

199 2569 430 2624 propriaque
454 2583 634 2624 corpora,
668 2570 734 2609 sed
759 2576 799 2609 ut
822 2570 971 2620 eadem,
1005 2577 1119 2624 atque
1141 2570 1291 2624 integra
1314 2570 1465 2624 penitus
1487 2572 1724 2622 excitentur,

198 2637 250 2677 ita
278 2644 403 2677 tamen
429 2644 470 2678 ut
490 2637 536 2676 ab
561 2651 607 2677 eo
632 2638 839 2678 secundum
867 2638 1193 2679 resurrectionem
1219 2652 1359 2678 novum
1387 2640 1574 2693 quoddam
1607 2641 1726 2681 decus

200 2719 245 2746 ac
270 2705 509 2746 maiestatem
532 2705 743 2760 accipiant,
777 2706 838 2760 qui
868 2706 1012 2747 sanctis
1038 2706 1118 2748 suis
1146 2706 1408 2747 incredibilem
1433 2708 1580 2762 gloriae
1613 2709 1726 2749 uber-

200 2780 315 2814 tatem
348 2773 538 2828 impertit,
579 2774 881 2828 quandoquidem
915 2774 1102 2829 largiendi
1138 2773 1271 2824 huius,
1310 2781 1442 2829 utpote
1472 2776 1648 2817 dominus
1680 2791 1725 2818 ac

201 2842 318 2891 deus,
361 2842 592 2897 amplissima
629 2849 690 2882 est
724 2850 913 2897 potestate
947 2843 1157 2896 praedituS.
1221 2843 1338 2897 Atqui
1375 2845 1525 2885 tametsi
1557 2860 1722 2895 summa,

200 2911 253 2950 uti
289 2910 392 2961 dixi,
433 2924 550 2965 penes
582 2910 685 2951 illum
723 2911 774 2951 sit
805 2918 998 2965 potestas,
1042 2910 1133 2950 nibil
1165 2917 1291 2951 tamen
1330 2912 1518 2954 eiusmodi
1549 2914 1726 2969 promisit

200 2991 327 3029 intelligi
345 2991 499 3022 commode
516 2992 620 3030 possit.
668 2991 730 3022 Sed
748 2992 828 3030 quod
847 2992 937 3022 siten-
983 2990 1049 3020 cod.
1074 2991 1200 3031 Rhediy.
1236 2996 1389 3032 comparet
1418 3003 1491 3025 sane
1525 3003 1638 3025 rasura
1669 3003 1724 3033 per

202 3034 277 3064 dum
302 3043 364 3066 non
392 3038 453 3075 est,
483 3039 553 3076 post
581 3036 638 3069 τοῦ
672 3034 878 3078 χαρίσασθαι
907 3037 939 3066 in
982 3037 1119 3075 spatium
1144 3037 1246 3068 decem
1266 3039 1314 3070 vel
1336 3039 1478 3071 undecim
1499 3040 1667 3071 literarum.
