2066 3319
473 180 651 212 PANARH
677 180 760 212 [ΑΒ.
782 182 821 213 11.
843 182 1009 214 TOM.11.
1039 184 1166 216 HAER.
1187 185 1302 216 LXVI.
1575 179 1654 218 ‘197

125 275 197 316 que
222 260 383 314 effigiem
414 274 520 299 suam
545 260 749 313 postremis
773 262 1007 315 temporibus
1033 271 1278 304 ostensurum
1307 279 1393 305 esse
1419 266 1532 306 dicit:
1577 274 1654 306 tum

125 342 218 369 vero
239 326 414 368 Baiulum
439 328 540 368 illius
562 335 769 382 conspecta
798 329 892 369 facie
919 336 1058 371 terram
1091 346 1177 371 esse
1207 333 1451 381 relicturum,
1489 349 1655 389 moxque

126 404 266 437 terram
300 397 536 451 sempiterno
571 396 658 449 igue
690 397 1027 450 conflagraturam.
1091 398 1176 439 Nec
1210 401 1298 440 illud
1338 401 1449 441 liomo
1484 405 1657 457 stupidus

125 465 419 514 animadvertit,
455 465 614 504 eandem
643 465 743 505 illam
770 479 812 505 se
833 480 916 506 cum
946 467 1105 506 materia
1129 476 1348 508 concretam
1384 471 1496 509 modo
1530 472 1655 511 facere

124 547 235 588 quam
262 533 373 588 paulo
399 540 514 573 autea
538 533 627 573 vivo
654 534 700 573 ab
728 532 875 588 Spiritu
902 542 1141 589 procreatam
1170 550 1257 575 esse
1288 538 1527 579 defenderat.
1578 537 1655 579 Sed

126 602 349 642 universum
378 601 624 642 nibilominus
649 603 827 642 muudum
850 603 1027 642 incendio
1051 612 1316 658 consumptum
1342 605 1387 644 iri
1416 614 1536 660 putat.
1600 609 1659 647 Ac

126 677 226 721 tum,
259 670 403 724 inquit,
436 671 596 710 duarum
626 678 846 711 naturarum
873 671 970 710 idem
1004 672 1040 710 in
1074 672 1322 727 archetypum
1353 675 1545 714 restitutio
1569 690 1659 715 eeu-

125 745 323 793 sequetur.
387 736 421 779 Ο
445 738 596 779 inanem
624 739 787 779 bominis
813 740 1004 790 laborem,
1039 754 1113 793 quo
1141 748 1322 794 suscepto
1349 742 1438 782 niliil
1464 750 1591 783 tamen
1614 746 1657 783 ad

127 807 272 847 erroris
293 807 602 847 emendationem
631 807 848 861 prolicitur!
911 806 1013 847 Nam
1043 808 1075 847 si
1108 815 1354 862 posteaquam
1391 811 1567 851 conditus
1601 820 1660 852 est

125 883 165 916 et
185 877 392 931 productus
420 876 478 916 hic
506 877 684 926 muudus,
718 875 892 915 consumi
919 875 1173 930 extinguique
1199 877 1327 928 debet,
1361 886 1400 917 ut
1423 880 1660 934 exemplaria

126 946 210 999 ipsa
235 958 387 984 rursum
423 945 459 983 iu
495 944 692 983 ambarum
728 951 974 995 naturarum,
1015 944 1104 984 boui
1136 945 1285 985 scilicet
1318 960 1360 985 ac
1387 947 1497 998 mali,
1542 955 1581 987 ut
1610 948 1662 988 ita

126 1013 269 1061 dicam,
303 1012 503 1053 identitate
531 1019 796 1067 permaneant,
831 1026 1074 1066 consequens
1104 1020 1164 1053 est
1187 1020 1227 1053 ut
1249 1014 1387 1054 malum
1415 1029 1549 1056 rursus
1571 1030 1663 1056 con-

126 1082 234 1136 gredi
259 1082 421 1130 audeat,
456 1088 494 1120 et
520 1081 662 1121 inferre
693 1081 854 1130 bellum,
888 1095 933 1121 ac
957 1081 1136 1121 virtutem
1161 1082 1272 1122 aliam
1301 1083 1552 1135 intervertat,
1588 1099 1662 1138 quo

128 1151 224 1191 alius
248 1150 410 1191 subinde
436 1149 599 1189 mundus
624 1150 783 1190 existat.
832 1147 943 1202 Quod
967 1150 998 1189 si
1022 1149 1147 1190 locum
1176 1151 1276 1191 istud
1305 1152 1465 1205 amplius
1495 1167 1570 1193 nou
1598 1154 1663 1193 lia-

128 1220 214 1269 bet,
248 1219 323 1259 iam
346 1218 463 1273 igitur
483 1218 627 1259 malitia
651 1218 880 1273 resipuerit,
915 1225 956 1258 ut
978 1232 1054 1258 non
1081 1219 1243 1273 amplius
1269 1234 1353 1259 cum
1380 1220 1550 1261 bonitate
1573 1236 1664 1262 con-

130 1287 316 1338 llictetur,
351 1286 559 1341 resipuerit
581 1295 619 1327 et
649 1287 770 1327 malus
792 1287 909 1337 deus,
954 1287 1016 1341 qui
1048 1287 1187 1327 bellum
1214 1288 1374 1343 amplius
1402 1290 1543 1330 nullum
1578 1306 1661 1331 cum

130 1356 289 1396 meliore
323 1355 522 1410 suscipiat.
588 1354 672 1395 Hoc
705 1369 799 1395 vero
835 1356 1047 1395 constituto
1084 1356 1222 1396 malum
1256 1370 1343 1397 esse
1371 1358 1535 1409 desinit,
1579 1374 1662 1400 cum

128 1424 174 1464 ab
201 1424 355 1478 antiqua
382 1431 541 1464 naturae
571 1424 759 1478 pravitate
791 1437 878 1464 sese
904 1424 949 1463 ad
977 1423 1136 1463 meliora
1162 1425 1394 1465 traduxerit.
1457 1425 1537 1467 lam
1570 1442 1664 1468 vero

130 1493 161 1533 si
188 1492 380 1533 mutabilis
405 1499 465 1532 est
488 1499 623 1532 natura
650 1492 753 1543 mali,
789 1506 951 1532 necesse
977 1492 1091 1533 estin
1116 1493 1252 1533 malum
1276 1507 1296 1533 e
1320 1493 1420 1533 bono
1444 1497 1663 1548 transferri,

134 1569 248 1616 atque
276 1561 329 1601 ita
350 1561 446 1601 mala
470 1561 565 1601 haec
592 1574 680 1601 esse
712 1568 847 1601 natura
872 1560 1035 1611 desiuit,
1069 1575 1164 1615 quae
1186 1561 1287 1601 illam
1320 1562 1357 1601 iu
1389 1563 1529 1604 bouum
1563 1580 1666 1605 com—

134 1630 382 1671 mutationem
403 1629 540 1669 sortita
566 1629 630 1670 sit.
694 1628 830 1669 Potest
854 1630 954 1669 euim
982 1630 1043 1669 vel
1071 1629 1181 1670 liodie
1207 1631 1368 1681 mutari,
1403 1631 1458 1671 sic
1481 1639 1520 1672 ut
1541 1640 1667 1673 trans-

134 1706 248 1739 eunte
281 1699 381 1739 malo
414 1699 450 1739 iu
485 1697 622 1738 melius
653 1705 841 1738 vertatur.
905 1695 1006 1751 Quid
1034 1705 1160 1738 autem
1188 1698 1364 1753 prohibet
1390 1700 1477 1753 quin
1508 1701 1564 1751 is,
1605 1702 1666 1755 qui

133 1768 337 1822 aliquando
361 1767 565 1807 mutandus
591 1774 671 1817 est,
705 1781 781 1806 non
809 1767 870 1807 vel
891 1766 929 1806 in
961 1767 1179 1821 praesentia
1204 1768 1399 1807 mutetur?
1457 1768 1517 1808 Ac
1540 1768 1573 1809 si
1597 1770 1668 1810 deo

133 1837 233 1877 istud
256 1836 498 1876 machinante
521 1835 640 1875 malus
665 1835 821 1875 minime
853 1842 1132 1886 commutatur,
1167 1842 1206 1875 ut
1231 1836 1370 1876 malum
1395 1836 1556 1891 amplius
1588 1852 1670 1878 nio-

133 1905 195 1946 liri
221 1912 404 1959 nequeat,
439 1904 701 1959 suimetipsius
723 1918 860 1944 caussa
885 1904 1005 1944 malus
1034 1918 1109 1944 non
1133 1904 1229 1955 erit,
1262 1905 1328 1944 sed
1359 1904 1422 1945 ille
1443 1905 1571 1959 potius
1602 1906 1670 1946 bo-

136 1988 206 2016 nus
231 1974 294 2029 qui
323 1989 406 2014 cum
443 1974 525 2013 eius
561 1972 743 2012 malitiam
776 1972 957 2013 cohibere
989 1972 1111 2027 possit
1141 1973 1235 2012 nolit
1266 1987 1309 2013 ea
1343 1987 1441 2027 quae
1473 1988 1543 2014 suo
1577 1982 1671 2015 tem-

135 2043 217 2097 pori
241 2042 478 2083 reservanda
514 2049 602 2081 sunt
633 2049 721 2081 ante
750 2049 896 2095 tempus
922 2041 1088 2081 efficere.
1153 2040 1222 2082 Sin
1259 2042 1408 2095 penitus
1436 2042 1670 2083 immutabile

136 2111 276 2153 malum
300 2118 381 2161 est,
418 2110 560 2150 nullum
585 2109 773 2150 inserendi
798 2110 936 2150 bellum
965 2109 1259 2164 excipiendique
1293 2111 1403 2150 linem
1430 2111 1565 2162 faciet,
1600 2126 1670 2152 nec

139 2194 302 2235 unquam
325 2179 460 2219 ambae
491 2178 579 2219 illac
612 2185 772 2219 naturae
804 2178 1112 2229 constituentur,
1147 2193 1230 2219 eum
1260 2186 1297 2219 et
1329 2179 1561 2220 immutabile
1594 2194 1672 2219 ma-

138 2250 215 2290 lum
256 2256 504 2303 perseveret,
548 2254 587 2287 ct
627 2262 710 2287 cum
746 2247 848 2287 bono
888 2247 1151 2298 conflictetur,
1196 2262 1239 2288 ac
1276 2262 1382 2287 suam
1421 2248 1454 2287 ei
1488 2248 1670 2288 malitiam

140 2324 333 2369 ostentet,
377 2324 491 2371 atque
520 2316 708 2357 adversus
735 2315 943 2356 bonitatem
973 2316 1257 2357 dimicationem
1291 2316 1489 2369 suscipiat.
1553 2316 1671 2370 Atqui

141 2387 174 2427 si
205 2387 240 2427 id
271 2386 362 2427 boni
394 2385 602 2440 cupiditate
626 2385 764 2424 malum
799 2385 935 2435 faciat,
980 2393 1020 2425 ut
1052 2384 1206 2425 assidue
1241 2386 1438 2439 insurgat,
1486 2398 1560 2424 non
1593 2398 1672 2424 am-

141 2456 239 2511 plius
272 2455 412 2495 malum
445 2461 524 2503 est,
569 2453 746 2506 quoniam
778 2453 928 2507 quidem
962 2467 1052 2507 prae
1088 2454 1171 2494 eius
1205 2454 1395 2493 desiderio
1428 2453 1568 2492 bonum
1599 2452 1673 2493 sibi

141 2530 302 2564 conatur
325 2536 549 2573 arcessere,
586 2529 625 2561 ut
653 2536 719 2576 per
742 2521 829 2562 boni
852 2529 1024 2562 naturam
1050 2529 1087 2563 et
1111 2529 1342 2562 armaturam
1365 2521 1409 2561 ad
1435 2535 1522 2561 sese
1554 2521 1674 2562 virtu-

147 2600 221 2633 tem
250 2591 465 2642 attrahens,
499 2605 567 2646 per
588 2605 671 2631 eam
697 2590 768 2630 sibi
795 2584 977 2631 honorem
1007 2605 1051 2631 nc
1076 2590 1319 2645 splendorem
1346 2589 1533 2643 acquirat,
1566 2603 1673 2631 sese-

145 2675 218 2716 que
247 2661 449 2701 confirmet
475 2675 520 2701 ac
547 2659 789 2700 corroboret.
852 2658 1007 2699 Etenim
1041 2659 1212 2713 quisquis
1245 2658 1385 2698 bonum
1418 2658 1670 2713 concupiscit,

147 2743 307 2770 necesse
334 2736 395 2769 est
423 2729 580 2784 perinde
612 2726 663 2768 ex
695 2728 794 2769 bona
825 2728 1061 2783 cogitatione
1093 2728 1190 2767 lianc
1220 2727 1272 2766 illi
1305 2734 1469 2767 mentem
1493 2726 1671 2768 iniectam

193 2833 221 2864 5,
248 2834 387 2864 Fortasse
411 2829 540 2874 α’γαξῖὸς
564 2830 654 2869 ξεὸς.
791 2875 798 2886 ‘
854 2877 867 2884 ᾗ
982 2830 1009 2863 Τ.
1036 2831 1121 2861 Libri
1145 2831 1253 2861 habent
1277 2832 1379 2863 δοκεῖ.

150 2876 413 2964 καξὰδιέασὲξω-Μ-
424 2878 743 2964 ἢὲξζὲέἓέηιέάνὼῗι
761 2889 800 2954 ἑο
807 2888 891 2954 15le-
982 2901 1025 2950 Ν..
1042 2899 1163 2950 b'riciiiis
1182 2901 1297 2951 notavit
1318 2900 1371 2930 hoc
1394 2896 1452 2940 μὲν
1464 2924 1472 2940 ,
1498 2900 1674 2931 delendum-

151 2972 317 3007 raverunt,
332 2946 487 3000 *studiuin
515 2948 702 3009 pdsuerunl,
735 2947 768 3000 i'n
802 2978 836 2999 eo
860 2972 892 2998 ut
938 2954 993 2985 que
1016 2945 1164 2975 wd'mw
1189 2946 1342 2976 Pe‘amus'

150 3016 251 3054 ignem
273 3014 410 3053 ligarent.
985 3011 1014 3044 9.
1041 3013 1257 3052 Reperiemtum
1279 3016 1321 3045 est
1342 3014 1469 3053 sortasse
1493 3012 1529 3047 δὲ
1550 3013 1615 3046 καὶ.

229 3067 342 3103 Corpus
362 3067 538 3096 Haereseol.
557 3068 593 3095 11.
613 3070 638 3096 2.
1355 3074 1407 3112 32
