2030 3324
545 199 726 232 PANARn
752 201 834 232 ΜΒ.
854 203 894 234 11.
920 202 1089 235 ToM.1i.
1114 202 1246 234 HAER.
1266 203 1394 234 inx.
1671 198 1751 238 709

199 278 354 319 Rursus
380 277 480 317 enim
505 291 647 332 magno
681 279 718 319 in
747 294 817 320 nos
851 282 996 336 impetu
1031 281 1229 336 sophistae
1265 283 1465 331 feruntur,
1511 283 1750 338 excogitatis

197 345 421 400 quibusdam
447 359 468 385 a
494 359 536 385 se
563 346 780 388 rationibus
816 349 927 399 freti,
972 363 1135 403 quorum
1170 350 1338 389 studium
1367 363 1482 389 omne
1518 351 1555 390 in
1586 352 1749 406 syllogi-

195 413 290 453 smis
328 420 367 453 et
406 421 724 467 argumentorum
758 416 1070 458 cavillationibus
1102 424 1331 471 occupatur.
1396 415 1437 457 ln
1481 432 1556 471 quo
1598 418 1750 459 ridiculi

195 481 352 521 omnino
377 488 482 531 sunt,
511 483 572 535 qui
597 497 681 522 cuin
709 483 991 524 homunciones
1015 484 1108 533 sint,
1139 485 1251 524 deum
1277 485 1641 526 ratiocinationibus
1667 487 1749 526 suis

193 548 526 603 comprehendere
551 558 759 591 conantur.
807 549 983 604 Quorum
1009 551 1199 591 insaniam
1225 552 1283 591 his
1314 551 1444 592 verbis
1473 553 1659 606 propbeta
1687 568 1748 594 re-

193 617 369 670 darguit:
416 620 515 656 Num
552 621 809 670 supplanlabae'l
843 621 981 670 aliquis
1013 622 1142 667 (lenm,-
1189 623 1361 671 qecnm'am
1395 634 1457 658 vos
1490 623 1742 672 supplantatis
1765 611 1921 679 ³¹3³J⁰f2⁰¹L

191 689 275 724 me?
323 683 425 738 Quid
452 685 570 739 igitur
598 687 767 726 audaces
793 687 845 726 illi
878 700 922 726 ac
947 687 1191 726 confidentes
1217 688 1394 727 liomincs
1423 688 1616 728 afferunt?
1660 688 1748 729 Nos

190 752 303 793 aliam
330 752 428 792 hanc
453 753 605 793 illorum
636 754 895 794 obiectione-m
931 761 1045 794 antea
1081 755 1354 809 proposuimus
1388 762 1504 808 atque
1531 756 1747 810 explicavi—

189 834 296 870 mus,
332 835 444 874 quam
479 821 758 875 interrogando
787 822 974 862 eiusmodi
1005 822 1117 862 uobis
1143 822 1270 862 solent
1296 837 1517 877 opponere:
1564 823 1647 864 Aut
1678 840 1747 865 vo-

190 889 301 938 lens,
336 890 538 942 inquiunt,
576 889 696 929 filium
720 904 831 930 suum
859 891 994 944 genuit
1017 891 1138 940 deus,
1173 897 1238 930 ant
1270 890 1423 930 nolens.
1487 889 1566 931 Sed
1604 892 1747 933 ibidem

188 956 260 997 deo
283 957 494 1010 opitulante
521 958 826 998 monstravimus
849 958 942 998 nihil
967 958 1003 998 in
1031 959 1115 1012 ipso
1139 958 1238 1012 quod
1264 957 1483 998 tarditatem
1509 965 1574 998 aut
1596 974 1744 1000 moram

187 1024 346 1065 haberet
373 1024 502 1065 inesse
528 1039 669 1078 posse,
705 1026 772 1065 sed
801 1027 928 1065 onmia
955 1025 1068 1065 simul
1102 1026 1140 1065 in
1165 1039 1211 1065 eo
1239 1039 1327 1065 esse
1354 1027 1542 1079 perlecta.
1610 1026 1745 1081 Quare

186 1105 313 1146 neque
333 1092 441 1146 prius
465 1092 548 1131 vult
570 1106 682 1145 quam
712 1092 864 1143 l'eccrit,
895 1106 1022 1146 neque
1046 1093 1131 1132 sine
1159 1093 1324 1132 consilio
1350 1093 1541 1147 quicpiam
1567 1095 1742 1145 molitur,

185 1173 311 1214 neque
337 1160 381 1199 ad
407 1160 716 1215 praeparandum
741 1160 882 1214 aliquid
911 1159 1117 1210 deliberat,
1153 1173 1224 1200 nec
1252 1160 1354 1200 illius
1376 1162 1626 1215 praeparatio
1653 1177 1746 1202 con-

185 1227 434 1267 sultationem
471 1228 651 1282 requirit.
716 1225 980 1280 Quamobrem
1019 1228 1081 1282 qui
1115 1228 1162 1268 ab
1202 1242 1247 1269 eo
1283 1229 1494 1283 productus
1528 1237 1589 1269 est
1624 1229 1742 1281 filius,

184 1309 341 1350 semper
378 1303 437 1335 est
463 1296 644 1349 genitus,
688 1310 759 1335 nec
790 1296 866 1336 ullo
895 1303 1070 1350 tempore
1100 1297 1250 1351 coepit,
1296 1297 1363 1337 sed
1398 1311 1417 1336 a
1444 1304 1553 1351 patre
1589 1297 1744 1351 genitus

184 1378 269 1403 cum
296 1363 430 1403 eodem
459 1363 562 1404 nulla
587 1364 872 1419 interruptione
909 1364 1096 1419 temporis
1123 1364 1274 1404 existit.
1340 1362 1475 1419 ltaque
1508 1365 1607 1405 idem
1641 1367 1742 1420 quod

184 1439 300 1472 antea
325 1431 502 1473 dixeram
539 1433 613 1473 lioe
644 1432 729 1472 loco
764 1440 961 1486 repetam,
1008 1446 1132 1487 neque
1167 1432 1363 1473 volentem
1401 1432 1588 1486 genuisse
1617 1447 1744 1488 neque

184 1501 408 1541 nolentem:
451 1501 581 1542 sedin
608 1514 652 1540 ea
684 1507 845 1551 natura,
881 1514 979 1555 quac
1009 1503 1111 1540 omni
1140 1507 1197 1540 est
1228 1500 1509 1541 deliberatione
1542 1502 1738 1556 superior.

181 1567 386 1610 Eiusmodi
414 1569 552 1624 quippe
577 1576 713 1609 natura
740 1569 799 1608 dei
823 1576 882 1609 est
908 1576 948 1609 ut
972 1582 1086 1609 omne
1113 1568 1318 1608 consilium
1353 1577 1391 1609 ct
1414 1583 1568 1610 omnem
1598 1570 1741 1611 intelli-

181 1637 354 1692 gentiam
379 1637 723 1692 cognitionemque
751 1637 1019 1677 transcendat.
1064 1636 1166 1677 Huic
1189 1644 1419 1691 argumento
1449 1651 1525 1677 non
1551 1638 1740 1679 dissimile

183 1713 242 1746 est
265 1705 368 1746 aliud
392 1705 439 1746 ab
465 1706 577 1746 novis
609 1705 684 1745 illis
707 1705 976 1746 Aristotelicis
1002 1705 1222 1746 inventum.
1285 1703 1388 1745 Nam
1424 1705 1536 1746 huius
1571 1706 1742 1761 philoso-

184 1774 246 1828 phi
274 1774 380 1814 virus
405 1788 519 1814 omne
544 1773 582 1814 in
606 1773 746 1828 seipsis
771 1780 1072 1828 expresserunt,
1100 1780 1137 1813 et
1160 1773 1410 1813 innocentem
1432 1774 1592 1829 spiritus
1615 1775 1741 1815 sancti

182 1841 473 1897 simplicitatem
506 1841 866 1896 benignitatemque
900 1842 1155 1896 reliquerunt.
1223 1839 1282 1882 De
1309 1842 1446 1896 quibus
1483 1842 1535 1883 ita
1562 1843 1740 1883 dominus

180 1910 375 1964 loquitur:
426 1914 569 1949 Discite
591 1925 613 1949 α
633 1926 688 1949 me
710 1914 798 1963 qnia
823 1913 923 1949 milis
945 1925 1046 1957 sum,
1081 1918 1121 1949 et
1145 1912 1297 1949 humilate
1321 1913 1455 1949 corde:
1490 1919 1528 1950 et
1547 1915 1741 1951 invenietis
1762 1903 1882 1972 ³1¹f'tt2lg·

179 1982 342 2031 requiem
376 1979 572 2017 animabus
598 1982 745 2018 vestris.
812 1979 867 2018 At
900 1979 953 2019 illi
985 1978 1284 2018 mansuetudine
1317 1978 1451 2018 relicta
1487 1979 1737 2019 calliditatem

180 2047 306 2101 potius
330 2047 500 2100 amplexi
525 2054 641 2096 sunt,
677 2061 798 2100 seque
825 2054 863 2086 et
888 2047 933 2086 ad
962 2046 1218 2087 Aristotelem
1252 2060 1297 2087 ac
1321 2054 1476 2087 ceteros
1503 2047 1634 2087 mundi
1669 2047 1738 2087 hu-

178 2115 238 2155 ius
265 2115 493 2156 dialecticos
529 2115 827 2155 accommodare
864 2115 1109 2165 maluerunt,
1144 2129 1305 2170 quorum
1340 2116 1487 2155 fructus
1520 2116 1574 2155 ita
1598 2129 1738 2155 conse-

179 2190 336 2223 ctantur
362 2183 504 2223 nullam
533 2190 575 2223 ut
598 2183 768 2223 iustitiae
796 2184 946 2237 frugem
971 2184 1186 2236 proferant,
1221 2197 1294 2223 nec
1317 2183 1434 2223 ullum
1460 2182 1620 2236 spiritus
1646 2197 1735 2223 san-

179 2252 228 2291 cti
260 2251 512 2301 beneficium,
538 2258 670 2305 utpote
694 2251 959 2291 contentionis
983 2251 1066 2306 plus
1089 2266 1215 2306 aequo
1242 2251 1384 2306 cupidi,
1420 2251 1632 2305 impetrare
1655 2265 1736 2291 me-

178 2319 345 2360 ruerint.
412 2318 519 2373 Ergo
546 2320 597 2359 ita
634 2334 706 2359 nos
731 2320 889 2373 aggredi
929 2320 1076 2371 solent,
1113 2335 1197 2361 cum
1224 2319 1387 2360 dicimus
1421 2320 1659 2360 existentem
1689 2320 1736 2359 fi-

180 2387 272 2427 lium
299 2387 398 2442 apud
431 2387 668 2427 existentem
697 2395 843 2442 patrem
872 2388 1018 2439 l'uisse,
1054 2389 1363 2443 quandoquidem
1391 2388 1442 2428 ita
1467 2394 1578 2442 pater
1599 2385 1735 2443 Moysi

179 2455 399 2495 mandavit:
434 2459 536 2495 Haec
556 2459 656 2495 (lices
677 2459 727 2495 ad
747 2460 870 2508 ipsos:
907 2460 982 2507 Qui
1001 2465 1059 2497 est
1081 2461 1183 2496 misit
1202 2472 1279 2505 me,-
1315 2457 1454 2497 deinde
1478 2456 1535 2496 sie
1560 2469 1732 2511 evange·
1748 2469 1841 2498 Exod.
1852 2473 1877 2505 3,
1899 2470 1941 2498 ιιι.

178 2524 269 2564 lium
294 2524 340 2564 de
367 2524 446 2564 tilio
469 2531 657 2565 testatur:
700 2528 742 2564 ln
758 2529 949 2578 principio
982 2533 1069 2564 erat·
1090 2526 1238 2564 verbum
1253 2556 1262 2572 ,
1299 2533 1334 2564 el
1358 2526 1506 2564 verbnm
1527 2533 1612 2564 era!
1630 2528 1732 2577 apud
1749 2539 1851 2567 loanu.
1868 2537 1893 2573 1,
1914 2538 1939 2566 1.

177 2595 306 2639 deum,
342 2601 379 2631 e!
407 2595 496 2631 fleus
522 2601 604 2632 erat
635 2595 797 2632 verbam.
864 2592 927 2633 Ex
953 2593 1091 2647 quibus
1119 2593 1393 2647 colligentibus
1419 2593 1531 2634 nobis
1557 2594 1734 2633 existen-

178 2668 254 2700 tem
283 2661 402 2700 silium
430 2661 527 2715 apud
561 2661 797 2701 existentem
827 2668 974 2715 patrem
1003 2662 1122 2701 fuisse
1147 2661 1197 2700 ita
1221 2661 1529 2702 ratiocinantur:
1574 2660 1733 2702 Utrum-

179 2743 266 2769 nam
293 2730 391 2783 quod
418 2729 492 2768 iam
521 2736 617 2777 erat,
654 2743 700 2769 an
731 2729 830 2782 quod
856 2730 1024 2769 nondum
1047 2736 1129 2769 erat
1159 2736 1217 2768 cst
1241 2729 1441 2782 genitum?
1472 2727 1576 2769 Nam
1602 2729 1633 2770 si
1654 2729 1732 2769 iam

178 2804 288 2848 erat,
324 2798 518 2852 quomodo
552 2797 724 2851 genitum
756 2798 843 2837 est?
905 2794 947 2837 Si
985 2810 1079 2837 vero
1114 2796 1287 2850 genitum
1311 2804 1394 2848 est,
1430 2798 1623 2852 quomodo
1655 2797 1732 2838 iam

178 2866 288 2905 erat?
319 2867 452 2920 Atque
479 2865 549 2905 hoc
573 2865 619 2905 ab
645 2865 777 2905 eadem
795 2865 968 2906 vanitate
993 2866 1209 2919 profectum
1238 2872 1298 2905 est
1322 2879 1418 2919 quae
1445 2865 1483 2906 in
1506 2867 1732 2920 quaestiun-

179 2934 274 2974 culis
304 2934 500 2974 volutatur
531 2941 569 2973 et
602 2933 781 2974 sublimia
814 2940 1048 2974 consectans
1076 2947 1120 2973 ac
1155 2933 1342 2974 coelestia
1368 2934 1522 2975 curiose
1550 2948 1732 2990 perscru-

180 3008 266 3041 tans
291 3001 380 3042 boni
406 3002 519 3042 efficit
553 3002 660 3042 nihil.
724 3000 811 3042 Nos
851 3009 980 3043 autem
1013 3001 1069 3043 sie
1103 3015 1172 3042 eos
1210 3001 1476 3057 alloquemur:
1523 3001 1730 3045 Undeuam
