2030 3324
498 217 682 250 PANARH
706 217 789 249 ΗΒ.
809 217 850 248 Π.
874 217 982 249 ΤΟΜ.
1003 218 1043 248 Π.
1068 217 1200 249 ΗΑΕΒ.
1222 217 1348 248 Lth.
1620 207 1702 247 637

152 295 253 336 dium
279 302 343 336 aut
370 295 515 336 invidia
541 296 750 351 reperitur.
816 300 885 343 Da,
923 297 1060 350 inquit,
1095 299 1172 335 illis
1195 298 1333 336 hahere
1354 301 1464 336 m'tam
1491 301 1528 336 e'n
1551 300 1696 349 seipsis.
1717 305 1909 340 1‹›ann.12‚²8.

152 362 259 417 Ergo
287 364 365 404 vita
389 364 470 418 ipsa
500 365 618 404 vitam
654 379 673 405 a
698 372 807 418 patre
837 365 1026 418 postulat,
1062 380 1174 419 quam
1199 380 1283 405 cum
1308 365 1508 420 discipulis
1531 380 1703 406 commu—

152 432 271 483 nicet,
306 446 353 473 ne
380 439 446 473 aut
470 433 657 473 unitatem
688 433 894 482 divideret,
931 440 996 472 aut
1021 432 1174 473 ludaeis
1199 433 1454 473 offensionem
1477 434 1698 488 praeberet,

151 506 193 540 ut
219 500 345 555 ipsum
368 499 499 540 ludaei
536 515 557 540 a
583 509 691 556 patre
721 509 916 556 petentem
945 516 989 540 ac
1018 501 1215 555 discipulis
1250 509 1478 555 erogantem
1507 502 1702 542 audirent.

267 634 475 690 Quomodo
499 638 617 692 igitur
643 638 744 678 lilius
770 653 788 679 a
814 644 921 692 patre
949 637 1144 692 postulat?
1195 636 1399 691 Tanquam
1430 638 1465 677 id
1493 653 1568 691 quo
1595 652 1705 679 care·
1762 636 1847 693 Cap,

152 705 218 747 bat
240 707 417 760 peteret?
476 704 642 746 Minimo
666 721 784 757 γενος
828 706 895 746 sed
928 706 1112 746 trinitatis
1138 705 1325 745 unitatem
1349 707 1570 760 expressit,
1607 720 1705 760 quae
1740 683 1861 714 XXX.

153 781 420 815 consentanea
452 774 552 815 dona
579 775 625 815 iis
653 775 713 829 qui
738 774 935 829 accipiunt
962 775 1133 828 perfecte
1161 773 1309 814 tribuit.
1374 774 1503 829 Atque
1532 782 1572 815 ut
1596 775 1708 815 intel-

152 842 362 897 ligeremus
397 844 548 885 unicam
581 857 669 884 esse
694 842 958 892 divinitatem,
1004 841 1103 882 idem
1141 842 1217 881 alio
1252 842 1338 881 loco
1363 857 1439 883 non
1473 843 1545 883 iam
1574 851 1706 899 postu-

152 910 255 961 lans,
284 912 350 952 sed
377 912 531 967 propria
558 911 788 952 auctoritate
812 911 919 951 velut
939 924 1008 950 sua
1035 910 1212 964 largitur,
1239 917 1371 965 utpote
1396 913 1482 951 sons
1507 926 1556 952 ex
1582 913 1704 963 sonte,

153 993 198 1020 ac
226 980 321 1020 deus
349 994 400 1020 ex
427 981 499 1021 deo
523 994 782 1035 progressus,
827 993 912 1019 cum
942 979 1093 1018 scilicet.
1119 979 1156 1018 in
1183 979 1458 1032 discipulorum
1488 981 1616 1021 vultus
1648 981 1706 1021 in-

154 1048 329 1103 spirans,
373 1051 569 1100 Acee'pe'te,
607 1047 729 1097 dixit,
772 1050 945 1099 spiritam
984 1055 1168 1086 sanetum.
1234 1047 1346 1088 Alias
1370 1062 1523 1102 quoque
1551 1049 1713 1090 sublatis
1749 1037 1857 1107 {8³¹¹}ss

154 1116 349 1168 manibus,
383 1119 571 1168 Acczpz'te,
608 1115 747 1171 inquit,
780 1119 955 1168 spiritum
980 1123 1165 1155 sanctum.
1232 1113 1352 1166 Item,
1389 1120 1509 1156 l'e'lam
1533 1119 1645 1157 habet
1667 1121 1914 1165 e‘tzloann.5‚²e.

152 1188 297 1237 seipso,
345 1193 387 1224 ut
409 1188 628 1237 cuicumque
660 1187 823 1223 voluerit
845 1187 919 1223 del.
984 1183 1087 1225 Nam
1119 1192 1159 1223 ut
1180 1192 1292 1236 pater
1313 1188 1424 1224 vitam
1449 1187 1562 1225 habet
1582 1189 1620 1225 in
1650 1201 1707 1225 se—

154 1257 253 1306 zpso,
289 1256 344 1293 sic
371 1255 531 1305 elfilz'us
552 1256 702 1293 eandem
729 1254 839 1292 habel
860 1256 897 1292 in
922 1268 1014 1292 sese.
1082 1252 1204 1293 Vides
1227 1252 1346 1307 igitur
1367 1255 1705 1308 quemadmodum,

153 1330 196 1363 ut
221 1322 407 1362 honorem
432 1322 529 1376 patri
557 1323 745 1373 deferret,
781 1329 895 1376 atque
919 1329 958 1362 ut
981 1322 1217 1377 singularem
1246 1336 1333 1362 esse
1357 1322 1598 1363 divinitatem
1625 1323 1709 1377 glo-

154 1390 329 1445 riamque
356 1391 645 1444 significarent,
693 1398 770 1431 tum
807 1405 854 1431 nc
885 1391 1062 1446 discipuli
1090 1390 1136 1430 ab
1174 1390 1272 1445 legis
1306 1390 1408 1430 illum
1439 1397 1477 1430 et
1504 1391 1709 1446 propbeta—

154 1473 239 1500 rum
266 1460 338 1500 deo
365 1459 534 1499 fidelium
561 1459 711 1500 animos
733 1473 922 1500 revocare
948 1460 1049 1500 velle
1074 1459 1229 1500 unicum
1253 1459 1313 1499 dei
1340 1459 1459 1500 filium
1483 1461 1705 1510 crederent,

156 1542 242 1568 cum
278 1528 378 1568 idem
412 1528 476 1568 ille
501 1529 596 1569 deus
630 1535 760 1579 esset,
806 1535 843 1568 et
879 1528 1075 1568 bominum
1108 1527 1392 1583 improbitatem
1432 1535 1708 1581 cognosceret,

153 1596 371 1637 orationem
398 1597 442 1637 ad
475 1604 624 1652 patrem
650 1597 914 1647 converterit,
960 1596 1072 1650 eique
1104 1597 1265 1649 gloriam
1294 1610 1392 1651 qnae
1424 1596 1569 1637 auferri
1602 1597 1706 1637 nullo

152 1665 267 1705 modo
294 1673 422 1720 potest
452 1666 656 1716 tribuerit3
703 1673 741 1705 ut
776 1673 814 1705 et
836 1664 1096 1706 Manicliaeus
1125 1665 1211 1717 ille,
1255 1666 1317 1719 qui
1342 1672 1490 1720 patrem
1517 1666 1704 1719 abnegat,

157 1733 434 1785 erubesceret,
469 1741 508 1774 et
531 1733 708 1789 discipuli
737 1735 898 1774 eandem
923 1734 960 1774 in
987 1733 1113 1774 veteri
1145 1748 1325 1788 novoque
1351 1740 1586 1774 testamento
1613 1734 1710 1774 divi-

155 1801 316 1843 nitatem
343 1816 432 1843 esse
458 1801 676 1853 discerent,
713 1803 879 1857 denique
904 1809 945 1843 ut
969 1800 1124 1842 Iudaeis
1150 1802 1334 1857 pudorem
1367 1802 1585 1853 incuteret,
1621 1803 1709 1843 dum

155 1870 516 1912 animadverterent
548 1885 623 1911 non
663 1870 824 1912 alterius
864 1871 1063 1911 cuiusdam
1099 1870 1160 1911 dei
1192 1871 1443 1926 praedicandi
1479 1872 1606 1925 gratia
1642 1884 1710 1911 ve-

157 1939 266 1980 nisse
291 1939 436 1990 titium,
481 1940 547 1980 sed
575 1947 615 1980 ut
639 1947 713 1981 tam
745 1954 853 1980 suam
887 1954 999 1994 quam
1035 1939 1218 1980 coelestis
1249 1940 1308 1980 sui
1338 1941 1509 1995 parentis
1534 1939 1714 1981 divinita-

157 2014 235 2048 tem
259 2009 476 2062 detegeret.
540 2012 598 2048 Da
623 2012 766 2061 Igitur,
802 2008 947 2063 inquit,
982 2010 1059 2047 illis
1090 2012 1200 2048 vitam
1229 2010 1367 2048 habere
1390 2012 1427 2048 e'lz
1454 2012 1611 2061 sez'psz's,·
1655 2015 1712 2048 at—

157 2077 220 2131 qui
254 2077 354 2117 hanc
381 2077 500 2132 ipsam
527 2078 643 2119 vitam
671 2078 734 2118 ille
762 2076 1025 2133 praedicabat.
1089 2074 1173 2117 Cur
1194 2077 1313 2131 igitur
1344 2092 1365 2118 a
1401 2084 1510 2132 patre
1542 2077 1713 2132 postula-

156 2145 245 2196 bat,
281 2152 320 2186 nt
357 2145 428 2185 boc
460 2145 536 2186 illis
568 2147 769 2187 conferret
802 2146 901 2200 quod
935 2145 1016 2199 ipse
1043 2146 1202 2186 doceret
1235 2160 1279 2186 ac
1313 2146 1528 2187 tribueret?
1586 2145 1707 2196 Nam,

158 2214 259 2269 quod
288 2214 333 2254 ad
370 2213 486 2254 vitam
511 2215 672 2266 attinet,
716 2214 815 2255 hanc
842 2215 922 2269 ipse
952 2221 1086 2269 postea
1113 2215 1340 2255 declaravit.
1404 2217 1506 2254 Haec
1527 2223 1604 2262 esc,
1638 2213 1706 2264 ait,
1721 2216 1824 2246 loann.
1840 2219 1916 2255 1⁷23-

158 2286 257 2331 vila,
295 2291 339 2322 ut
366 2291 597 2334 cognoscant
627 2291 661 2322 te
690 2286 809 2323 solum
843 2298 967 2322 verum
999 2286 1121 2324 deum.

276 2350 351 2391 Hic
375 2351 498 2392 Arius
523 2352 686 2407 eiusque
719 2353 893 2392 fautores
923 2352 1128 2403 exultant,
1175 2359 1290 2407 atque
1323 2366 1374 2392 ex
1403 2351 1473 2391 bac
1504 2365 1601 2392 voce
1635 2366 1715 2392 ma-
1748 2346 1871 2423 ἐξὲξ-(Ι

159 2434 277 2475 gnum
300 2434 343 2461 se
366 2420 411 2460 ad
436 2421 729 2475 oppugnandam
748 2420 955 2461 veritatem
978 2421 1240 2461 adiumentum
1267 2427 1403 2461 nactos
1422 2427 1571 2474 putant.
1606 2419 1710 2461 Nam
1876 2418 1882 2425 ”

158 2491 293 2537 solum,
330 2488 524 2543 inquiunt,
560 2504 683 2528 verum
708 2492 813 2529 deum
838 2489 1064 2544 appellavit.
1127 2488 1252 2543 Ergo,
1288 2496 1329 2529 ut
1353 2489 1478 2540 vides,
1512 2489 1619 2530 solus
1645 2503 1711 2544 pa-

160 2564 221 2598 ter
242 2571 360 2598 verus
388 2558 483 2608 deus
507 2565 581 2598 est.
647 2556 725 2599 Sed
751 2572 822 2599 nos
848 2558 1019 2599 vicissim
1043 2558 1132 2598 illos
1156 2558 1468 2611 interrogamus:
1515 2555 1709 2611 Quidnam

159 2626 279 2681 igitur
312 2625 468 2666 dicitis?
530 2625 672 2676 Solus,
717 2626 918 2680 inquiunt,
963 2633 1073 2681 pater
1104 2640 1222 2667 verus
1258 2633 1332 2666 est.
1397 2624 1500 2679 Quid
1536 2640 1632 2680 ergo
1664 2626 1711 2667 de

161 2695 241 2735 filio
275 2695 474 2736 dicemus?
533 2693 626 2734 Non
651 2701 710 2735 est
734 2709 850 2735 verus
877 2694 1007 2735 filius?
1068 2692 1110 2735 Si
1137 2708 1254 2735 verus
1279 2709 1356 2734 uon
1381 2701 1464 2745 est,
1498 2693 1626 2735 inanis
1653 2702 1714 2735 est

162 2763 260 2804 sides
287 2771 434 2813 nostra,
470 2778 572 2803 vana
598 2770 657 2803 est
680 2770 718 2803 et
741 2764 838 2817 apud
867 2777 937 2803 nos
961 2764 1058 2803 sacta
1084 2762 1337 2818 praedicatio.
1402 2761 1486 2803 Vos
1511 2771 1638 2803 autem
1665 2777 1712 2803 eo

162 2833 315 2873 tandem
355 2830 584 2886 redigemini
621 2837 661 2871 ut
695 2846 771 2871 non
798 2831 883 2871 sine
910 2832 1056 2884 ingenti
1093 2831 1129 2871 in
1166 2831 1277 2871 deum
1311 2830 1570 2882 contumelia,
1615 2845 1712 2886 quae

163 2908 339 2941 vestrum
374 2901 409 2941 in
440 2906 555 2955 caput
579 2899 750 2949 recidat,
796 2899 855 2939 dei
893 2899 1012 2939 silium
1041 2900 1353 2940 execrandorum
1389 2913 1434 2940 ac
1461 2900 1712 2941 detestando-

163 2982 248 3009 rum
272 2967 568 3010 simulacrorum
605 2968 702 3008 baud
738 2967 964 3007 dissimilem
994 2967 1190 3008 statuatis.
1255 2966 1314 3009 De
1339 2968 1477 3023 quibus
1512 2969 1551 3009 in
1578 2982 1713 3009 eorum

164 3049 304 3092 μοῦντες
330 3050 441 3082 habent
461 3050 543 3081 libri.
587 3049 713 3080 Excidit
736 3048 866 3088 sortasse
892 3047 970 3081 ἓεοῦ
994 3051 1064 3080 ante
1089 3048 1378 3092 βλασφημοῦντες.
