2030 3324
450 216 632 248 PANAau
657 216 739 248 Lm.
757 217 798 248 n.
825 218 931 249 Tou.
952 219 992 249 u.
1021 218 1328 251 HAER.LXV111.
1611 212 1686 252 581

135 297 325 354 quendam
361 294 616 336 substituunt.
695 294 784 349 Quo
819 296 971 350 quidem
1014 304 1101 352 post
1135 297 1289 338 tertium
1323 311 1496 339 mensem
1538 306 1692 340 mortuo

133 366 246 421 paulo
274 371 361 420 post.
387 362 629 404 Athanasius
659 364 831 404 advenit.
887 363 988 405 Tum
1018 366 1185 420 undique
1211 375 1348 406 coacto
1381 367 1691 407 orthodoxorum

134 433 301 474 concilio
329 433 368 472 in
390 431 660 472 Alexandrina
686 433 778 472 sede
803 433 1076 483 constituitur,
1111 434 1224 485 eique
1251 435 1488 488 postliminio
1523 435 1691 488 dignitas

134 502 170 542 in
203 501 268 541 illa
306 499 503 549 redditur,
550 500 613 554 qui
655 508 693 540 et
725 501 862 554 dignus
903 509 1009 551 erat,
1055 508 1093 541 et
1133 509 1208 540 tam
1242 502 1303 541 dei
1345 503 1546 543 voluntate
1578 518 1689 557 quam

134 569 234 610 beati
267 568 488 609 Alexandri
520 568 708 623 suffragio
742 576 780 608 et
812 569 994 609 mandato
1019 568 1262 622 designatus.

245 704 342 746 Post
365 705 461 745 haec
482 704 724 745 Athanasius
758 705 806 745 ob
830 705 920 745 illud
942 703 1246 746 Meletianorum
1281 705 1328 746 ab
1365 706 1532 746 ecclesia
1557 707 1692 747 catho-

130 775 201 816 lica
238 773 446 814 divortium
482 773 663 813 exerceri
697 773 946 827 alllictarique
984 774 1127 828 coepit.
1204 772 1327 827 lgitur
1360 774 1508 814 hortari
1542 774 1604 814 ille
1645 789 1690 815 ac

130 842 373 898 supplicare,
410 842 672 882 detrectantes
701 855 841 894 urgere
875 856 919 882 ac
957 856 1116 896 cogere.
1183 840 1346 882 Solebat
1376 849 1506 882 autem
1540 842 1690 883 vicinas

130 910 342 961 ecclesias,
387 923 531 964 easque
568 910 797 964 pracsertim
826 923 925 963 quae
963 910 1008 949 ad
1038 908 1260 950 Mareotem
1290 911 1414 951 lacum
1451 911 1549 951 sitae
1580 917 1687 961 sunt,

129 979 319 1020 invisere.
384 976 504 1018 Forte
539 977 659 1031 igitur
692 978 944 1031 congregatis
968 976 1198 1018 Meletianis
1236 979 1424 1019 diaconus
1450 979 1604 1032 quidam
1638 993 1689 1019 ex

129 1047 337 1089 Athanasii
365 1046 550 1086 comitatu
583 1060 668 1085 cum
703 1046 931 1100 quibusdam
962 1046 1007 1086 de
1038 1046 1202 1100 populo,
1238 1053 1279 1086 ut
1305 1047 1402 1086 fama
1430 1054 1514 1097 est,
1549 1047 1690 1086 irrum-

129 1130 225 1172 pens
253 1115 451 1155 candelam
486 1116 574 1166 (vas
602 1114 691 1154 illud
717 1114 930 1168 quoddam)
966 1114 1185 1168 confregit,
1232 1115 1331 1155 unde
1358 1114 1523 1168 iurgium
1550 1128 1595 1154 ac
1622 1128 1690 1169 pu-

128 1199 202 1240 gna
228 1183 411 1224 conflata.
476 1181 578 1222 Hinc
609 1182 798 1223 adversus
823 1182 1084 1223 Athanasium
1109 1183 1286 1223 occultae
1324 1183 1547 1223 molitiones
1584 1183 1690 1223 frau-

128 1254 274 1308 desque
311 1251 553 1302 concitatae,
597 1250 872 1291 accusantibus
909 1249 1137 1291 Meletianis
1175 1258 1214 1291 et
1248 1250 1598 1301 calumniantibus,
1642 1265 1688 1291 ac

128 1321 292 1362 conficta
315 1320 500 1374 quaedam
529 1319 826 1370 obiicientibus,
861 1318 1023 1360 Arianis
1046 1333 1142 1361 vero
1169 1319 1494 1370 allaborantibus,
1529 1326 1567 1360 et
1594 1334 1688 1359 con-

128 1389 214 1430 silia
243 1387 644 1438 communicantiluis,
689 1394 848 1442 propter
885 1387 1040 1428 insitam
1077 1388 1115 1427 in
1147 1388 1408 1428 orthodoxam
1442 1388 1554 1428 fidem
1588 1387 1689 1427 invi-

129 1457 246 1498 diam.
311 1455 420 1510 Ergo
446 1456 498 1496 illi
524 1469 604 1496 rem
632 1456 676 1496 ad
706 1455 980 1510 imperatorem
1002 1453 1305 1497 Constantinum
1335 1456 1541 1507 deferunt,
1577 1456 1688 1496 cuius

129 1525 249 1566 totius
288 1525 470 1565 factionis
503 1524 734 1564 administer
771 1538 813 1564 ac
846 1524 1005 1564 satelles
1027 1523 1345 1565 Nicomediensis
1367 1524 1564 1565 Eusebius
1599 1524 1685 1575 suit,

127 1608 172 1635 ac
199 1607 328 1634 noxae
354 1593 455 1633 illius
482 1593 607 1632 omnis
633 1592 780 1632 artifex
809 1606 908 1646 quae
933 1593 1127 1633 ccclesiae
1153 1594 1299 1648 pariter
1325 1593 1597 1634 etAthanasio
1622 1608 1687 1648 pa-

127 1676 196 1719 pae
221 1662 267 1703 ab
293 1661 367 1702 illis
393 1668 452 1702 est
474 1660 665 1701 conscita.
730 1661 1000 1701 Accusatores
1027 1661 1159 1716 itaque
1195 1662 1468 1716 imperatorem
1498 1662 1686 1703 adeuntes

129 1745 197 1772 vas
228 1730 418 1785 quoddam
453 1736 493 1769 ut
524 1743 634 1769 usum
663 1729 883 1769 divinorum
915 1730 1193 1785 mysteriorum
1231 1730 1394 1770 fractum
1433 1729 1683 1780 obiiciebant‚

127 1799 226 1854 quod
251 1799 477 1849 candelam,
512 1805 554 1838 ut
574 1797 742 1838 diximus
760 1830 769 1847 ,
804 1797 1051 1853 appellavere
1076 1797 1268 1838 nonnulli.
1333 1795 1438 1851 Quin
1465 1805 1502 1838 et
1527 1798 1573 1838 de
1599 1798 1685 1839 aliis

127 1882 279 1923 quoque
313 1866 539 1907 criminibus
564 1873 822 1917 accusarunt,
868 1873 907 1906 et
932 1866 1108 1921 inprimis
1133 1866 1345 1906 Arsenium
1379 1867 1570 1921 quendam
1596 1865 1685 1907 Ma-

125 1935 288 1977 reotidis
321 1935 593 1990 presbyterum
635 1935 681 1974 ab
716 1949 762 1974 eo
797 1935 1010 1990 pulsatum,
1056 1934 1165 1974 cuius
1202 1949 1354 1975 manum
1394 1934 1440 1975 ab
1475 1934 1685 1975 Athanasii

121 2004 277 2045 'fautore
310 2003 475 2059 populo,
521 2003 604 2044 sive
637 2003 804 2058 ipsomet
836 2003 963 2058 potius
996 2002 1236 2053 Athanasio,
1283 2003 1524 2057 praecisam,
1568 2017 1682 2057 quam

127 2073 241 2114 etiam
275 2073 319 2112 ad
353 2071 578 2112 comitatum
611 2072 713 2111 intra
746 2072 916 2112 arculam
950 2071 1114 2112 delatam
1149 2071 1416 2112 ostentabant.

242 2140 315 2181 His
341 2139 482 2180 auditis
515 2140 728 2194 imperator
752 2140 1007 2180 vehementer
1031 2140 1266 2190 excanduit,
1310 2154 1395 2180 cuni
1423 2141 1554 2181 divino
1587 2155 1681 2194 quo-

126 2211 209 2251 dam
236 2210 324 2250 zelo
354 2209 541 2250 maiorem
563 2210 601 2248 in
635 2209 787 2248 modum
817 2210 1025 2262 flagraret,
1061 2222 1132 2248 nec
1156 2207 1243 2249 illos
1268 2208 1571 2249 calumniatores
1594 2222 1683 2249 esse

126 2285 283 2329 nosset,
326 2285 392 2318 aut
418 2292 464 2318 eo
494 2278 619 2317 livore
649 2277 740 2317 ferri
772 2291 884 2332 quem
909 2279 1081 2318 Arianos
1114 2277 1305 2317 adversus
1342 2276 1534 2317 sinceram
1569 2277 1680 2317 fidem

124 2347 347 2402 suscepisse
384 2345 570 2386 diximus.
638 2343 760 2399 igitur
794 2344 891 2401 Tyri
928 2346 965 2386 in
1005 2343 1204 2386 Phoenice
1243 2345 1452 2385 convocari
1489 2346 1680 2400 synodum

124 2415 253 2465 iubet,
301 2415 414 2468 eique
451 2413 593 2454 iudicio
619 2427 803 2468 praeesse.
828 2429 911 2454 cum
936 2414 1021 2454 aliis
1048 2414 1245 2454 nonnullis
1272 2411 1575 2454 Caesariensem
1600 2412 1681 2454 Eu-

123 2483 296 2534 sebium,
332 2483 394 2536 qui
424 2496 558 2522 omnes
586 2482 622 2522 in
650 2482 888 2523 Arianorum
927 2482 1198 2523 inanissimum
1231 2483 1370 2536 dogma
1402 2482 1680 2537 propensiores

124 2559 251 2592 erant.
317 2548 415 2592 Cum
446 2550 504 2591 his
538 2564 590 2590 ex
623 2551 812 2591 catholica
842 2551 1012 2607 Aegypti
1050 2551 1242 2601 ecclesia,
1286 2557 1324 2590 et
1345 2550 1563 2591 Athanasio
1588 2551 1679 2591 sub-

122 2621 246 2671 iecta,
283 2619 454 2674 episcopi
478 2619 630 2672 quidam
653 2619 831 2659 advocati
857 2627 970 2670 sunt,
1006 2620 1178 2675 primarii
1209 2619 1360 2673 quidem
1395 2633 1438 2659 ac
1474 2627 1678 2674 praestan-

124 2696 182 2729 tes
214 2688 312 2738 viri,
356 2695 471 2742 atque
501 2687 659 2741 egregia
689 2687 791 2728 vitae
824 2689 1030 2729 sanctitate
1064 2695 1103 2728 et
1135 2687 1324 2741 religione
1354 2687 1540 2741 praediti,
1576 2688 1679 2729 inter

123 2771 220 2811 quos
251 2756 375 2797 felicis
409 2755 620 2796 memoriae
656 2769 818 2809 magnus
845 2757 908 2798 ille
932 2755 1096 2797 Potamo
1127 2757 1198 2796 fuit
1222 2754 1439 2795 Heracleae
1471 2756 1676 2812 episcopus

122 2862 187 2890 tum
202 2863 254 2891 est.
292 2861 350 2891 los.
369 2860 511 2899 Scaliger
531 2860 706 2890 emendavit
722 2857 778 2892 τὸν
792 2857 875 2901 πρὸς
921 2857 1190 2901 προςκεκλιμένοι
1213 2859 1417 2889 emendarunt
1437 2860 1608 2891 Cornarius
1628 2863 1676 2890 at-

122 2905 188 2936 τών
213 2900 327 2946 ἁγίων.
923 2915 979 2944 que
1006 2906 1163 2937 Pelorum.

173 2949 218 2979 lt.
246 2951 298 2982 Sic
324 2959 428 2981 omnes
452 2952 532 2981 libri.
967 2952 997 2981 2.
1023 2945 1225 2982 'Az‘owozotou
1250 2950 1318 2981 cod.
1341 2950 1469 2990 Rhediq.

170 2993 247 3024 Cir.
271 2996 355 3027 vul.
383 3014 424 3018 —
455 2997 480 3027 1.
506 2993 788 3036 προςκεκλημένοι
807 2996 872 3026 cod.
968 2994 998 3026 3.
1026 2990 1224 3036 οἱκραίμονες
1248 2996 1359 3027 habent
1381 2997 1451 3027 libri
1471 3005 1583 3027 omnes.
1623 2995 1674 3029 Cf.

123 3041 180 3072 len.
206 3042 231 3071 e!
251 3042 343 3081 editi,
368 3039 632 3084 προκεκλημένοι
657 3041 722 3072 cod.
746 3041 873 3080 Rhediq.
923 3050 1018 3084 supra
1045 3039 1085 3073 ud
1112 3051 1182 3087 cap.
1207 3041 1236 3072 5.

1709 2151 1788 2195 Cap.
1802 2152 1888 2184 VIII.
