2030 3324
348 210 429 249 688
913 214 1076 248 SANch
1101 216 1328 251 EPIPHANII

345 297 474 334 στολοι
499 289 703 340 Ἰουδαίοις
735 290 1102 346 προςδιαλεγόμενοι
1127 292 1193 334 διὰ
1220 293 1263 336 τὸ
1287 298 1453 348 νομίζειν
1473 294 1715 337 ἀποστασίαν
1741 293 1884 350 κηρύσ-

342 373 421 400 σειν
448 357 542 407 τοῦς
563 357 807 407 ἀποστόλους
830 357 912 401 ἀπὸ
938 363 1010 400 τοῦ
1034 362 1132 401 θεοῦ
1153 366 1222 402 τοῦ
1246 361 1395 414 νόμου,
1427 365 1493 405 καὶ
1516 362 1582 405 διὰ
1610 362 1685 405 2τό
1707 361 1810 417 πρός
1839 361 1882 404 τό

338 425 510 481 γνωστόν
543 429 613 468 τοῦ
637 424 750 481 ἀγίου
776 425 1018 479 πνεύματος,
1058 431 1128 468 τοῦ
1152 427 1411 482 γινώσκοντος
1437 429 1498 472 ὅτι
1529 429 1692 484 ἤμελλον
1717 431 1885 482 αἱρέσεις

345 492 571 547 ἀφηνιάζειν
593 492 659 534 τὸν
683 492 854 549 Χριστὸν
881 493 961 536 ἀπὸ
993 498 1064 536 τοῦ
1101 494 1287 552 πατρῴου
1318 498 1556 550 θελήματος,
1596 497 1738 540 τούτου
1773 498 1886 538 ἕνεκα

340 563 394 610 εἰς
415 560 486 615 τὴν
519 564 611 615 μίαν
637 560 809 614 θεότητα
840 561 886 603 τοὶ
916 561 1045 603 πάντα
1073 559 1337 618 ἀναφέροντες
1360 565 1400 605 οἵ
1417 563 1530 606 αὐτοὶ
1553 564 1784 615 ἀπόστολοι,
1817 563 1881 606 ὅτι

336 628 495 685 εὐδοκία
524 627 630 683 παρα
651 628 798 684 πατρὸς
819 630 995 684 ἐγένοντο
1016 628 1063 671 vc>
1088 629 1228 680 πάντα,
1261 628 1443 684 βουλήσει
1469 637 1542 673 τοῦ
1565 635 1671 684 υἱοῦ,
1707 639 1724 662 3
1742 647 1876 674 συνευ·

339 699 456 753 δοκίςι
485 695 704 749 πνεύματος
736 695 872 752 ἁγίου,
915 695 969 750 μὴ
998 695 1074 752 ἄρα
1098 696 1198 739 κατα
1225 696 1454 749 ἐλάττωσιν,
1499 698 1522 752 ἢ
1546 699 1645 741 κατὰ
1670 699 1884 742 ἀσθένειαν

337 763 363 817 ἢ
383 764 628 819 ἀλλοτρίωσιν
651 770 720 818 τῆς
743 769 813 806 τοῦ
835 769 934 806 θεοῦ
955 764 1073 819 λόγου
1096 763 1203 820 παρά
1229 764 1326 818 4τήν
1348 771 1420 807 τοῦ
1441 766 1590 821 πατρὸς
1609 766 1746 809 οὐσίαν
1759 772 1878 810 τοῦτο

337 834 495 887 εἴρηται.
557 833 637 873 Καὶ
662 832 733 886 οὐχ
759 831 895 881 οὕτως.
942 831 1048 887 ’Ὀρα
1072 831 1145 888 γαρ
1169 831 1215 873 τά
1238 832 1498 887 πρωτότυπα,
1532 839 1617 883 πῶς
1643 837 1832 890 διηγεῖται
1858 832 1881 877 ὅ

337 898 495 955 ἅγγελος
518 899 683 952 φάσκων
706 906 792 949 ταῖς
813 901 901 955 περὶ
935 905 952 928 ⁵
969 903 1156 955 Μαρίαν,
1202 903 1247 942 Τί
1277 905 1419 954 ζητεῖτε
1441 900 1510 943 τὸν
1534 906 1658 952 ζῶντα
1683 901 1777 956 μετά
1807 907 1885 944 τῶν

336 972 505 1022 νεκρῶνς
550 965 702 1025 θὸρᾷς,
733 966 757 1009 0‘
784 973 858 1018 ζῶν
881 970 923 1010 ἐν
949 970 1029 1025 ἰδίᾳ
1052 967 1211 1021 θεότητι
1234 969 1300 1009 καὶ
1321 970 1435 1024 σαρκὶ
1461 966 1622 1023 ἀνέστη,
1656 967 1730 1012 οὐκ
1761 964 1810 1023 ἧν
1840 970 1882 1011 δὲ

338 1034 431 1089 μετά
455 1038 531 1076 τῶν
556 1040 713 1090 νεκρῶν.
775 1037 854 1077 Καὶ
878 1039 913 1077 τί
934 1050 1029 1089 φησι
1050 1034 1208 1087 αὐταῖς,
1239 1034 1413 1090 Ἀνέστη,
1446 1035 1520 1079 οὐκ
1546 1038 1646 1079 ἔστιν
1674 1032 1771 1088 (563,-
1815 1038 1884 1079 καὶ

341 1102 414 1145 οὐκ
436 1101 561 1154 εἶπεν,
592 1101 774 1158 ’Ἠγειρεν
796 1102 917 1145 αὐτὸν
938 1101 961 1145 ό
984 1102 1099 1154 θεὸς,
1130 1104 1196 1144 καὶ
1220 1101 1292 1145 οὐκ
1316 1105 1418 1145 ἔστιν
1439 1099 1537 1155 0562,-
1575 1103 1668 1146 Ἀλλ’
1689 1107 1756 1147 ἵνα
1782 1108 1884 1147 7δεί-

342 1174 395 1221 ξω
421 1186 482 1213 σοι
502 1169 545 1212 τὸ
572 1170 754 1222 δυνατὸν,
778 1170 837 1213 ὅτι
857 1173 924 1213 καὶ
947 1175 1020 1221 ζῶν
1041 1171 1194 1224 ἀνέστη,
1220 1173 1286 1213 καὶ
1314 1170 1432 1220 αὐτός
1454 1172 1569 1213 πάλιν
1590 1174 1691 1228 ἔλεγε
1714 1172 1790 1228 πρὸ
1815 1178 1886 1215 τοῦ

341 1245 488 1281 παθεῖν
510 1237 631 1280 αὐτόν
652 1245 734 1287 τοῖς
759 1237 880 1280 αὐτοῦ
910 1244 1128 1291 μαθηταῖς,
1170 1237 1294 1289 Ἰδοῦ,
1337 1237 1601 1292 ἀναβαίνομεν
1637 1242 1692 1289 εἰς
1722 1239 1888 1295 Ἱεροσό-

339 1313 461 1360 λυμα,
503 1309 570 1348 καὶ
591 1305 915 1359 παραδοθήσεται
946 1305 969 1348 ὁ
991 1305 1076 1354 υἱὸς
1097 1311 1165 1347 τοῦ
1190 1304 1411 1361 ἀνθρώπου
1440 1308 1495 1355 εἰς
1517 1306 1560 1348 τὸ
1583 1312 1884 1362 σταυρωθῆναι,

339 1377 405 1416 καὶ
429 1379 475 1432 τῇ
496 1377 604 1431 τρίτῃ
631 1371 757 1430 ἡμέρᾳ
781 1372 1048 1427 ἀναστήσεται.
1111 1375 1190 1415 Καὶ
1218 1371 1292 1415 οὐκ
1324 1371 1452 1425 εἶπεν,
1492 1373 1722 1429 Ἀναστήσει
1751 1373 1883 1417 αὐτόν.

340 1447 492 1494 Σαφῶς
512 1442 553 1483 δὲ
578 1443 698 1496 8περὶ
722 1440 864 1483 τούτου
887 1440 929 1484 τὸ
954 1440 1247 1492 ἐξουσιαστικόν
1278 1446 1348 1495 τῆς
1377 1440 1498 1484 αὐτοῦ
1530 1442 1739 1497 δυνάμεως
1764 1458 1882 1498 προε-

342 1512 494 1551 δείκνυε
515 1510 656 1564 λέγων,
695 1508 900 1559 Ἐξουσίαν
928 1511 1000 1563 ἔχω
1025 1508 1096 1563 τήν
1127 1508 1261 1563 ’ψυχήν
1286 1527 1362 1563 μου
1383 1516 1536 1562 θεῖναι,
1567 1512 1635 1553 καὶ
1655 1514 1787 1565 λαβεῖν
1817 1509 1887 1552 αὖ·

341 1577 422 1631 τήν.
480 1575 524 1618 Ὁ
548 1578 589 1619 δὲ
611 1579 789 1627 ἐξουσίαν
811 1579 906 1631 ἔχων
927 1583 1013 1626 πῶς
1034 1576 1173 1619 ἑαυτὸν
1200 1579 1357 1633 ἐγείρειν
1387 1578 1460 1620 οὐκ
1498 1577 1691 1631 ἠδύνατο,
1732 1576 1756 1621 ὅ
1787 1577 1887 1621 ἀπό-

342 1651 475 1694 στολος
501 1645 543 1687 δὲ
565 1644 753 1700 γράφων,
784 1648 851 1687 ἵνα
873 1648 978 1703 δείξῃ
1005 1645 1126 1698 μηδὲν
1151 1644 1244 1687 ἄνευ
1265 1644 1487 1699 θελήματος
1509 1646 1657 1703 πατρὸς
1680 1649 1721 1688 ἐν
1744 1650 1791 1705 τῇ
1816 1651 1887 1701 τῆς

341 1716 534 1769 σωτηρίας
564 1715 772 1770 οἰκονομίᾳ
804 1718 1056 1769 γεγενῆσθαι,
1087 1714 1186 1766 ἔφη,
1226 1711 1268 1754 Ὁ
1293 1712 1390 1762 θεὸς
1423 1713 1577 1770 ἤγειρεν
1605 1713 1726 1757 αὐτὸν
1750 1716 1795 1757 ἐκ
1826 1731 1885 1756 νε-

339 1787 457 1836 κρῶν.
520 1782 598 1822 Καὶ
624 1780 697 1836 γάρ
718 1782 784 1822 καὶ
808 1783 849 1823 ἐν
880 1779 979 1839 ἄλλῳ
999 1782 1107 1839 τόπῳ
1136 1782 1235 1837 λέγει
1259 1779 1377 1830 αὐτὸς
1403 1779 1426 1823 ὁ
1447 1781 1683 1834 ἀπόστολος,
1716 1781 1796 1834 ὅτι,
1832 1784 1889 1824 Εἰ

341 1851 409 1891 καὶ
443 1847 645 1891 ἀπέθανεν
682 1851 720 1898 ἐξ
751 1847 978 1900 ἀσθενείας,
1019 1854 1062 1907 ζῇ
1084 1850 1124 1891 δὲ
1151 1851 1194 1891 ἐκ
1219 1846 1434 1903 δυνάμεως.
1484 1848 1659 1893 ’Ήθελον
1689 1851 1731 1892 δὲ
1761 1851 1891 1893 πυθέ-

343 1924 440 1959 σθαι
478 1916 547 1959 τόν
586 1921 683 1959 νοῦν
723 1921 800 1958 τῶν
840 1915 887 1958 τά
927 1917 1074 1973 ἀκριβῆ
1110 1921 1188 1958 τῶν
1227 1923 1394 1973 γραφῶν
1432 1917 1725 1973 γινωσκόντων,
1770 1921 1889 1960 ποίαν

343 1983 551 2026 ἀσθένειαν
581 1983 680 2038 εἶχεν
711 1983 732 2027 ὁ
763 1983 998 2041 μονογενὴς,
1043 1983 1093 2026 δι’
1115 1979 1164 2027 οὗ
1189 1983 1212 2027 ὁ
1245 1983 1416 2041 οὐρανός
1435 1985 1632 2039 ἥπλωται,
1671 1985 1699 2039 ἢ
1719 1984 1810 2041 παρ’
1840 1981 1890 2028 οὗ

343 2051 366 2094 ὁ
391 2051 558 2108 οὐρανός
583 2054 801 2104 κέκτισται,
845 2051 894 2094 δι’
927 2047 976 2094 οὗ
1011 2050 1034 2095 ὁ
1063 2052 1172 2106 ἥλιος
1203 2053 1444 2107 ἐστιλβώθη,
1487 2052 1535 2096 δι’
1557 2049 1605 2096 οὗ
1629 2055 1811 2108 ἔλαμψαν
1840 2052 1888 2095 τοὶ

344 2119 486 2176 ἄστρα,
529 2119 579 2162 δι’
610 2116 657 2163 οὗ
689 2123 727 2171 ἐξ
758 2121 833 2163 οὐκ
871 2119 996 2164 ὅντων
1031 2120 1078 2162 τα
1109 2120 1237 2163 πάντα
1274 2122 1483 2177 γεγένηται.
1531 2120 1637 2178 ”Apa
1665 2120 1737 2176 τὴν
1767 2120 1888 2164 ἀσθέ-

183 2209 249 2239 pag.
266 2201 325 2229 781.
345 2205 452 2230 νειαν
481 2192 600 2230 ποίαν
628 2189 748 2244 λέγεις
791 2188 867 2244 ἀρα
897 2189 947 2243 ἢν
977 2186 1181 2239 ἀνεδέξατο
1213 2188 1342 2231 ἐλθών
1373 2187 1396 2231 ὁ
1424 2188 1540 2245 λόγος
1570 2191 1612 2231 ἐν
1641 2194 1688 2248 τῇ
1719 2187 1888 2247 ’ἡμετέρα

345 2259 479 2312 σαρκὶ,
511 2255 773 2310 ἐνδυσάμενος
800 2256 965 2310 ταύτην,
1006 2260 1070 2298 ἵνα
1103 2256 1174 2311 τὴν
1207 2255 1321 2311 ἡμῶν
1352 2256 1562 2299 ἀσθένειαν
1591 2255 1792 2315 βαστάσῃς
1835 2256 1889 2307 ὥς

344 2326 412 2367 καὶ
446 2324 562 2382 θᾷδει
582 2325 671 2380 περὶ
703 2323 825 2366 αὐτοῦ
851 2323 873 2367 ὁ
897 2325 1104 2380 προφήτης
1127 2326 1269 2380 λέγων,
1299 2323 1369 2374 τοὶς
1398 2324 1604 2374 ἀσθενείας
1628 2323 1740 2378 ἡμῶν
1762 2327 1886 2379 ἔλαβε,

345 2394 412 2434 καὶ
436 2392 504 2441 τάς
527 2393 671 2442 νόσους
697 2392 918 2446 ἐβάστασεν.
976 2391 1193 2434 Ἀπέθανεν
1226 2387 1298 2435 οὖν
1319 2392 1385 2434 διά
1417 2392 1489 2446 τήν
1521 2391 1633 2446 ἡμῶν
1665 2391 1886 2443 ἀσθένειαν,

347 2458 370 2502 ὁ
392 2459 469 2513 ζωὴ
494 2459 547 2502 ὦν
568 2462 634 2502 καὶ
657 2459 821 2514 ἀπαθὴς
843 2458 961 2511 θεὸς,
995 2462 1035 2501 ἐν
1057 2465 1104 2518 τῇ
1126 2462 1164 2510 ἐξ
1187 2458 1299 2513 ἡμῶν
1322 2459 1581 2518 ἀσθενεστέρα
1601 2463 1736 2515 σαρκί·
1777 2464 1823 2518 ζῇ
1845 2460 1887 2502 δὲ

347 2529 389 2569 ἐκ
411 2526 626 2581 δυνάμεως.
674 2533 764 2570 Ζῶν
785 2529 859 2583 γάρ
883 2529 985 2570 ἐστιν
1009 2527 1031 2569 ό
1049 2527 1163 2583 λόγος
1189 2530 1256 2569 καὶ
1280 2527 1439 2583 ἐνεργὴς
1461 2530 1528 2570 καὶ
1549 2527 1768 2582 τομώτερος
1786 2526 1884 2580 ’ὑπὲρ

347 2600 477 2637 πᾶσαν
498 2595 691 2652 μάχαιραν
715 2599 908 2649 δίστομον.
966 2595 1181 2637 Ἀπέθανεν
1202 2591 1274 2638 οὖν
1301 2598 1339 2645 ἐξ
1364 2595 1591 2647 ἀσθενείας,
1621 2600 1666 2653 ζῇ
1690 2595 1733 2637 δὲ
1753 2596 1795 2636 ἐκ
1815 2597 1883 2636 δυ-

346 2663 502 2717 νάμεως
531 2669 601 2717 τῆς
634 2662 757 2706 αὐτοῦ
786 2663 997 2717 θεότητος,
1039 2668 1084 2721 ζῇ
1116 2664 1157 2705 δὲ
1193 2665 1235 2706 ἐν
1263 2669 1310 2722 τῇ
1341 2662 1507 2721 ἡμετέρα
1538 2664 1672 2719 σαρκὶ,
1715 2664 1756 2704 ἐν
1784 2656 1811 2720 ᾗ
1840 2661 1883 2704 τό

391 2745 421 2776 2.
446 2747 667 2785 Reponendnm
679 2747 801 2778 videtur
814 2744 870 2779 διὰ
888 2743 924 2778 τὸ
946 2755 1093 2787 προγνω-
1184 2746 1215 2778 5.
1241 2744 1383 2787 Μαρίαμ
1407 2746 1453 2778 ed.
1475 2747 1580 2777 Petav-

349 2787 425 2822 στὸν
448 2792 504 2823 τοῦ
523 2788 619 2833 ἁγίου
639 2801 687 2823 πν.
729 2793 898 2822 Cornarius
911 2793 998 2822 vertit
1015 2801 1092 2833 pro-

347 2841 423 2877 pter
445 2836 694 2877 praenotionem
713 2836 817 2866 sancti
842 2835 985 2877 spiritus.

393 2878 424 2911 3.
459 2877 518 2912 σὺν
551 2877 689 2923 εὐδοκία.
722 2882 787 2912 cod.
814 2882 940 2920 Rhediy.
989 2882 1092 2912 Etiam

348 2925 533 2955 Camurium
553 2928 677 2956 verlisse
701 2927 791 2956 video
825 2936 897 2956 cum
920 2925 1006 2956 bona
1028 2936 1092 2957 vo-
1183 2924 1211 2957 7.
1239 2923 1338 2964 δείξω
1362 2935 1414 2957 σοι
1436 2925 1555 2955 correxi
1575 2932 1644 2954 cum
1659 2923 1807 2954 Cornario
1829 2924 1883 2963 qui

345 2967 473 3000 luntate
496 2968 629 3010 spiritus
654 2970 767 3001 sancti.
1137 2973 1227 3001 vertit
1263 2976 1304 3000 At
1340 2976 1374 3000 ut
1398 2967 1568 2999 ostendam
1602 2967 1663 2998 tibi
1697 2967 1882 3010 potentiam

391 3013 421 3046 4.
446 3011 507 3057 τὴν
531 3023 588 3045 om.
611 3016 644 3046 in
673 3016 719 3046 ed.
742 3015 852 3048 Petav.
876 3016 979 3048 Calon.
1000 3018 1090 3055 repet.
1137 3018 1202 3047 cett.
1249 3016 1285 3046 ln
1312 3015 1397 3046 libris
1425 3014 1518 3052 vulyo
1548 3015 1591 3044 est
1622 3010 1759 3052 δείξωσι
1789 3014 1883 3046 inter·

1184 2815 1215 2850 6.
1242 2815 1341 2844 Verba
1371 2809 1452 2856 ὁρᾷς
1475 2831 1490 2836 —
1512 2831 1524 2836 -
1551 2809 1635 2851 μετὰ
1663 2809 1728 2844 τῶν
1757 2811 1882 2853 νεκρῶν

1139 2868 1197 2890 om.
1223 2859 1288 2890 cod.
1311 2859 1438 2897 Rhediy.
