2066 3319
553 185 732 217 PANAan
758 185 841 217 Lm.
863 187 903 218 ιι.
927 187 1034 219 Tou.
1056 189 1078 221 1.
1105 188 1233 220 mea.
1257 189 1312 220 Li.
1649 182 1702 222 67

159 271 201 305 ut
224 264 299 305 alio
326 264 412 305 loco
438 264 559 305 fusius
585 265 847 319 disputamus,
891 266 1138 307 adscivisset.
1203 267 1279 322 Qui
1304 269 1421 322 igitur
1447 268 1588 309 nullum
1614 283 1700 310 cum

160 340 283 373 matre
314 333 633 373 consuetudinem
668 333 875 385 habuerat,
923 334 986 388 qui
1020 335 1084 375 lilii
1119 344 1228 390 pater
1260 350 1349 378 csse
1385 338 1533 392 potuit?
1591 335 1700 379 Fieri

159 401 259 442 istud
291 401 448 442 omnino
480 415 555 441 non
588 408 731 456 potest.

271 470 325 510 At
347 469 446 510 enim
471 470 600 521 dices,
645 466 727 510 Cur
750 483 843 524 ergo
866 469 928 510 vir
950 470 1051 512 illius
1073 472 1286 526 appellatus
1309 480 1390 522 est,
1426 474 1500 514 nisi
1525 488 1607 515 eam
1633 475 1701 515 ob-
1728 475 1880 519 Cap.X1.

158 537 328 578 tineret?
389 536 465 590 Qui
492 537 547 577 sic
573 537 740 589 dubitat,
785 538 871 592 quid
897 539 962 579 lex
987 547 1099 580 vetus
1126 541 1247 580 l'erret
1272 540 1441 594 ignorat.
1504 541 1700 584 Nimirum

158 607 259 646 enim
285 620 335 646 ex
359 621 433 660 quo
459 606 544 646 viro
569 606 708 646 femina
733 607 922 661 desponsa
949 609 1096 659 suerat,
1130 608 1213 648 sive
1236 608 1346 661 virgo
1373 617 1499 661 esset,
1533 612 1617 652 sive
1640 627 1704 667 pa-

158 681 269 715 terna
292 674 415 715 adhuc
438 675 476 714 in
499 675 612 714 domo
635 675 815 728 (legeret,
851 675 1006 715 nomine
1031 683 1142 716 tenus
1167 690 1270 716 uxor
1293 677 1505 718 dicebatur.
1570 679 1703 734 Quare

156 743 319 797 angelus
345 742 401 784 sic
426 740 629 797 Iosephum
655 743 881 797 alloquitur:
914 746 1010 782 Noli
1025 747 1152 783 lc‘mere
1175 748 1344 797 accipere
1365 749 1556 798 coniugem
1582 757 1694 788 tuam.
1712 754 1906 789 Matth-Lffl·

157 812 218 852 Ac
250 825 298 852 ne
329 811 412 865 quis
437 825 611 852 errorem
646 811 684 852 in
709 811 925 866 evangeliis
951 812 1066 852 ullum
1093 826 1180 853 esse
1206 815 1440 868 suspicetur.
1504 814 1577 857 Est
1601 818 1701 858 enim

157 879 270 934 plane
293 879 522 935 stupendum
550 880 620 920 hoc
640 880 885 935 mysterium,
919 894 963 920 ac
984 895 1100 935 supra
1126 882 1332 922 humanum
1356 891 1506 937 captum
1532 891 1610 926 tota
1630 885 1703 926 ista

156 948 354 998 narratio,
399 956 437 989 et
471 962 568 1002 quae
601 949 695 989 solis
727 947 886 1003 spiritus
923 950 1046 990 sancti
1088 950 1174 990 filiis
1210 950 1312 990 clara
1346 953 1397 991 sit
1432 959 1469 992 et
1504 954 1699 1008 exposita.

154 1019 257 1056 Erat
272 1020 405 1068 egitur,
436 1015 575 1071 inquit,
602 1020 909 1069 quasz‘amzorum
929 1020 1056 1066 A'A'AE
1075 1020 1199 1070 filius,
1235 1027 1277 1058 nl
1288 1022 1510 1071 putabatur,
1536 1025 1698 1075 Iosepla',

156 1087 318 1138 quz'ficz‘t
339 1087 424 1133 Eli,
470 1088 537 1138 qui
552 1087 632 1137 fuit
650 1088 840 1125 Matthan.
906 1085 1008 1126 Tum
1033 1087 1078 1127 ad
1106 1087 1370 1129 Abrahamum
1393 1103 1514 1144 usque
1540 1104 1704 1145 genera—

157 1153 272 1194 tionis
303 1154 445 1193 seriem
478 1154 644 1204 retexit,
691 1169 713 1195 a
739 1169 813 1209 quo
839 1152 1066 1195 Matthaeus
1091 1170 1260 1197 exorsus
1286 1163 1360 1197 est.
1426 1156 1504 1199 Sed
1533 1167 1570 1199 et
1593 1158 1703 1200 No‘e'-

155 1236 256 1262 mum
280 1229 461 1276 superat,
508 1229 545 1262 et
571 1223 616 1262 ad
640 1223 830 1263 Adamum
856 1224 1056 1278 pervenit3
1102 1231 1143 1264 ut
1165 1238 1249 1265 eum
1276 1226 1337 1279 qui
1361 1225 1506 1280 primus
1532 1227 1702 1268 omnium

155 1291 340 1331 formatus
365 1297 447 1330 erat
472 1290 518 1330 ab
541 1305 588 1331 eo
611 1290 673 1345 qni
699 1306 751 1331 ex
774 1291 875 1332 illius
898 1306 1041 1343 massa,
1076 1292 1189 1332 beata
1211 1293 1388 1334 nimirum
1411 1294 1579 1349 virgine,
1614 1311 1703 1351 pro-

155 1365 316 1413 pagatus
340 1359 479 1410 fuerat,
507 1361 550 1399 ad
573 1360 734 1400 salutem
759 1367 997 1400 monstraret
1019 1375 1106 1401 esse
1129 1362 1361 1415 quaesitum.
1402 1362 1504 1404 Nam
1532 1371 1569 1405 et
1591 1364 1701 1405 huius

153 1426 298 1482 ipsius,
341 1427 405 1482 qui
428 1428 538 1468 fictus
562 1435 622 1469 est
642 1429 856 1483 quondam,
901 1437 939 1469 et
961 1437 1205 1484 posterorum
1230 1430 1351 1484 ipsius
1376 1446 1516 1473 caussa
1540 1433 1703 1473 descen-

154 1495 230 1546 dit,
278 1509 411 1536 eorum
441 1497 632 1537 duntaxat
663 1496 725 1550 qui
751 1497 1012 1552 sempiternae
1039 1498 1142 1538 vitae
1167 1498 1418 1540 hereditatem
1445 1502 1600 1555 assequi
1623 1509 1704 1542 stu-

156 1564 262 1604 dent.
314 1563 477 1605 Demum
501 1579 596 1606 vero
620 1566 809 1605 Adamum
835 1580 985 1620 quoque
1009 1574 1325 1620 praetergressus
1349 1569 1416 1618 ait,
1443 1571 1607 1623 Quz'suit
1626 1573 1697 1610 dei.

270 1631 363 1673 Inde
396 1648 511 1688 porro
538 1634 744 1674 manifesto
769 1641 921 1674 constat
949 1633 1008 1674 dei
1036 1634 1138 1675 illum
1171 1636 1351 1676 extitisse
1376 1636 1514 1688 filium,
1561 1637 1623 1692 qui
1651 1652 1703 1679 ex

156 1700 296 1741 Adami
323 1702 471 1742 semine
497 1703 720 1743 continuata
747 1702 997 1743 successione
1022 1717 1140 1744 carne
1165 1705 1362 1759 praeditus
1387 1705 1558 1746 advenit.
1625 1705 1704 1747 Ve-

154 1783 238 1809 rum
272 1783 320 1810 ne
343 1770 399 1811 sic
425 1770 577 1825 quidem
605 1771 709 1811 caeci
737 1770 911 1812 homines
937 1779 1076 1812 tantam
1104 1772 1227 1812 lucem
1251 1773 1451 1828 percipere
1477 1781 1701 1828 potuerunt,

154 1838 220 1878 sed
261 1838 362 1879 ultro
401 1853 422 1879 a
459 1839 626 1880 veritate
666 1839 894 1880 aberrantes
935 1849 973 1880 et
1004 1855 1179 1881 errorem
1212 1841 1452 1883 asciscentes
1487 1843 1702 1885 catholicae

154 1906 353 1947 doctrinae
377 1907 710 1949 contradicebant.
773 1907 840 1949 Sic
872 1909 973 1949 enim
1001 1909 1257 1950 obiiciebant:
1301 1909 1404 1950 Ecce
1438 1911 1592 1951 tertium
1626 1912 1702 1953 iam

155 1975 398 2031 evangelium
428 1991 450 2017 a
478 1975 589 2017 Luca
625 1977 901 2031 couscriptum.
965 1976 1022 2017 Ea
1049 1979 1186 2033 quippe
1213 1979 1413 2033 provincia
1438 1978 1572 2020 Lucae
1598 1995 1703 2021 com-

154 2043 273 2085 missa
295 2045 359 2085 uni
382 2059 402 2086 e
422 2043 588 2085 LXXlI
611 2045 807 2100 discipulis
828 2060 923 2100 quos
941 2043 1090 2087 Christi
1111 2048 1174 2087 ille
1193 2061 1321 2087 sermo
1339 2048 1562 2102 dissiparat,
1589 2063 1703 2103 quem

154 2112 291 2154 deinde
316 2111 460 2154 Paulus
487 2114 686 2168 apostolus
713 2115 928 2154 revocavit.
994 2114 1095 2156 Huic
1115 2116 1236 2169 igitur
1258 2117 1505 2170 praedicandi
1531 2131 1703 2171 evange—

154 2181 191 2222 lii
216 2197 355 2223 munus
376 2189 436 2223 est
460 2182 669 2223 creditum:
706 2183 818 2236 idque
844 2183 925 2238 ipse
949 2184 1111 2238 primum
1136 2185 1172 2224 in
1200 2183 1408 2234 Dalmatia,
1446 2185 1588 2236 Gallia,
1626 2185 1702 2227 lta-

152 2250 203 2291 lia
227 2258 265 2291 et
286 2249 518 2292 Macedonia
541 2251 757 2306 praestitit3
791 2252 856 2291 sed
880 2252 915 2292 in
941 2253 1067 2292 Gallia
1091 2267 1181 2307 prae
1207 2253 1370 2293 ceteris:
1408 2260 1446 2293 ut
1469 2254 1514 2294 de
1537 2255 1701 2295 nonnul-

152 2319 198 2359 lis
223 2319 428 2361 comitibus
452 2320 532 2360 suis
559 2318 702 2360 Paulus
729 2320 767 2359 in
795 2320 969 2375 epistolis
994 2328 1180 2362 testatur:
1227 2324 1425 2369 Crescens,
1471 2322 1617 2377 inquit,
1663 2326 1700 2363 in

155 2390 292 2428 Gallia.
355 2387 449 2429 Non
472 2389 597 2439 enim,
632 2388 670 2428 in
697 2387 872 2440 Galatia,
906 2390 1110 2444 legendum
1136 2397 1219 2441 est,
1254 2397 1295 2430 ut
1317 2389 1541 2444 quibusdam
1565 2390 1701 2432 imme-

151 2456 226 2498 rito
259 2456 423 2512 placuit,
457 2457 525 2498 sed
557 2457 595 2497 in
629 2454 772 2497 Gallia.

264 2523 342 2566 Sed
377 2532 417 2566 ut
446 2526 490 2566 ad
523 2525 740 2566 institutum
772 2526 943 2566 redeam.
1008 2523 1108 2568 Cum
1136 2525 1267 2567 Lucas
1300 2526 1346 2567 ab
1371 2526 1624 2569 inferioribus
1650 2528 1696 2569 ad

152 2593 352 2649 superiora
378 2593 654 2648 generationes
678 2594 948 2648 perduxisset,
994 2609 1039 2635 ac
1069 2595 1238 2635 divinum
1269 2595 1424 2635 verbum
1453 2609 1473 2636 e
1499 2598 1611 2637 coelo
1634 2597 1699 2637 de-

151 2662 296 2718 lapsum
321 2676 407 2703 esse
429 2662 705 2717 significasset,
739 2661 929 2717 simulque
949 2671 1154 2718 susceptae
1176 2663 1303 2704 carnis
1326 2663 1372 2703 ab
1393 2664 1530 2705 eodem
1553 2672 1699 2720 myste-

151 2730 248 2771 rium
273 2730 486 2785 attigisset,
529 2731 581 2771 uti
607 2744 746 2771 caecos
769 2731 944 2772 homines
970 2732 1015 2772 ab
1043 2745 1178 2772 errore
1203 2739 1430 2782 revocaret,
1466 2733 1538 2773 hoc
1561 2733 1614 2774 illi
1641 2741 1699 2774 ta-

151 2813 239 2840 men
274 2799 428 2853 assequi
458 2798 731 2853 nequiverunt.
796 2798 857 2841 Ob
889 2800 924 2840 id
957 2801 1093 2840 deinde
1120 2798 1278 2853 spiritus
1305 2807 1462 2841 sanctus
1490 2799 1694 2853 loannem,

150 2866 313 2908 invitum
339 2867 427 2908 licet
451 2881 495 2907 ac
520 2867 707 2922 religione
733 2869 894 2923 quadam
923 2875 961 2908 et
984 2867 1099 2908 animi
1124 2867 1391 2908 moderatione
1414 2869 1695 2924 defugientem,

153 2935 198 2975 ad
221 2935 466 2976 scribendum
489 2935 733 2990 evangelium
757 2936 921 2992 impulit,
952 2936 1088 2976 affecta
1110 2935 1184 2975 iam
1206 2942 1350 2988 aetate,
1381 2943 1512 2992 utpote
1535 2937 1598 2993 qui
1620 2938 1696 2978 iam

151 3026 246 3058 ticula
273 3025 352 3069 nal,
376 3029 410 3058 ut
433 3036 511 3067 quae
535 3027 627 3068 facile
650 3037 688 3060 ex
709 3030 814 3069 prima
837 3029 922 3060 vocis
945 3024 1103 3068 κηρύττει
1125 3028 1247 3066 syllaba
1269 3029 1368 3067 potuit
1390 3029 1549 3060 subnasci.

1354 3085 1420 3126 5.

1725 2541 1803 2585 Cap.
1823 2541 1903 2574 XII.
