2030 3324
140 968 229 1013 Κεφ.
248 963 307 1002 νδῖ

165 1861 233 1893 pag.
251 1853 311 1881 w.

319 202 398 240 676
886 204 1049 237 ὃΑΝΟΤΙ
1071 205 1298 239 EPIPHANII

318 301 397 325 των
422 282 463 322 δὲ
493 285 596 322 5τοῦ
617 280 693 335 πρὸ
718 279 841 323 αὐτοῦ
868 283 909 323 ἐν
934 279 1124 334 ἆξιώματι
1147 280 1240 323 ὄντι.
1296 281 1407 324 Ἀλλά
1432 296 1530 336 φησι
1554 280 1580 336 ἦ
1604 279 1760 337 γραφὴ,
1796 282 1865 329 Τίς

320 347 611 402 ὁμοιωθήσεται
632 353 687 405 τῷ
705 351 829 406 κυρίῳ
853 350 895 391 έν
914 350 1017 397 υἱοῖς
1038 353 1159 398 θεοῦ,-
1192 347 1246 397 ὥς
1264 355 1340 390 τῶν
1363 352 1524 392 πάντων
1547 351 1864 404 καταχρηστικῶς

317 418 555 472 λεγομένων,
594 415 739 458 τούτου
766 417 808 458 δὲ
845 415 970 470 μόνου
1005 415 1115 464 ὄντος
1147 418 1237 457 υἱοῦ
1268 416 1367 458 κατὰ
1400 417 1543 470 φύσιν,
1583 418 1649 459 καὶ
1688 415 1735 458 οὐ
1763 412 1862 456 κατά

319 485 451 539 χάριν·
484 484 716 539 ἐπειδήπερ,
750 484 921 540 Ἐφεῦρε
952 488 1080 525 πᾶσαν
1112 481 1206 525 ὁδόν
1229 483 1464 538 ἐπιστήμης,
1504 486 1572 527 καὶ
1606 483 1737 532 ου’δεὶς
1760 481 1864 539 αὐτῷ

320 551 614 605 ἐξισωθήσεται.
671 551 783 593 ’Λλλᾶ
808 555 846 594 τί
874 566 1014 604 φασιν,·
1059 549 1124 592 Ἐν
1156 549 1343 604 ὖψιόματι
1376 549 1552 607 ’ὑπερέχει
1583 550 1606 594 ό
1636 549 1764 606 πατὴρ
1795 554 1866 592 τοῦ

318 623 421 662 υἱοῦ.
475 621 546 661 Ἐν
567 623 668 677 ποίῳ
692 623 827 661 τοίνυν
855 620 962 674 μέρει
985 618 1160 660 τάττεται
1180 616 1223 660 τὸ
1249 624 1384 671 θεῖον,
1416 617 1443 672 ἢ
1462 624 1633 668 τοπικῶς
1656 622 1867 673 περιορίζε-

318 707 400 739 ταις
431 687 520 730 Ἵνα
563 687 647 742 θμὴ
679 686 901 743 περιγραφὴ
934 686 977 729 τό
1011 692 1139 740 μεῖζον
1169 685 1337 744 σημάνῃ.
1400 690 1566 740 Πνεῦμα
1596 685 1670 742 γάρ
1704 684 1726 728 ὁ
1755 683 1864 734 θεός.

320 758 403 797 Καὶν
425 757 466 798 ἐκ
498 754 747 809 πανταχόθεν
772 758 970 797 διαπίπτει
1001 753 1027 808 ἦ
1050 753 1179 796 αὐτῶν
1205 754 1484 807 ἔπινενοημένη
1510 756 1718 808 ξενολογία.
1783 753 1864 794 Καὶ

320 829 434 866 τοῦτο
466 824 508 866 δὲ
545 822 810 879 παρελθόντες
851 824 917 865 ἐπὶ
956 821 1027 871 τοὶς
1067 823 1156 876 ἑξῆς
1194 820 1325 863 αὐτῶν
1361 823 1480 871 λέξεις
1515 823 1657 875 ἴωμεν,
1701 815 1733 862 ὦ
1773 819 1866 876 ἄγα-

320 895 447 946 πητοί.

441 961 546 1002 Φασὶ
579 958 692 1015 γάρ
679 958 740 1001 ότι
765 957 838 1000 οὐκ
862 959 966 1000 ε’στιν
988 956 1011 1000 ό
1034 956 1313 1000 ἀποστέλλων”
1299 956 1438 1010 όμοιος
1461 960 1516 1014 τῷ
1536 954 1866 1012 άποστελλομένῳ,

323 1027 415 1071 omo}
435 1027 549 1077 ἄλλος
570 1029 673 1070 ἐστὶν
701 1025 722 1069 ὁ
745 1024 989 1068 άποστέλλων
1011 1044 1058 1084 τη
1083 1024 1260 1079 δυνάμει,
1289 1027 1356 1067 καὶ
1378 1024 1491 1073 ἄλλος
1513 1026 1618 1066 ἐστὶν
1643 1021 1665 1065 ὁ
1686 1021 1870 1065 ἀποστελ-

321 1097 497 1150 λόμενος,
529 1095 587 1138 ότι
608 1113 627 1137 o
651 1095 720 1149 μὲν
742 1095 900 1148 πέμπει,
923 1092 946 1135 ὁ
969 1094 1010 1135 δὲ
1032 1094 1234 1147 πέμπεται
1278 1094 1355 1134 Καὶ
1378 1095 1412 1134 εἰ
1429 1091 1509 1134 κατ’
1536 1090 1659 1133 αὐτοῦ
1682 1086 1731 1144 ἦν
1750 1089 1777 1144 ἡ
1802 1095 1872 1144 τῆς

323 1165 512 1218 ἀληθείας
534 1162 705 1214 διάνοια,
728 1161 859 1204 οὐκέτι
886 1163 949 1203 ἐπὶ
974 1164 1066 1215 μίαν
1090 1160 1252 1214 ἑνότητα
1275 1159 1463 1213 άληθείας
1492 1161 1558 1201 καὶ
1580 1157 1783 1212 δυνάμεως
1803 1158 1871 1200 καὶ

321 1235 512 1286 θεότητος
528 1230 736 1286 άνεφέρετο
758 1228 783 1283 ἡ
809 1234 917 1270 πᾶσα
941 1234 1008 1282 τῆς
1024 1228 1204 1284 γνώσεως
1225 1227 1430 1277 ὑπόθεσις.
1463 1227 1550 1269 Δύο
1569 1226 1642 1283 γάρ
1666 1225 1871 1268 ἀπαντών-

322 1319 412 1351 των,
444 1299 472 1353 ἢ
501 1301 573 1341 δύο
596 1297 843 1351 πεμπόντων,
876 1296 1008 1338 οὐκέτι
1029 1295 1116 1344 υἱὸς
1147 1294 1280 1345 όυῖὁς
1301 1291 1371 1349 ἦν,
1407 1293 1506 1338 Ῑιῖλλ’
1541 1293 1725 1346 ἀδελφός,
1756 1308 1872 1335 συνα-

325 1370 472 1418 δέλφου
488 1365 691 1416 συνόντος,
709 1363 838 1407 οὐκέτι
855 1363 954 1414 υἱός,
975 1363 1069 1405 ἄλλα
1093 1362 1118 1416 ἢ
1140 1363 1239 1405 κατὰ
1255 1362 1475 1416 συναλιφήν
1497 1361 1523 1416 ἢ
1539 1361 1637 1404 κατα
1652 1365 1871 1413 υἱοθεσίαν,

322 1435 350 1489 ἢ
373 1433 492 1483 αὐτός
514 1431 655 1475 ἑαυτὸν
673 1428 723 1486 ἧν
747 1431 1004 1483 ἀποστέλλων,
1033 1430 1060 1486 ἢ
1082 1434 1122 1474 οἱ
1148 1431 1219 1473 δύο
1243 1430 1326 1485 ἅμα
1344 1430 1640 1480 ἀποστέλλοντες
1659 1429 1685 1484 ἢ
1707 1448 1873 1485 παραγι-

323 1502 502 1555 νόμενοι,
535 1500 607 1543 δύο
637 1500 829 1554 θεότητας
855 1499 1075 1553 ε’σήμανον,
1107 1501 1174 1541 καὶ
1198 1498 1284 1553 οὗχὶ
1316 1502 1409 1553 μίαν
1440 1498 1611 1552 ἑνότητα.
1667 1496 1873 1540 Ἐνταῦθα

324 1566 396 1614 οῦν
418 1568 441 1612 ὅ
467 1568 715 1620 ἀποστείλας,
747 1570 814 1610 καὶ
838 1567 859 1610 ὁ
888 1566 1238 1621 ἀποστελλόμενος,
1269 1569 1335 1609 ἵνα
1357 1570 1462 1625 δείξῃ
1487 1571 1565 1608 τῶν
1587 1564 1749 1608 πάντων
1776 1564 1868 1621 α’γα-

325 1641 413 1680 θῶν
446 1641 538 1691 μίαν
570 1635 670 1679 εἶναι
698 1636 770 1690 τὴν
794 1635 947 1692 πηγὴν,
988 1636 1158 1678 τουτέστι
1193 1634 1262 1677 τὸν
1293 1636 1453 1689 πατέρα.
1514 1637 1699 1687 Καθεξῆς
1729 1634 1772 1675 δὲ
1800 1638 1871 1687 τῆς

323 1710 452 1761 πηγῆς
489 1705 559 1759 οὐχ
595 1704 867 1760 ἓτερωνύμως,
908 1702 1002 1746 ἄλλα
1031 1702 1130 1745 κατά
1161 1707 1234 1745 τοῦ
1270 1705 1363 1744 υἷοῦ
1393 1701 1519 1756 ὄνομα
1557 1703 1622 1744 καὶ
1653 1705 1724 1743 τοῦ
1752 1699 1871 1756 λόγου

327 1773 381 1816 ὦν
414 1776 483 1827 μία
513 1769 619 1828 πηγὴ
645 1774 687 1814 ἐκ
708 1777 836 1828 πηγῆς
862 1770 884 1814 ό
904 1770 992 1820 υἵὸς
1014 1769 1244 1827 προελθών,
1286 1768 1344 1812 ἆεὶ
1370 1769 1425 1812 ὦν
1449 1769 1558 1826 παρά
1587 1774 1641 1827 τῷ
1664 1770 1783 1824 πατρὶ
1811 1785 1872 1824 γε·

331 1842 587 1898 γεννημένος,
619 1841 699 1891 ὅτι,
747 1838 864 1895 Παρά
885 1841 944 1882 σοὶ
969 1838 1076 1894 πηγὴ
1098 1844 1207 1892 ζωῆς.
1270 1839 1351 1880 Καὶ
1374 1840 1441 1880 ἰ’να
1467 1841 1571 1896 δείξῃ
1594 1838 1660 1879 καὶ
1683 1837 1772 1892 περὶ
1801 1840 1872 1878 τοῦ

329 1908 443 1964 ἇγίου
471 1907 715 1962 πνεύματος,
745 1906 812 1949 Ἐν
832 1913 887 1965 τῷ
907 1910 1011 1960 φωτί
1032 1922 1104 1949 σου
1129 1905 1320 1960 ὀψόμεθα
1341 1910 1445 1959 φῶς·
1478 1908 1545 1947 ἵνα
1566 1908 1671 1963 δείξῃ
1697 1909 1784 1958 φῶς
1803 1903 1872 1947 τὸν

328 1978 496 2032 πατέρα,
540 1978 608 2017 καὶ
635 1981 723 2028 φῶς
739 1980 809 2017 τοῦ
839 1974 988 2029 πατρὸς
1015 1973 1114 2016 εἶναι
1133 1973 1203 2016 τόν
1226 1973 1335 2025 υἱὸν,
1377 1975 1445 2016 καὶ
1469 1978 1557 2025 φῶς
1577 1972 1620 2015 τὸ
1644 1976 1798 2026 πνεῦμα
1827 1970 1870 2015 τό

328 2044 466 2100 ἅγιον,
497 2045 563 2085 καὶ
591 2042 722 2099 πηγὴν
743 2045 785 2086 ἐκ
807 2048 958 2099 πηγῆς,
1002 2044 1043 2084 ἐκ
1067 2047 1137 2084 τοῦ
1168 2040 1316 2097 πατρὸς
1347 2043 1414 2083 καὶ
1442 2046 1512 2084 τοῦ
1536 2045 1795 2096 μονογενοῦς,
1827 2038 1870 2082 τό

329 2117 484 2165 πνεῦμα
505 2111 548 2153 τό
575 2111 698 2167 ἅγιον.
762 2112 946 2164 Ποταμοὶ
969 2109 1040 2166 γάρ
1066 2112 1108 2153 ἐκ
1132 2116 1203 2163 τῆς
1224 2113 1372 2158 κοιλίας
1396 2108 1520 2152 αὐτοῦ
1546 2107 1755 2164 ῥεύσουσιν
1777 2107 1872 2150 ῧδα-

327 2197 394 2228 τος
423 2177 634 2232 ἁλλομένου
669 2181 723 2227 εἷς
754 2178 856 2232 ζωήν
889 2178 1061 2220 αἰώνιον.
1108 2177 1245 2234 ’Ἐλεγε
1275 2179 1316 2220 δὲ
1349 2182 1498 2220 2τοῦτο
1531 2177 1621 2232 περὶ
1655 2181 1728 2219 τοῦ
1759 2174 1871 2232 ἁγίου

329 2246 573 2301 πνεύματος,
605 2248 704 2300 φησὶ
728 2245 770 2288 τό
799 2245 1029 2302 εὐαγγέλιον.
1092 2248 1172 2288 Καὶ
1195 2245 1313 2288 πάλιν
1336 2247 1454 2299 φησὶ,
1487 2244 1675 2287 δεικνύων
1699 2250 1782 2294 τοῖς
1804 2242 1872 2286 αὖ·

328 2320 399 2358 τοῦ
428 2321 627 2369 μαθηταῖς
660 2316 749 2370 περὶ
774 2319 844 2368 τῆς
877 2313 977 2370 πρὸς
1002 2314 1072 2356 τόν
1104 2315 1252 2369 πατέρα
1283 2312 1406 2355 αὐτοῦ
1431 2312 1756 2366 ὁμοουσιότητος,
1797 2314 1872 2354 ἔλε-

328 2400 417 2437 γεν,
459 2382 551 2424 Ἐάν
573 2400 630 2431 τις
654 2380 792 2440 οἷνοίξῃ
815 2400 900 2436 μοι,
932 2381 1116 2431 εἰςελθών
1138 2381 1211 2437 ἐγώ
1233 2383 1298 2424 καὶ
1325 2379 1348 2424 ό
1367 2381 1495 2436 πατήρ
1523 2398 1601 2434 μου
1625 2379 1750 2434 μονὴν
1780 2379 1867 2436 παρ’

333 2449 438 2507 αὐτῷ
462 2450 697 2503 ποιήσομεν·
740 2452 804 2492 καὶ
828 2448 959 2492 οὐκέτι
987 2448 1093 2492 εἶπεν
1126 2449 1448 2503 ἄποσταλήσομαι
1482 2447 1591 2491 313πὸ
1623 2453 1694 2490 τοῦ
1723 2446 1874 2503 πατρός

332 2535 431 2571 μου,
465 2517 616 2569 4ἆλλά,
655 2517 754 2573 Ἐγώ
782 2519 850 2560 καὶ
874 2516 896 2559 ὁ
919 2516 1047 2573 πατὴρ
1071 2517 1159 2573 παρ’
1193 2516 1317 2574 αὐτῷ,
1350 2516 1404 2567 ω”ς
1421 2516 1637 2572 κρούοντος
1667 2521 1737 2558 τοῦ
1765 2517 1871 2566 υἱοῦ,

332 2587 399 2626 καὶ
423 2590 494 2627 τοῦ
520 2585 668 2641 πατρός
697 2585 770 2627 σῦν
795 2584 900 2643 αὐτῷ
925 2587 1206 2640 εἰςερχομένου·
1255 2584 1308 2634 ὥς
1331 2584 1393 2627 άεὶ
1419 2584 1541 2636 εἶναι,
1581 2585 1645 2626 καὶ
1679 2584 1873 2638 μηδέποτε

332 2654 521 2695 διαλιπεῖν
543 2655 692 2710 πατέρα
715 2651 795 2696 οἷπό
817 2655 931 2706 υἱοῦ,
960 2655 1026 2695 καὶ
1049 2652 1137 2696 υἱόν
1158 2652 1236 2696 άπὸ
1258 2658 1329 2696 τοῦ
1360 2655 1464 2696 ἰδίου
1486 2651 1645 2708 πατρός.
1704 2648 1778 2692 Διό
1804 2650 1871 2692 καὶ

379 2802 408 2833 5.
434 2802 482 2845 τῷ
518 2805 582 2835 cod.
610 2805 737 2844 Rhediy.
789 2805 959 2836 Carnarius
991 2805 1081 2836 vertit
1126 2805 1232 2843 legisse
1251 2804 1403 2834 evincunt.
1441 2803 1590 2854 Suspicor
1602 2800 1796 2833 scribendum
1810 2808 1872 2832 esse

334 2846 442 2877 minor
466 2859 541 2879 vero
566 2848 615 2879 his
639 2848 694 2891 qui
726 2854 803 2880 ante
835 2848 942 2890 ipsum
971 2848 1003 2879 in
1025 2848 1077 2879 di·
1125 2848 1183 2881 τοῦ
1202 2859 1263 2889 προ
1287 2844 1390 2881 αυτοῦ
1414 2846 1447 2880 ἐν
1469 2841 1634 2899 ἀξιώματι
1658 2856 1760 2882 οντος.

334 2891 460 2932 gnitate
481 2899 576 2930 sunt,
612 2903 691 2932 quae
711 2895 804 2925 verba
833 2903 902 2925 eum
935 2891 1079 2926 ἐλάττων
1171 2892 1200 2925 6.
1229 2894 1347 2932 Scripsi
1375 2903 1422 2934 μη
1447 2887 1636 2932 περιγραφή
1659 2908 1701 2914 ·—
1722 2888 1870 2933 σημάνῃ.

333 2933 371 2968 δε
392 2936 458 2969 τῶι
490 2935 551 2978 πρὸ
586 2934 687 2971 αὐτοῦ
720 2937 753 2972 ἐν
778 2935 946 2980 ἀξιώματι
982 2933 1083 2971 ὄντων
1133 2939 1302 2970 Carnarius
1323 2939 1412 2969 vertit
1438 2942 1474 2966 ut
1501 2934 1760 2977 circumscriptio
1782 2933 1872 2978 quod
