2066 3319
135 542 223 584 Κεφ.
249 540 300 583 ιγ’.

164 1375 230 1403 pag.
250 1369 306 1397 536-

149 1909 237 1952 Κεφ.
259 1906 309 1944 ιδ’.

319 177 398 217 248
880 181 1042 215 SANCTI
1064 183 1287 216 EPIPHANII

320 262 384 303 ἐπὶ
410 258 509 301 πολύ
534 260 763 314 γιγνομένου
786 257 935 314 ἀνάγκη
961 258 1002 301 τό
1036 258 1130 302 αῦτό
1158 265 1269 314 σῶμα
1292 259 1481 303 πλειόνων
1501 257 1728 315 ἀνθρώπων
1754 262 1846 300 πολ-

320 327 432 375 λάκις
463 328 643 382 γενέσθαι
674 328 801 380 μέρος.
868 330 981 376 Τίνος
1005 322 1076 369 οῦν
1098 329 1202 369 ἔσται
1232 333 1344 382 σῶμα
1368 330 1409 371 ἐν
1430 332 1476 386 τῇ
1502 325 1726 377 άναστάσεις
1769 327 1848 367 Καὶ

1006 400 1024 408 ιν

323 394 448 444 οὕτως
479 397 531 444 εἰς
561 393 692 449 βυθόν
723 399 916 451 φλυαρίας
943 413 1048 448 ημας
1079 400 1096 424 ⁶
1114 394 1257 451 άλόγου
1288 395 1523 450 συμβήσεται
1554 396 1767 449 ἐμπίπτειν.

438 532 515 572 Καὶ
539 530 631 585 μετά
654 530 797 580 ταύτας
823 529 890 580 τάς
914 529 1079 587 άπορίας
1102 533 1162 574 ἐπὶ
1188 531 1230 573 τό
1253 533 1379 573 πάντα
1401 531 1547 574 δυνατοὶ
1571 530 1667 574 εἶναι
1689 534 1742 587 τῷ
1766 532 1850 587 θεῷ

323 599 634 655 καταφεύγουσι,
665 601 731 642 καὶ
755 601 871 649 λέξεις
893 604 972 641 τῶν
995 605 1159 655 γραφῶν
1185 600 1404 653 δυναμένας
1429 599 1527 642 κατά
1549 598 1619 653 τήν
1643 596 1851 654 πρόχειρον

324 667 490 721 ἐκδοχὴν
516 665 750 721 ὑποβάλλειν
772 666 814 709 τὸ
842 666 1059 728 νοούμενον
1087 666 1222 716 αὐτοῖς
1250 669 1524 723 προφέρονται.
1588 665 1683 708 Οἷον
1711 663 1782 718 τὴν
1811 666 1852 706 ἐν

323 741 376 793 τῷ
403 734 602 789 Ἰεζεκιήλ·
651 737 729 777 Καὶ
763 737 911 792 ἐγένετο
950 733 1007 778 ἐπ’
1043 736 1118 789 ἐμὲ·
1136 737 1216 791 χεὶρ
1250 739 1409 791 κυρίου,
1450 737 1517 777 καὶ
1550 734 1707 789 ἐξήγαγέ
1737 749 1782 786 με
1811 734 1852 774 ἐν

324 803 536 858 πνεύματι,
566 805 633 846 καὶ
657 805 779 857 ἔθηκέ
802 821 847 857 με
873 806 912 845 ἐν
934 805 1037 862 μέσῳ
1060 806 1217 854 πεδίου,
1247 805 1312 845 καὶ
1333 808 1446 845 τοῦτο
1473 798 1522 857 ἦν
1545 800 1682 856 μεστόν
1708 799 1853 843 ὀστέων

325 870 576 928 άνθρώπων,
615 873 682 914 καὶ
707 871 917 928 περιήγαγὲ
948 889 993 926 με
1024 870 1081 914 ἐπ’
1115 869 1213 912 αύτά
1246 871 1442 914 κυκλόθεν
1466 870 1614 928 κύκλῳ·
1655 870 1721 910 καὶ
1752 867 1852 920 ἰδοῦ,

327 940 449 983 πολλοὶ
475 940 631 995 σφόδρα
653 942 717 982 ἐπὶ
740 939 955 995 προςώπου
983 945 1055 982 τοῦ
1078 942 1234 991 πεδίου,
1266 940 1332 981 καὶ
1353 938 1461 991 ἰδοῦ,
1493 937 1592 980 αὐτά
1623 935 1720 992 ξηροὶ
1750 939 1852 978 λίαν·

325 1010 392 1050 καὶ
425 1007 507 1050 εἶπε
540 1007 638 1065 πρός
666 1026 730 1062 με,
774 1009 843 1051 Υἱὲ
877 1007 1116 1064 ἀνθρώπου,
1148 1009 1182 1048 εἰ
1207 1008 1357 1061 ζήσεται
1390 1005 1436 1048 τά
1468 1005 1579 1048 ὀστέα
1609 1010 1751 1056 ταῦτα,
1788 1005 1855 1046 καὶ

327 1075 463 1128 εἶπον,
497 1076 619 1128 Κύριε
642 1075 665 1118 ὅ
686 1075 782 1126 θεὸς
810 1075 857 1118 σύ
885 1079 1084 1118 ἐπίστασαι
1105 1081 1244 1117 ταῦτα·
1275 1077 1341 1118 καὶ
1366 1073 1448 1116 εἶπε
1472 1073 1571 1130 πρός
1591 1090 1653 1127 με,
1688 1071 1856 1128 Προφή-

327 1160 462 1187 τευσον
484 1146 543 1187 υἱὲ
565 1144 802 1200 άνθρώπου·
833 1147 899 1186 καὶ
924 1143 1031 1186 εἶπον
1049 1143 1148 1199 πρός
1172 1142 1283 1194 αὐτοὶ,
1321 1142 1376 1184 Τά
1398 1142 1512 1184 ὀστέα
1533 1141 1579 1183 τά
1599 1140 1696 1196 ξηρά
1721 1146 1854 1192 ταῦτα,

329 1212 522 1255 ἀκούσατε
550 1213 666 1269 λόγον
696 1216 856 1266 κυρίου·
895 1212 986 1254 τάδε
1019 1213 1116 1267 λέγει
1138 1210 1299 1253 Ἀδοναῒ
1328 1209 1464 1265 κύριος
1493 1216 1574 1258 τοῖς
1599 1208 1748 1258 ὀστέοις
1770 1207 1858 1251 τού-

328 1299 426 1330 τοις·
464 1280 565 1323 Ἷδοῦ
593 1280 666 1336 ἐγώ
701 1280 837 1336 εἰςάγω
867 1282 920 1329 εἰς
952 1278 1056 1332 ’ὑμᾶς
1082 1284 1235 1332 πνεῦμα
1268 1283 1387 1332 ζωῆς,
1427 1279 1493 1319 καὶ
1528 1277 1640 1319 δώσω
1672 1279 1726 1326 εἰς
1755 1275 1859 1330 ῦμᾶς

326 1355 467 1403 νεῦρα,
499 1351 562 1391 καὶ
588 1348 716 1398 ἐπάξω
740 1347 800 1400 ἐφ’
825 1346 928 1401 ῦμᾶς
951 1347 1117 1403 σάρκας,
1147 1348 1214 1388 καὶ
1241 1348 1379 1388 ἐκτενῶ
1411 1344 1471 1397 ἐφ’
1494 1343 1596 1398 ύμᾶς
1621 1346 1762 1400 δέρμα,
1791 1345 1859 1386 καὶ

328 1418 441 1459 δώσω
464 1417 506 1459 τὸ
534 1415 688 1469 πνεῦμά
719 1433 795 1469 μου
827 1414 887 1467 ἐφ’
911 1413 1034 1468 ύμᾶς,
1065 1415 1131 1455 καὶ
1158 1413 1340 1468 ζήσεσθε,
1369 1414 1435 1454 καὶ
1457 1412 1632 1466 θήσομαι
1663 1410 1765 1466 ὑμᾶς
1795 1413 1858 1454 ἐπὶ

326 1484 396 1538 τήν
420 1490 493 1540 γῆν
522 1483 652 1538 ὑμῶν,
682 1486 748 1526 καὶ
776 1483 975 1539 γνώσεσθε
1006 1482 1065 1524 ὅτι
1097 1483 1174 1537 ἐγώ
1202 1484 1279 1536 εἶμι
1309 1480 1456 1536 κύριος.
1523 1480 1656 1538 Τούτῳ
1687 1481 1756 1534 μὲν
1786 1475 1860 1522 οῦν

329 1554 586 1610 πιθανωτέρῳ
609 1558 774 1608 χρῶνται
798 1557 850 1609 τῷ
872 1555 988 1609 ῥητῷ.
1036 1552 1114 1591 Καὶ
1137 1549 1230 1591 ἄλλα
1251 1550 1292 1591 δὲ
1310 1551 1488 1604 λέγουσιν
1507 1546 1743 1604 εῦαγγελικά,
1774 1546 1862 1590 οἷον

332 1621 384 1670 ὥς
416 1620 480 1673 τὸ,
510 1620 615 1662 Ἐκεῖ
642 1623 744 1663 ἔσται
770 1619 793 1663 ὅ
825 1618 1030 1673 κλαυθμὸς
1052 1620 1117 1661 καὶ
1141 1616 1162 1660 ὁ
1184 1616 1359 1673 βρυγμὸς
1387 1622 1465 1659 τῶν
1488 1615 1679 1668 ὀδόντων,
1709 1617 1776 1658 καὶ
1803 1615 1861 1669 τὸ,

335 1690 552 1744 Φοβήθητε
584 1688 653 1731 τόν
680 1688 897 1743 δυνάμενον
929 1689 995 1729 καὶ
1029 1685 1162 1741 ψυχὴν
1192 1687 1258 1728 καὶ
1287 1691 1397 1739 σῶμα
1433 1684 1617 1727 οἷπολέσαι
1646 1686 1687 1727 ἐν
1716 1686 1862 1743 γεέννῃ,

330 1760 396 1800 καὶ
422 1757 464 1799 τὸ
495 1760 536 1800 ἐν
560 1763 612 1815 τῷ
636 1757 805 1815 Παύλῳ,
841 1755 1087 1810 Ζωοποιήσει
1109 1753 1155 1796 τά
1177 1753 1289 1808 ὑμῶν
1311 1754 1489 1808 σώματα,
1521 1751 1586 1795 διά
1609 1751 1652 1795 τό
1685 1754 1863 1795 ἐνοικοῦν

332 1824 455 1868 αὐτοῦ
483 1831 636 1880 πνεῦμα
667 1827 708 1868 ἐν
737 1823 841 1878 ύμῖν.

451 1893 539 1949 Χρὴ
570 1895 611 1936 δὲ
634 1893 762 1936 πάντα
790 1892 858 1935 τόν
885 1892 1086 1946 φιλαλήθη
1109 1890 1191 1934 κατ’
1222 1889 1370 1933 Ῑαῦτόν
1395 1889 1546 1938 τούτοις
1567 1887 1636 1931 τὸν
1657 1893 1753 1931 νοῦν
1783 1890 1863 1931 ε’πι-

333 1962 526 2016 στήσαντα
550 1964 638 2017 περὶ
662 1968 730 2015 τῆς
753 1960 997 2010 ἀναστάσεως
1020 1959 1307 2016 ἀγωνίσασθαι,
1342 1964 1362 1988 ‘²
1377 1961 1498 2000 σῶσαί
1523 1974 1563 1999 τε
1592 1958 1659 1999 καὶ
1687 1956 1758 2011 τήν
1788 1962 1865 1999 τῶν

336 2029 507 2084 άρχαίων
537 2029 773 2084 παράδοσιν,
813 2031 876 2071 καὶ
907 2028 1157 2082 φυλάξασθαι
1191 2031 1368 2082 ἐμπεσεῖν
1395 2029 1448 2076 εἰς
1479 2028 1674 2082 φλυαρίαν
1703 2030 1866 2079 πτωχῶν

336 2098 565 2152 νοημάτων,
598 2097 801 2140 α’δυνάτων
824 2115 861 2139 τε
885 2097 964 2150 ἅμα
995 2099 1061 2139 καὶ
1086 2102 1186 2139 θεοῦ
1218 2095 1397 2146 ἀναξίων.
1462 2099 1585 2136 Τοῦτο
1616 2089 1688 2136 οῦν
1718 2095 1772 2142 εἷς
1799 2092 1866 2136 τόν

336 2166 458 2209 τόπον
485 2169 735 2221 διαληπτέον,
767 2166 827 2208 ὅτι
851 2171 930 2207 πᾶν
959 2170 1071 2219 σῶμα
1093 2164 1170 2207 ύπό
1197 2164 1351 2218 φύσεως
1377 2162 1631 2216 συνεχόμενον
1653 2166 1722 2215 τῆς
1750 2179 1864 2203 κατα-

339 2235 552 2289 ταττούσης
575 2237 724 2286 ἔξωθέν
745 2253 828 2276 τινα
849 2237 960 2287 δίκην
980 2238 1130 2288 τροφῆς
1154 2236 1208 2282 εἰς
1229 2231 1321 2274 αύτὸ
1336 2268 1345 2284 ,
1376 2233 1441 2273 καὶ
1465 2229 1757 2285 άποκρινούσης
1781 2228 1866 2271 άντὶ

339 2310 416 2346 τῶν
451 2305 755 2360 ἐπειςαγομένων
786 2304 916 2356 ἕτερα,
949 2301 1073 2357 ὥςπερ
1104 2300 1150 2343 τά
1176 2307 1253 2343 τῶν
1285 2304 1420 2353 φυτῶν
1449 2300 1516 2341 καὶ
1546 2303 1624 2340 τῶν
1657 2296 1786 2349 ζώων,
1822 2296 1865 2339 vd

340 2372 476 2415 ύλικόν
497 2372 756 2426 ὑποκείμενον
777 2370 964 2413 οὐδέποτε
987 2372 1061 2423 ἔχει
1081 2369 1233 2411 ταύτόν.
1293 2368 1443 2423 Διόπερ
1470 2365 1518 2409 ού
1541 2371 1673 2415 κακῶς
1692 2364 1867 2419 ποταμός

343 2440 564 2494 ω’νόμασται
586 2440 628 2483 τό
655 2445 788 2493 σῶμα,
819 2438 919 2481 διότι
943 2436 994 2486 ὥς
1018 2436 1118 2492 πρὸς
1138 2437 1179 2479 τὸ
1205 2436 1360 2493 ἀκριβὲς
1382 2436 1478 2490 τάχα
1500 2434 1592 2477 οῦδὲ
1614 2433 1684 2476 δύο
1712 2432 1868 2490 ἡμερῶν

339 2508 382 2551 τό
410 2516 564 2564 πρῶτον
589 2507 845 2562 ὑποκείμενον
876 2505 1018 2548 ταῦτόν
1043 2507 1145 2547 ἐστιν
1170 2507 1210 2547 ἐν
1239 2511 1292 2563 τῷ
1317 2504 1463 2559 σώματι
1495 2501 1626 2557 ἡμῶν,
1656 2505 1722 2544 καί
1745 2505 1804 2544 τοί
1826 2519 1867 2558 γε

342 2582 410 2619 τοῦ
433 2576 518 2619 οἷον
539 2577 565 2631 ἢ
588 2576 752 2618 Παύλου
773 2575 800 2629 ἢ
825 2576 978 2630 Πέτρου
1003 2572 1062 2615 ἀεὶ
1086 2579 1155 2615 τοῦ
1181 2572 1303 2615 αὐτοῦ
1327 2572 1458 2623 ὄντος,
1489 2570 1537 2613 οῦ
1560 2576 1631 2613 τοῦ
1660 2568 1760 2612 κατά
1790 2581 1867 2623 ψυ-

341 2645 412 2700 χήν
447 2651 463 2674 ³
479 2645 625 2699 μόνου,
664 2640 714 2698 ἧς
737 2642 763 2698 ἦ
785 2642 898 2686 οὐσία
923 2640 1011 2684 οὔτε
1036 2643 1098 2697 ῥεῖ
1125 2641 1217 2683 καθ’
1240 2641 1362 2696 ἡμᾶς,
1404 2638 1484 2683 οὔτ’
1509 2637 1804 2694 ἐπειςαγόμενόν
1832 2655 1866 2680 τι

390 2773 421 2805 6.
446 2770 567 2815 α’λόγου
591 2774 762 2805 emendatio
785 2776 826 2804 est
849 2771 996 2803 Galaheri
1019 2771 1038 2800 l.
1061 2771 1081 2800 l.
1129 2771 1247 2800 sincera
1283 2771 1340 2800 sit:
1387 2769 1553 2809 „Oportet
1595 2764 1664 2796 veri
1706 2770 1870 2796 amantem

348 2820 443 2857 Vulqo
477 2823 559 2850 extat
592 2816 744 2860 ἀλόγους.
805 2819 933 2850 Petavio
968 2816 1086 2855 placuit
1132 2825 1290 2868 quemque
1316 2812 1404 2856 apud
1424 2823 1459 2843 se
1493 2807 1581 2852 (κατ’
1604 2806 1703 2844 αυτὸν
1727 2812 1773 2842 vel
1795 2807 1869 2844 κατ’

348 2860 489 2905 ἀλόγως.
1133 2856 1251 2898 αυτὸν,
1276 2869 1350 2890 nam
1374 2859 1523 2889 utrumvis
1543 2857 1617 2897 ferri
1634 2857 1768 2896 potest),
1798 2855 1869 2887 istis

395 2910 471 2940 CAP.
491 2909 580 2940 XIV.
605 2929 650 2933 -—
698 2908 725 2940 1.
749 2910 889 2947 Frustra,
912 2907 1009 2946 inquil
1023 2907 1088 2937 Ga
1132 2904 1186 2935 ubi
1210 2903 1349 2935 animum
1372 2901 1528 2934 adiecerit
1551 2903 1642 2933 θεαί(
1690 2902 1870 2933 Coniectura

349 2955 472 2985 taherus
505 2956 523 2984 l.
559 2957 597 2994 l.‚
631 2956 785 2986 lectionem
817 2955 895 2985 hanc
924 2952 1088 2983 sollicitant
1134 2945 1206 2982 κατ’
1239 2945 1367 2990 αὐτῶν,
1403 2957 1459 2988 pro
1492 2942 1564 2980 κατ’
1595 2942 1715 2988 αυτὸν,
1749 2948 1871 2979 Pelavii

349 2995 421 3034 κατ’
446 2995 554 3034 αὐτῶν
579 3001 800 3039 adscribendo,
837 3008 905 3030 cum
935 2999 1089 3037 scriptura
1134 2998 1187 3027 est.
