2066 3319
474 171 652 204 PANARH
676 171 758 204 [ΑΒ.
780 171 819 204 Π.
845 171 951 206 ΤΟΜ.
973 173 1012 205 11.
1037 172 1168 205 HAER.
1190 173 1294 207 LXV.
1568 165 1639 204 391

123 265 210 292 esse
234 250 296 305 qui
324 256 472 306 potest,
509 251 570 304 qui
594 264 787 304 nunquam
810 251 861 292 sit.
880 252 1058 305 genitus?
1117 250 1255 293 Filium
1286 266 1379 293 vero
1411 252 1646 306 unigenitum

123 326 258 370 νοοίης
292 332 339 359 ne
363 318 394 358 is
428 324 536 373 pater
561 318 830 370 existimetur,
864 327 928 360 aut
956 336 1002 360 ne
1029 320 1171 371 verbo,
1206 321 1303 374 quod
1329 322 1366 361 in
1395 320 1559 361 hominis
1590 328 1649 360 est

124 394 304 443 pectore,
344 386 437 426 deus
467 386 625 426 verbum
660 387 795 427 similis
832 401 918 428 esse
955 389 1146 429 credatur.
1209 386 1321 441 Quod
1357 390 1456 428 enim
1489 388 1646 430 verbum

123 455 283 506 dieitur,
316 454 351 495 id
375 469 420 495 eo
445 454 507 506 fit,
542 468 589 494 ue
614 454 697 508 quis
718 469 739 494 a
763 455 821 495 dei
844 457 962 510 patris
985 456 1200 496 substantia
1223 456 1388 496 alienum
1414 471 1499 497 esse
1523 456 1648 511 suspi-

121 531 244 564 cetur.
306 521 445 577 Neque
479 523 637 563 verbum
670 522 757 562 illud
795 523 1047 564 subsistentia
1082 531 1209 573 caret,
1253 525 1319 564 sed
1359 538 1403 564 ea
1435 525 1646 579 praeditum

120 599 200 642 est;
233 591 331 646 quod
356 590 412 630 liis
436 590 565 630 verbis
593 590 829 631 declaratum
880 594 1098 643 t'mgene'tas
1124 594 1258 643 plenus
1279 596 1430 642 gratiae
1453 601 1489 631 et
1512 596 1647 632 verita·
1663 597 1850 633 tonantum.

119 663 179 699 tis.
245 657 365 700 Vides
391 673 500 713 quam
528 659 656 699 multis
682 659 885 713 praesidiis
912 660 988 699 vita
1014 666 1145 699 nostra
1171 659 1387 699 muniatur?
1447 658 1525 699 lum
1553 675 1647 701 vero

119 727 218 782 quod
248 727 433 782 seriptum
464 735 546 776 est,
583 730 697 766 Deam
722 743 824 766 nenio
847 730 938 766 vidit
959 742 1140 780 unquam,
1179 726 1278 767 hune
1302 742 1410 768 usum
1439 727 1574 779 habet,
1608 735 1649 768 ut
1686 728 1824 791 ¹4¹230n·

118 803 262 851 patrem
287 795 447 850 eiusque
472 795 710 835 divinitatem
736 795 890 835 minime
917 795 986 835 sub
1009 802 1203 850 aspectum
1231 795 1369 834 cadere
1395 802 1645 846 monstraret,
1714 784 1720 797 ’
1776 786 1781 791 ’

120 879 193 918 quo
221 863 433 904 divinitatis
457 877 574 914 suae,
609 877 705 917 quae
728 877 796 918 per
817 877 971 903 earnem
994 862 1226 917 apparebat,
1262 863 1371 903 {idem
1396 871 1604 904 astrueret.

229 930 354 986 Quam
378 932 493 972 multa
518 938 719 986 praeterea
743 931 789 971 ad
815 945 897 971 eain
931 945 1009 971 rem
1047 932 1367 986 comprobandam
1401 931 1527 985 colligi
1560 945 1648 986 pos-

116 1007 227 1051 sunt,
262 1007 300 1040 et
321 1000 507 1041 adversus
535 997 824 1040 Samosatensis
846 999 1033 1040 insaniam
1061 1000 1218 1040 afferri?
1278 999 1432 1040 Etenim
1460 999 1493 1040 si
1517 999 1554 1039 in
1582 1013 1647 1054 pa-

117 1076 174 1109 tre
198 1076 326 1120 esset,
359 1067 675 1123 quemadmodum
709 1066 872 1107 hominis
899 1067 936 1107 iu
963 1068 1078 1108 eorde
1111 1068 1295 1119 verbum,
1330 1068 1482 1122 quinam
1510 1068 1647 1108 adesse

116 1136 251 1192 potuit,
285 1142 398 1190 atque
424 1150 475 1176 ex
502 1135 657 1191 propria
684 1135 938 1190 intelligentia
961 1136 1229 1190 sententiaque
1251 1137 1380 1191 loqui?
1421 1136 1519 1177 Cum
1545 1135 1645 1176 enim

116 1205 161 1246 ad
191 1204 395 1259 discipulos
426 1218 518 1245 suos
542 1204 660 1245 verba
693 1205 861 1254 faceret,
896 1203 945 1243 ita
972 1204 1090 1244 dixit:
1138 1207 1212 1255 Qui
1233 1208 1323 1244 vicli(
1352 1220 1425 1252 me,
1461 1207 1554 1243 vidit
1576 1219 1644 1256 pa·
1657 1210 1848 1246 Ioann.14‚9.

117 1282 222 1313 trem.
287 1270 379 1313 Non
408 1273 526 1323 dixit,
562 1276 644 1324 Ego
669 1287 747 1311 sum
776 1280 900 1324 pater,
936 1273 1003 1313 sed
1031 1287 1111 1313 vox
1136 1275 1199 1312 Me
1229 1273 1267 1313 in
1299 1281 1406 1329 patre
1437 1272 1643 1327 significat.

115 1340 254 1396 Neque
282 1354 375 1382 vero
405 1341 524 1390 dixit,
559 1339 644 1395 Ego
671 1354 754 1381 sum
777 1341 865 1391 ille,
899 1341 989 1392 sed,
1036 1344 1129 1380 Veni
1157 1345 1193 1381 in
1225 1345 1370 1381 nomine
1396 1345 1520 1394 patris
1550 1344 1848 1390 mei;10aun.8,18.

117 1417 177 1450 et:
211 1412 282 1449 Hie
306 1417 361 1448 est
384 1413 451 1462 qui
471 1412 713 1449 testimonium
742 1410 915 1461 perbibet
935 1412 979 1448 de
999 1425 1066 1448 me.
1133 1408 1226 1450 Item
1259 1410 1305 1450 de
1328 1410 1467 1464 spiritu
1491 1417 1642 1460 sancto,

116 1480 245 1518 Alium
272 1480 503 1529 paracletum
531 1481 670 1516 mittam
706 1478 814 1517 vobis.
878 1477 1156 1518 Animadverte
1189 1479 1506 1532 quemadmodum
1539 1479 1847 1519 voci-1oann-1azss.

115 1546 187 1587 bus
221 1545 296 1586 illis
330 1552 480 1596 utatur,
515 1548 662 1585 Mittam
691 1548 804 1584 altum
842 1552 880 1586 et
907 1548 1011 1597 Ego,
1046 1560 1121 1600 quo
1154 1553 1193 1586 et
1222 1553 1368 1601 patrem
1403 1555 1438 1587 et
1470 1547 1644 1603 spiritum

116 1621 290 1655 sanetum
324 1628 394 1655 sua
423 1621 626 1668 utrumque
654 1621 833 1655 constare
860 1615 1017 1654 doceret
1048 1613 1261 1669 hypostasi.
1323 1618 1392 1655 Ille
1421 1631 1476 1655 me
1503 1617 1849 1667 clm-fi-loauu.1e‚u.

115 1684 232 1730 cabil,
269 1682 321 1723 ait
347 1683 391 1723 de
417 1682 552 1738 spiritu
576 1690 710 1723 sancto
734 1682 919 1736 loquens,
952 1686 1038 1735 quia
1060 1685 1103 1722 de
1125 1698 1201 1722 meo
1227 1687 1395 1736 accipiet.
1461 1682 1646 1737 Qualem-

116 1765 202 1791 nam
225 1758 351 1792 autem
378 1751 480 1791 illum
507 1751 624 1791 facit?
685 1754 796 1801 Quia
819 1759 930 1803 patre
954 1754 1145 1803 procedit,
1181 1751 1324 1806 iuquit,
1357 1760 1393 1792 et
1410 1755 1454 1792 de
1476 1767 1552 1792 meo
1582 1767 1644 1791 ae-

114 1823 237 1872 cipiet.
304 1817 527 1872 Quinetiam
560 1818 636 1859 alio
663 1820 698 1859 in
733 1819 838 1870 loco,
871 1823 954 1859 Duo
983 1822 1187 1869 leontinum,
1222 1820 1297 1871 ait,
1333 1824 1537 1860 testimonia
1566 1829 1642 1860 sla·
1661 1815 1808 1878 {2³1¹ssss

115 1889 228 1936 burm
261 1894 321 1938 et,
355 1890 438 1939 Ego
462 1891 705 1927 testimonium
726 1888 885 1940 praebeo
906 1891 950 1927 de
970 1891 1119 1940 meipso,
1155 1895 1215 1937 et,
1255 1891 1511 1928 Testimonium
1529 1904 1641 1941 prae—

113 1958 174 1996 bet
193 1959 238 1996 de
261 1971 316 1996 me
339 1959 406 2009 qui
421 1959 521 1995 misit
542 1971 596 1995 me
611 1964 735 2008 pater.
802 1954 927 2009 Quam
952 1956 1067 1996 multa
1094 1963 1183 1997 sunt
1206 1971 1366 1998 numero
1394 1957 1550 1998 totidem
1577 1958 1642 1998 ad-

113 2038 235 2079 eoque
269 2024 376 2079 plura
404 2024 652 2065 testimonia?
712 2022 816 2064 Eece
850 2024 917 2065 tibi
943 2024 998 2065 sie
1022 2024 1086 2065 ille
1115 2025 1275 2079 quodam
1305 2025 1344 2066 in
1374 2027 1460 2067 loco
1493 2033 1638 2066 narrat.

114 2095 301 2146 Confiteor
328 2094 398 2132 tibi
420 2101 530 2145 paler
557 2096 700 2132 domine
730 2095 825 2132 coeli
851 2108 894 2132 ac
921 2101 1064 2141 terrae,
1099 2097 1268 2146 quoniam
1299 2095 1530 2134 abscondisti
1550 2097 1639 2134 haec
1668 2094 1777 2158 {⁴¹⁸2}

112 2176 134 2202 α
157 2163 386 2214 sapientibus
407 2170 445 2201 et
467 2163 735 2214 prudentibus,
770 2168 807 2200 et
826 2163 1004 2201 revelasti
1024 2176 1065 2200 ett
1093 2164 1286 2214 parvulis:
1321 2166 1372 2202 ita
1399 2171 1522 2215 pater,
1553 2177 1641 2215 quo·
1709 2151 1716 2164 ’
1768 2151 1773 2156 ’

112 2233 209 2270 niam
230 2234 285 2270 sie
304 2232 484 2282 placitum
509 2238 564 2269 est
588 2238 674 2269 ante
702 2238 748 2269 te.
814 2233 942 2270 Omnia
963 2232 1056 2269 milli
1080 2233 1218 2270 tradita
1241 2239 1329 2270 sunt
1357 2245 1379 2270 (ι
1403 2239 1514 2283 patre
1544 2245 1634 2278 meo,

113 2306 149 2338 et
176 2314 279 2338 nemo
302 2303 405 2338 novit
423 2301 553 2351 filium
585 2302 662 2338 nisi
684 2306 817 2351 putem·
850 2307 886 2338 et
909 2307 1053 2351 patrem
1081 2314 1184 2338 nemo
1212 2303 1314 2339 novit
1344 2302 1421 2338 nisi
1434 2301 1570 2351 filius,
1605 2309 1642 2340 et

113 2371 177 2406 cuz·
189 2369 303 2420 filius
326 2370 566 2407 revelaverit.-
602 2369 804 2415 Revelasti,
839 2367 981 2422 inquit,
1015 2381 1057 2406 ea
1074 2370 1268 2419 parvulis,
1304 2374 1365 2417 et,
1400 2370 1527 2407 Omnia
1552 2371 1644 2408 milii

114 2438 251 2476 tradita
271 2445 359 2476 sunt
379 2451 401 2475 α
419 2444 531 2488 patre
550 2450 641 2483 n1e0,
678 2442 717 2476 ut
738 2436 982 2491 peregrinam
1007 2435 1053 2476 ab
1075 2436 1157 2476 istis
1180 2435 1437 2489 excogitatam
1460 2436 1637 2491 loquendi

114 2503 300 2546 rationem
332 2504 587 2559 praecideret.

224 2572 370 2628 Aspice
401 2587 501 2613 nunc
536 2572 624 2626 quid
660 2572 814 2613 humani
844 2573 1001 2627 generis
1035 2572 1214 2613 assiduus
1245 2572 1365 2612 hostis
1396 2572 1569 2614 diabolus
1599 2573 1638 2614 in
1665 2575 1824 2619 Cup.vtt.

111 2656 244 2684 eorum
276 2640 414 2682 animis
448 2641 663 2696 pepererit,
697 2641 795 2695 quod
823 2641 929 2682 velut
958 2641 1059 2682 illius
1086 2641 1211 2681 afflatu
1247 2640 1381 2695 perciti
1415 2642 1638 2696 pronuntia-

113 2717 212 2751 rent.
262 2708 365 2751 Nam
390 2710 578 2750 adversus
600 2707 665 2749 illa
688 2722 851 2764 purgare
875 2723 962 2750 sese
985 2709 1139 2750 student
1161 2707 1340 2750 Iudaicae
1360 2710 1552 2765 opinionis
1574 2725 1637 2751 sa-

114 2779 276 2829 tellites,
310 2777 616 2833 quandoquidem
645 2777 711 2818 lux
736 2777 798 2819 illa
819 2778 1041 2827 doetrinae,
1075 2790 1170 2831 quae
1196 2776 1233 2817 in
1261 2777 1400 2819 divinis
1423 2779 1636 2834 evangeliis

114 2904 238 2936 Petavio
266 2905 401 2945 praeivit
425 2904 594 2935 Cor-narius
614 2906 731 2935 vertens
755 2913 850 2934 voces
899 2905 936 2935 At
959 2903 1102 2934 Peion-ius
1126 2902 1221 2933 edidit
1245 2898 1296 2936 ὅτι
1320 2900 1358 2936 ἐκ
1377 2904 1434 2937 τοῦ
1458 2903 1551 2947 ἐμοῦ.

115 2948 263 2986 Mittam,
288 2955 322 2980 et
345 2948 471 2987 Alium,
498 2955 530 2980 et
555 2949 635 2991 Ego.
941 2950 972 2979 4.
1005 2949 1051 2980 lta
1076 2948 1144 2978 libri
1173 2956 1246 2979 mss.
1275 2951 1303 2979 et
1330 2949 1377 2981 ed.
1395 2959 1444 2991 pr.
1491 2951 1636 2983 Petavius

158 2992 188 3026 3.
222 2995 273 3027 sic
303 2995 373 3026 libri
402 3004 498 3026 manu
533 2996 654 3026 exarati
681 2998 708 3026 et
733 2995 778 3026 ed.
801 3003 849 3034 pr.
898 2994 993 3024 edidit
1016 2991 1073 3025 καὶ
1098 2990 1134 3025 ἐκ
1158 2991 1214 3026 τοῦ
1241 2990 1333 3035 ἐμοῦ.
