2066 3319
493 204 673 236 ΡΑΝΑΒΠ
698 203 781 236 LIB.
802 204 841 236 11.
865 204 974 237 ΤοΜ.
995 205 1033 237 u.
1057 205 1188 236 HAER.
1209 203 1327 237 vai.
1599 195 1679 236 433

144 283 218 325 iani
242 283 441 338 imperium
468 284 671 337 superfuit.
734 281 943 324 Praeteriit
965 292 1002 324 el
1031 283 1190 325 lacobus
1218 284 1360 338 primus
1387 283 1681 339 Hierosolymo-

144 366 227 393 rum
251 351 478 407 episcopus,
516 352 577 406 qui
606 353 726 392 frater
755 353 895 392 domini
926 354 1218 407 cognominatus
1243 361 1323 401 est,
1361 353 1503 407 l'uilque
1533 351 1681 407 losoplii

144 420 258 470 filius,
294 428 330 460 el
354 421 400 460 ab
425 434 471 460 eo
496 435 579 460 cum
605 421 689 460 aliis
716 422 896 461 l'ratribus
920 435 968 461 ex
994 436 1117 462 uxore
1139 436 1206 461 sua
1230 429 1448 476 susceptus.
1514 419 1684 474 Quibus-

143 502 226 528 cum
260 488 442 529 fratribus
474 489 650 529 dominus
678 497 810 529 noster
836 488 943 529 lesus
968 488 1148 530 Clu-istus
1171 504 1190 529 e
1216 488 1343 529 Maria
1371 490 1520 540 virgine
1547 504 1685 529 serun-

143 557 229 596 dum
256 571 412 597 caruem
443 564 555 597 natus
581 557 629 597 ila
655 566 832 598 versatus
860 566 917 598 esi
943 567 978 598 ul
1006 560 1089 599 illos
1118 560 1275 598 fratrum
1311 558 1466 598 haberet
1497 559 1604 607 loro,
1641 573 1685 597 ac

143 624 314 665 vicissim
342 640 475 665 eorum
501 627 620 666 frater
641 627 915 681 appellarelur.
980 625 1125 666 Morini
1152 633 1355 680 praeterea
1380 634 1465 666 sunl
1489 634 1527 666 et
1551 641 1686 666 omnes

144 695 265 733 sancti
295 691 421 733 lacobi
450 694 486 733 in
519 694 578 734 illa
612 695 799 749 dignitate
833 696 1028 749 collegae,
1065 708 1216 748 unaque
1251 709 1334 734 eum
1371 695 1416 735 iis
1449 702 1487 734 rt
1512 694 1685 749 Symeon

145 758 343 816 Cleopliae
378 762 500 817 patrui
539 763 638 803 illius
678 778 723 804 ac
764 762 914 818 loseplii
954 764 1084 803 fratris
1124 762 1237 802 lilius.
1303 762 1477 816 Quorum
1517 764 1685 803 omnium

145 836 316 884 tempora
351 831 569 885 seriemque
603 832 862 882 subiecimus,
898 831 969 872 lioc
1001 839 1057 871 est
1084 829 1447 885 Hierosolymorum
1483 833 1686 886 episi-opos

144 911 279 938 omnes
303 897 365 953 qui
394 897 532 940 lacobo
558 908 850 950 successerunt,
887 915 958 940 una
987 914 1070 939 eum
1095 900 1367 954 imperatorum
1396 900 1615 940 nominibus
1642 901 1687 939 ud

144 966 348 1007 Aureliani
375 966 568 1023 Probique
602 976 797 1023 tempora,
832 968 969 1023 quibus
992 967 1133 1008 Manes
1165 982 1367 1022 emergere
1392 969 1539 1021 eoepit,
1576 969 1688 1007 liomo

142 1032 291 1085 Persa,
326 1050 346 1076 a
379 1051 453 1091 quo
487 1037 764 1078 absurdissima
798 1038 859 1078 illa
895 1036 1069 1077 doctrina
1103 1038 1201 1077 edita
1232 1044 1292 1077 est
1325 1044 1362 1077 et
1395 1037 1431 1076 in
1465 1037 1596 1077 orbem
1631 1038 1688 1076 iu-

144 1105 335 1145 troducta.

349 1243 585 1275 ELENCHUS
612 1243 915 1275 Episcopossml
941 1243 1374 1275 HIEROSOLYMITANO
1383 1243 1487 1277 RUM.

336 1310 368 1352 l.
416 1310 597 1362 Iacobus,
633 1313 694 1368 qui
722 1314 819 1354 susle
845 1327 984 1354 caesus
1007 1311 1295 1368 Hierosolymis
1321 1312 1550 1368 martyrium
1576 1311 1684 1363 obiit,
1716 1316 1795 1359 Cap·
1812 1315 1895 1348 XX.

416 1395 538 1435 usque
571 1382 616 1421 ad
647 1380 867 1422 Neronem.

318 1447 369 1489 ll.
420 1448 617 1505 Symeon,
653 1451 715 1505 qui
746 1451 816 1491 sub
841 1449 1014 1491 Traiano
1045 1450 1083 1490 in
1116 1464 1270 1491 crucem
1301 1457 1411 1491 actus
1443 1458 1518 1492 est.

296 1515 371 1558 ΙΙΙ.
423 1517 550 1559 ludas.

300 1584 373 1626 IV.
424 1586 652 1628 Zacharias.

320 1654 372 1696 V.
424 1655 588 1696 Tobias.

300 1722 373 1765 Vl.
423 1722 645 1765 Beniamin.

277 1790 371 1833 Vll.
421 1791 590 1834 Ioannes
623 1793 667 1834 ad
701 1807 840 1834 anuum
875 1793 1063 1834 decimum
1097 1808 1240 1835 nonum
1268 1793 1448 1835 Traiani.

257 1859 371 1902 Vln.
419 1860 625 1904 Matthias.

295 1928 372 1971 IX.
419 1929 636 1986 Philippus.

314 1997 370 2040 X.
421 1997 591 2041 Seneca.

297 2066 376 2109 ΧΙ.
424 2066 576 2120 Iustus,
610 2069 657 2110 ad
683 2068 848 2109 Adriani
881 2075 1069 2123 tempora.

275 2135 376 2178 Xll.
425 2135 564 2179 Levis.

255 2203 375 2246 Xlll.
426 2205 610 2261 Vaphris.

254 2272 374 2315 XIV.
424 2273 541 2316 losis.

271 2341 368 2384 XV.
420 2341 559 2395 Iudas,
593 2344 640 2384 ad
672 2343 915 2384 undecimum
949 2357 1091 2384 annum
1119 2342 1326 2383 Antonini.

561 2411 636 2453 Hie
667 2426 719 2453 ex
752 2412 1046 2453 circumcisione
1078 2412 1186 2452 fuere
1215 2410 1582 2466 Hierosolymorum
1617 2410 1696 2466 epi-

481 2481 604 2537 scopi.
668 2480 733 2522 Ex
765 2481 972 2536 gentilibus
1005 2494 1100 2523 vero
1133 2480 1196 2535 qui
1228 2485 1465 2534 sequuntur:

256 2547 376 2591 XVl.
424 2548 601 2591 Marcus.

235 2617 375 2660 XVII.
425 2616 656 2661 Cassianus.

217 2686 378 2729 XVllI.
427 2686 603 2729 Publius.

257 2754 378 2798 XlX.
426 2755 645 2797 Maximus.

203 2906 233 2938 5.
259 2901 431 2948 ἅνδριανοῢ
456 2907 545 2938 codd.
570 2916 642 2938 mss.
673 2909 700 2937 et
731 2907 778 2937 ed.
806 2908 904 2946 princ.
996 2903 1027 2936 6.
1052 2901 1206 2946 Ἔφραΐμ
1232 2905 1356 2943 Nic-eph.

160 2952 212 2982 Sic
243 2953 326 2991 infra
360 2953 444 2984 haer.
469 2952 534 2992 69,
558 2955 591 2984 2.
624 2948 814 2993 ’Δνδριανὸν
847 2961 905 2992 pro
998 2949 1028 2982 7.
1054 2946 1189 2991 Ἰωσήφ
1215 2951 1340 2988 Niceph.

158 2993 341 3038 Ἀδριανόν,
998 2994 1028 3026 ὅ.
1054 2997 1138 3027 Libri
1161 3004 1264 3026 omnes
1288 2991 1475 3029 Ἀντωνίου.

237 3050 352 3088 Corpus
370 3051 549 3081 Haereseol.
567 3051 605 3080 11.
625 3054 650 3081 2.
1375 3055 1428 3096 28
