2066 3319
552 189 734 222 PANARH
757 188 898 221 1218.st
922 188 1029 221 ΤΟΜ.
1050 189 1074 221 1.
1096 188 1227 221 ΗΑΕΒ.
1249 188 1357 220 Lxu.
1644 180 1726 220 213

186 269 284 311 ritus
314 268 438 311 sancti
470 268 726 309 divinitatem.
787 266 891 308 Nam
921 281 1046 321 neque
1078 268 1246 323 seipsum
1281 268 1379 309 filius
1414 268 1569 323 genuit,
1604 282 1729 324 neque

186 345 318 394 pater,
354 344 394 378 ut
421 343 526 377 esset
551 336 674 387 filius,
710 349 797 376 esse
829 342 940 390 pater
971 335 1109 385 desiit,
1145 350 1269 389 neque
1293 337 1452 391 spiritns
1479 344 1638 378 sanctus
1665 351 1726 378 se-

184 406 309 462 ipsum
346 418 512 459 unquam
549 401 748 445 Christum
783 402 1012 459 appellavit,
1055 404 1122 443 sed
1158 403 1331 458 spiritum
1366 402 1538 455 Christi,
1582 420 1626 446 ac
1658 419 1727 461 per

184 472 384 515 Christum
419 472 766 522 communicatum,
809 472 1082 526 procedentem
1119 485 1140 511 a
1176 478 1309 526 patre,
1351 479 1388 511 et
1419 473 1672 528 accipientem
1705 489 1727 515 a

183 542 275 583 filio.
327 540 558 582 Subsistens
583 548 642 580 est
664 547 789 595 pater,
816 540 1033 580 subsistens
1059 538 1174 589 filius,
1210 538 1429 579 subsistens
1453 542 1610 595 spiritus
1636 556 1726 582 sau-

183 617 283 651 ctus.
346 607 424 650 Sed
448 623 524 649 non
551 608 730 649 confusio
753 608 937 662 quaedam
963 614 1023 648 est
1046 606 1215 657 trinitas,
1250 606 1303 647 uti
1324 605 1520 648 Sabellins
1544 610 1722 660 credidit,

181 692 254 718 nec
280 677 325 718 ab
349 677 581 718 aeternitate
605 691 673 717 sua
704 676 906 731 gloriaque
933 676 1176 725 demutatur,
1210 681 1251 715 ut
1274 675 1396 716 Arius
1420 676 1629 717 vanissime
1658 678 1725 718 do-

180 746 273 787 cuit.
337 742 415 786 Sed
445 745 598 786 trinitas
625 752 811 800 perpetuo
838 743 992 784 trinitas
1020 743 1110 793 fuit,
1145 756 1217 783 nec
1242 743 1277 784 ei
1304 743 1506 798 quicquam
1539 746 1721 796 accessit,

180 829 266 855 cum
294 827 368 854 una
400 813 449 854 sit
474 813 682 863 diviuitas,
718 826 794 853 una
820 812 1054 863 dominatio,
1089 825 1162 852 una
1189 812 1445 867 praedicanda
1473 812 1724 854 celebranda-

179 896 251 937 que
274 881 412 937 gloria.
478 880 623 922 Eadem
650 881 898 921 nihilominus
923 880 1074 920 trinitas
1102 886 1342 930 numeratur,
1378 888 1503 935 pater,
1537 881 1652 931 filius,
1686 890 1725 922 et

177 950 336 1006 spiritus
358 957 538 1001 sauctus3
574 964 650 990 non
679 956 719 990 ut
741 948 842 989 idem
871 955 985 1003 atque
1009 963 1124 989 unum
1148 948 1288 1003 triplici
1312 949 1572 1004 appellatione
1595 950 1723 990 decla-

177 1026 301 1069 retur,
336 1019 402 1059 sed
427 1019 600 1073 perfecta
626 1031 764 1058 revera
793 1016 950 1057 nomina
974 1024 1079 1068 sunt,
1113 1018 1388 1073 perfectaeque
1413 1031 1620 1073 personae,
1655 1032 1723 1059 ne-

177 1101 250 1142 que
276 1086 452 1142 quiddam
480 1086 630 1127 varium
663 1086 765 1126 inest
787 1099 832 1125 ac
859 1085 1072 1126 diversum.
1136 1084 1254 1126 Pater
1285 1086 1367 1141 ipse
1401 1093 1587 1141 perpetuo
1613 1093 1724 1142 pater

177 1156 323 1207 extitit,
359 1169 431 1195 uec
456 1154 571 1195 ullum
595 1168 761 1208 unquam
787 1161 936 1209 tempus
962 1154 1030 1194 l'uit
1053 1169 1127 1208 quo
1152 1161 1262 1208 pater
1283 1169 1358 1195 non
1387 1161 1507 1196 esset.
1557 1153 1723 1211 Semper

175 1224 278 1265 enim
307 1224 501 1279 perlectus
524 1223 588 1263 ille
613 1229 724 1278 pater
748 1229 830 1273 est,
865 1229 979 1277 atque
1005 1222 1240 1273 subsistens,
1274 1230 1314 1263 ut
1337 1230 1375 1263 et
1397 1224 1593 1278 perfectus
1619 1237 1722 1264 sem-

175 1306 243 1347 per
265 1292 379 1343 filius,
414 1304 644 1347 semperque
670 1290 905 1341 subsistens,
941 1304 1034 1331 vere
1057 1305 1078 1331 a
1104 1298 1211 1345 patre
1234 1291 1406 1346 genitus,
1441 1291 1586 1347 absque
1610 1292 1720 1333 initio

173 1367 302 1401 tamen
325 1374 370 1400 ac
393 1367 590 1415 tempore,
624 1372 748 1413 eoque
772 1359 909 1411 modo,
945 1373 1057 1414 quem
1077 1360 1178 1400 nulla
1202 1360 1400 1416 explicare
1424 1368 1551 1416 potest
1574 1361 1716 1402 oratio.

172 1427 266 1469 Non
289 1428 322 1468 is
347 1428 467 1483 patris
486 1428 594 1468 velut
617 1440 827 1481 germanus
852 1428 972 1468 frater
993 1435 1068 1478 est,
1104 1442 1175 1468 nec
1200 1441 1289 1469 esse
1312 1429 1439 1483 coepit
1463 1444 1628 1484 unquam
1653 1437 1721 1470 aut

173 1496 378 1551 aliquando
403 1496 539 1546 desiit,
573 1496 641 1536 sed
664 1494 859 1550 legitimus
884 1502 1070 1551 perpetuo
1098 1496 1197 1537 filius
1222 1503 1304 1548 est,
1339 1498 1516 1538 existens
1539 1513 1623 1538 cum
1652 1513 1719 1553 pa-

174 1571 256 1615 tre,
290 1564 336 1604 ab
361 1578 483 1619 eoque
508 1565 592 1605 sine
618 1572 791 1619 tempore
814 1565 991 1618 genitus,
1026 1565 1222 1620 aequalis,
1257 1566 1352 1605 deus
1379 1579 1431 1606 ex
1458 1566 1552 1617 deo,
1588 1567 1717 1607 lumen

173 1633 218 1673 de
243 1632 410 1683 lumine,
445 1633 539 1673 deus
565 1646 682 1673 verus
718 1633 764 1673 de
795 1633 868 1673 deo
895 1647 1012 1684 vero,
1053 1634 1206 1688 genitus
1234 1647 1309 1674 non
1339 1641 1510 1674 creatus.
1574 1633 1716 1689 Neque

171 1708 299 1742 tamen
333 1708 397 1742 aut
427 1701 510 1757 ipse
543 1707 652 1756 pater
681 1707 764 1752 est,
801 1708 867 1742 aut
900 1708 1010 1756 pater
1035 1701 1119 1757 ipse
1152 1702 1267 1742 filius.
1331 1702 1390 1742 Ac
1417 1703 1449 1742 si
1480 1703 1575 1743 deus
1607 1709 1717 1758 pater

171 1776 252 1821 est,
286 1776 325 1810 et
357 1769 457 1810 filius
489 1769 619 1824 utique
652 1769 750 1820 erit,
785 1777 823 1810 et
853 1769 1012 1825 spiritus
1043 1778 1218 1811 sanctus.

284 1835 450 1893 Semper
483 1838 583 1878 enim
609 1852 694 1877 cum
721 1845 829 1893 patre
858 1837 1011 1893 filioque
1041 1838 1201 1894 spiritus
1227 1846 1309 1891 est3
1343 1854 1419 1880 non
1449 1840 1568 1895 patris
1592 1840 1712 1881 veluti
1741 1841 1819 1887 Cap.
1841 1843 1896 1875 lv.

172 1907 315 1958 frater,
350 1921 426 1947 non
452 1906 606 1961 genitus
631 1912 695 1946 aut
721 1913 897 1958 creatus,
932 1921 1008 1947 non
1040 1907 1104 1947 filii
1130 1908 1274 1958 frater,
1310 1922 1386 1948 uon
1419 1908 1540 1963 patris
1573 1922 1709 1964 nepos,

169 1975 236 2016 sed
265 1989 286 2015 a
310 1981 416 2030 patre
440 1975 672 2030 procedens,
707 1984 746 2014 et
772 1975 967 2030 accipiens
989 1989 1010 2016 a
1032 1976 1124 2028 filio,
1160 1991 1181 2016 a
1203 1984 1313 2031 patre
1339 1977 1494 2032 filioque
1520 1992 1595 2018 non
1619 1978 1713 2018 alie-

170 2057 263 2095 nus,
299 2057 433 2084 verum
461 2043 595 2084 eadem
618 2057 670 2083 ex
694 2043 931 2094 substantia,
966 2044 1178 2099 eademque
1204 2045 1431 2097 divinitate,
1466 2060 1515 2086 ex
1539 2053 1648 2101 patre
1675 2053 1713 2086 et

168 2112 268 2163 filio,
303 2119 447 2152 etcum
473 2119 582 2167 patre
609 2125 654 2152 ac
676 2112 754 2152 filio
776 2112 994 2153 subsistens
1026 2126 1181 2168 semper
1207 2113 1366 2168 spiritus
1396 2121 1579 2165 sauctus,
1615 2115 1712 2155 divi—

169 2194 241 2221 nus
267 2180 442 2236 spiritus,
476 2180 624 2235 gloriae
647 2180 821 2234 spiritus,
856 2181 1002 2222 Christi
1028 2181 1202 2237 spiritus,
1238 2182 1357 2237 patris
1381 2182 1555 2238 spiritus.
1607 2181 1709 2223 Nam

168 2252 327 2302 spiritus
345 2252 470 2302 patrzls·
490 2252 559 2302 qui
578 2252 615 2288 in
641 2250 741 2288 vobe's
762 2252 953 2302 loquitur:
988 2257 1049 2301 et,
1083 2253 1250 2303 sz're'lets
1273 2266 1374 2291 meus
1396 2256 1433 2291 in
1457 2255 1573 2292 medio
1597 2254 1714 2290 vestrl
1729 2230 1841 2298 diffidi

168 2321 352 2358 consistit.
416 2315 522 2358 ldem
553 2331 671 2373 porro
699 2317 954 2372 appellatione
989 2318 1151 2370 tertius,
1192 2319 1394 2361 divinitate
1426 2319 1598 2375 aequalis
1631 2327 1706 2371 est,
1729 2302 1799 2335 Agg'
1820 2301 1845 2334 λ’
1865 2301 1890 2327 δ’

170 2386 263 2427 nihil
289 2400 309 2426 a
332 2392 440 2442 patre
463 2386 617 2441 filioque
640 2387 887 2441 discrepans,
922 2386 1107 2428 trinitatis
1130 2402 1280 2439 nexus,
1316 2389 1575 2429 consessionis
1602 2388 1709 2443 sigil-

167 2455 259 2496 lum.
325 2452 392 2496 Sic
417 2454 518 2495 enim
544 2455 643 2496 filius
667 2455 860 2510 loquitur:
893 2458 978 2508 Ego
1002 2464 1040 2495 et
1067 2465 1178 2509 patet·
1202 2473 1312 2497 unum
1335 2473 1474 2496 sumus.
1538 2456 1631 2498 Non
1652 2459 1915 2498 di-1⁰²¹¹¹¹·¹⁰=³⁰·

166 2524 248 2574 xit‚
287 2526 388 2564 enus
409 2539 510 2573 sum,
546 2524 614 2564 sed
641 2523 736 2564 haec
760 2523 896 2575 verba,
930 2527 1014 2576 Ego
1035 2533 1209 2577 etpater,
1246 2540 1352 2567 suam
1378 2526 1476 2581 patri
1500 2539 1706 2582 personam

167 2593 402 2644 convenire,
437 2606 623 2648 suamque
656 2592 733 2633 tilio
761 2593 995 2648 significant.
1060 2592 1169 2635 Duos
1194 2595 1322 2649 itaque
1357 2594 1595 2647 nominavit,
1629 2610 1705 2637 non

168 2675 285 2702 unum
307 2661 420 2702 dixit.
484 2659 607 2702 Item:
647 2664 763 2701 L'tmm
786 2677 934 2711 smnus,
970 2677 1071 2714 non,
1111 2666 1211 2704 Unus
1231 2678 1324 2702 sum.
1390 2661 1579 2704 Similiter
1599 2672 1637 2705 et
1663 2665 1706 2705 il-

167 2730 228 2770 lud
254 2730 478 2786 usurpavit,
526 2733 670 2770 Euntes
698 2731 887 2782 baptizate
911 2735 948 2771 z'n
971 2736 1116 2772 nomine
1135 2735 1279 2784 patris,
1315 2740 1352 2770 et
1362 2734 1458 2783 filli,
1493 2740 1530 2772 et
1548 2736 1705 2786 spiritus
1729 2735 1839 2798 {2³¹³}

165 2802 300 2838 sancti.
366 2797 439 2840 Ubi
473 2801 559 2840 dum
584 2799 770 2840 articulus
801 2799 865 2840 ille
897 2803 968 2841 τοῦ
999 2808 1058 2842 ter
1087 2801 1274 2856 repetitus
1298 2806 1335 2839 et
1367 2800 1593 2842 interiectus
1625 2809 1701 2853 est,
1772 2792 1780 2805 '
1834 2792 1839 2797 ⁸

167 2863 378 2918 Sabellius,
413 2867 475 2922 qui
500 2876 578 2909 tres
599 2868 638 2908 in
661 2882 777 2908 unum
801 2882 991 2924 personas
1015 2869 1230 2917 confundit,
1265 2866 1456 2909 Matthaei
1481 2871 1703 2911 testimonio

168 2934 437 2989 redarguitur,
471 2951 556 2977 cum
580 2937 613 2978 is
636 2951 730 2978 vere
759 2944 931 2992 patrem,
966 2951 1138 2991 vereque
1162 2937 1301 2987 lilium,
1336 2951 1381 2978 ac
1406 2952 1498 2979 vere
1526 2939 1700 2994 spiritum
