2066 3319
511 189 690 223 PANARH
717 190 800 221 LIB.
825 190 866 221 ΙΙ.
893 190 999 222 ΤΟΜ.
1023 191 1046 221 l.
1073 189 1204 222 HAER.
1228 190 1350 222 LXIV.
1627 179 1702 219 301

163 269 247 325 gari
279 268 564 322 instaurarique
600 269 745 323 possit,
781 269 1069 310 exundantibus
1099 270 1259 310 {lammis
1288 268 1467 309 incendio
1493 268 1707 321 conflagra-

163 338 243 388 bit,
278 351 355 376 non
390 343 517 376 tamen
546 336 720 377 interibit
743 352 786 377 ae
809 345 1079 392 corrumpetur
1109 338 1281 378 omnino.
1347 336 1500 377 Etenim
1534 337 1564 377 si
1598 350 1708 376 mun-

163 407 251 447 dum
277 419 353 445 non
378 418 466 444 esse
492 419 604 458 qnam
633 419 720 445 esse
747 405 883 445 melius
908 414 992 456 est,
1027 421 1096 446 eur
1121 407 1219 460 quod
1249 405 1420 445 deterius
1446 413 1505 445 est
1527 404 1706 444 mundum

166 473 390 514 fabricando
425 473 520 513 dens
552 473 716 526 eligeret
744 488 788 513 ae
823 474 965 514 l'rustra
991 490 1086 529 opus
1120 475 1209 514 illud
1245 474 1502 527 produceret?
1562 472 1707 525 Quam-

164 541 296 582 obrem
321 548 362 581 ut
385 548 520 581 essent
544 555 589 581 ae
622 548 847 592 manerent,
882 543 1056 582 conditas
1081 557 1100 582 a
1128 556 1169 581 se
1196 555 1260 581 res
1286 542 1380 581 dens
1415 541 1637 590 eonstituit3
1672 540 1708 579 id

164 610 263 664 quod
294 607 497 664 Sapientia
532 609 735 649 confirmat
767 610 824 650 liis
857 610 1011 650 verbis:
1055 613 1203 649 Creavz't
1235 613 1329 648 enim
1362 618 1403 647 a!
1433 618 1554 648 essen!
1585 612 1706 648 omnia
1726 620 1834 655 Sapo,
1857 620 1894 646 14.

162 681 251 717 deus
263 708 275 726 ,
309 685 345 717 et
370 679 558 717 salutares
586 685 676 716 sun!
708 681 839 717 nmmli
861 682 1145 729 generationes,
1188 693 1254 716 nee
1284 686 1340 715 est
1372 681 1408 716 iu
1442 681 1519 717 illis
1550 681 1707 717 mediea-

162 754 321 786 mentum
343 749 462 785 eoeitii.
525 743 599 786 Cui
627 753 665 786 et
691 745 894 801 perspicue
920 744 1066 786 Paulus
1087 745 1359 800 adstipulatur,
1395 746 1482 785 dum
1510 746 1561 785 ita
1589 745 1709 800 loqui-

163 822 250 855 tur:
283 817 380 854 Nam
405 817 614 866 eoepeetalio
637 822 836 853 creaturae
857 817 1116 854 revelationem
1138 816 1315 865 filioram
1339 817 1402 853 dei
1417 823 1610 866 eapeelat:
1647 830 1708 853 oa·
1730 826 1813 854 Rom.
1825 827 1851 860 e,
1875 827 1914 852 ω.

161 886 277 922 nitate·
307 886 402 922 elzz'm
437 891 614 922 creatura
641 884 807 921 subiecta
841 890 915 930 est,
959 898 1032 922 non
1066 885 1211 930 voleus,
1255 885 1322 921 sed
1347 890 1504 934 propter
1533 898 1613 921 eum
1646 887 1713 935 qui

162 952 323 990 subiecit
340 966 418 991 eam
446 954 483 990 in
507 966 592 1003 spe,
627 953 727 1002 qaod
751 959 789 990 et
808 954 888 1003 ipsa
913 959 1090 990 ereatura
1118 952 1341 990 liberabitur
1371 965 1393 989 (1.
1417 955 1596 990 servitute
1626 966 1709 990 eor—

164 1023 352 1072 rupte'om‘s
385 1023 422 1059 ile
453 1021 660 1058 libertatem
689 1021 838 1070 gloriae
861 1021 1037 1071 filiorum
1065 1022 1147 1059 dei.-
1185 1023 1203 1058 l
1212 1023 1354 1058 'am'tate'
1372 1023 1505 1072 qnippe
1535 1028 1710 1059 ereatura

162 1089 328 1128 subiecta
352 1096 428 1136 est,
465 1087 533 1128 ait.
597 1086 659 1127 Ab
697 1087 768 1127 hae
801 1102 917 1142 porro
950 1088 1140 1128 servitute
1174 1087 1376 1128 liberatum
1414 1088 1458 1127 iri
1492 1096 1708 1128 ereaturam

165 1163 370 1211 expectat,
405 1171 479 1210 qno
504 1155 659 1196 nomine
685 1156 867 1196 mundum
895 1156 995 1196 buno
1025 1156 1246 1210 significare
1268 1157 1420 1197 volunt.
1482 1155 1574 1196 Non
1608 1156 1709 1196 enim

164 1238 260 1279 qnae
287 1225 409 1265 videri
445 1232 663 1279 nequeunt,
707 1224 773 1265 sed
809 1224 904 1265 haee
935 1239 1031 1279 quae
1064 1224 1313 1280 aspectabilia
1346 1231 1436 1265 sunt
1466 1224 1711 1279 corruptelae

163 1294 355 1334 serviunt.
418 1291 555 1333 Manet
582 1292 700 1347 igitur
733 1300 913 1333 ereatura
946 1292 1145 1333 meliorem
1179 1293 1215 1333 in
1249 1300 1392 1333 statum
1427 1294 1712 1333 decentiorem-

165 1376 238 1417 que
264 1369 477 1412 renovata,
511 1362 803 1402 resurreetione
827 1369 984 1416 propter
1009 1362 1068 1401 dei
1094 1362 1193 1402 filios
1223 1362 1399 1416 gaudens
1431 1369 1469 1401 et
1501 1361 1708 1412 exultans,

165 1444 326 1485 quorum
350 1431 478 1485 gratia
499 1433 710 1482 ingemiseit
733 1438 768 1468 et
795 1434 969 1482 parturit
990 1434 1116 1477 modo,
1156 1430 1460 1485 redemptionem
1484 1437 1657 1471 nostram
1691 1445 1711 1470 a

169 1499 418 1553 corruptione
441 1498 522 1552 ipsa
550 1498 725 1552 eorporis
750 1505 988 1552 expectans,
1024 1506 1064 1538 ut
1090 1513 1175 1538 eum
1198 1513 1268 1538 nos
1292 1513 1313 1538 a
1337 1498 1499 1539 mortuis
1527 1499 1712 1539 fuerimus

166 1567 327 1608 excitati
357 1581 401 1607 ae
434 1567 705 1607 mortalitatem
741 1566 870 1607 earnis
903 1567 1222 1617 excusseriinus,
1269 1582 1337 1622 pro
1368 1581 1414 1607 eo
1447 1582 1491 1607 ae
1524 1568 1710 1623 seriptum

168 1643 249 1687 est,
282 1638 431 1675 Eoeezcte
460 1638 647 1687 pulverem
681 1643 718 1674 et
748 1650 955 1687 consurge,
989 1638 1074 1674 sede
1102 1638 1328 1683 Ierusalem,
1375 1651 1538 1690 eumque
1570 1652 1591 1676 a
1624 1651 1712 1692 pee-
1730 1651 1800 1680 lsai.
1814 1653 1856 1687 52,
1873 1654 1897 1681 2.

167 1711 253 1745 cato
289 1703 455 1744 libertati
492 1703 702 1753 fuerimus,
745 1718 765 1742 a
797 1704 1046 1758 corruptione
1086 1704 1167 1758 ipsa
1202 1718 1354 1758 quoque
1394 1705 1596 1755 liberetur,
1641 1719 1711 1745 nee

166 1773 240 1812 iam
266 1772 449 1823 vanitati,
484 1772 549 1812 sed
574 1771 743 1812 iustitiae
766 1773 928 1813 serviat.
992 1776 1139 1811 Scimus
1162 1775 1257 1812 enim
1279 1775 1378 1825 quod
1398 1776 1515 1812 omnis
1535 1781 1711 1812 creatura
1731 1785 1855 1822 nonne,
1875 1785 1916 1813 2².

166 1843 397 1893 zbzgemzkeit,
441 1848 477 1879 et
501 1843 673 1892 parturit
705 1855 819 1893 usque
847 1843 990 1880 adlzae:
1035 1856 1107 1880 non
1144 1843 1262 1880 solum
1293 1849 1437 1889 autem,
1484 1844 1550 1881 secl
1578 1850 1617 1881 et
1644 1857 1711 1882 nos

161 1913 355 1962 primitias
386 1912 544 1961 spiritus
569 1910 744 1948 habentes
758 1940 767 1957 ,
803 1917 841 1948 et
861 1913 936 1962 ipsi
956 1913 993 1949 ite
1018 1911 1124 1949 uobis
1156 1913 1246 1962 ipsis
1264 1913 1437 1961 geminus
1461 1913 1706 1962 adoptionem,

165 1985 404 2031 expectantes
426 1980 710 2029 redemptionem
733 1983 902 2030 eorporis
923 1982 1056 2018 nostri.
1123 1975 1181 2018 lta
1207 1985 1246 2018 et
1271 1977 1433 2019 Esaias:
1470 1982 1710 2030 Qaemadmo·
1730 1992 1855 2028 lsai.66,
1874 1995 1916 2021 22.

166 2049 251 2086 dum
273 2050 389 2094 emm,
424 2045 571 2100 inquit,
606 2049 746 2085 eoelum
767 2062 898 2086 noram
922 2055 960 2087 et
985 2055 1086 2086 terra
1111 2061 1226 2095 nova,
1262 2061 1356 2099 qaae
1380 2063 1449 2099 ego
1471 2050 1594 2101 facio,
1634 2064 1710 2088 ma-

166 2123 256 2155 nent
280 2130 405 2155 coram
434 2130 509 2163 me,
545 2118 639 2154 (licit
658 2118 850 2162 dominas,
892 2119 947 2155 sie
976 2119 1051 2155 erit
1073 2131 1194 2155 semen
1218 2123 1402 2165 vestram,
1436 2125 1475 2156 et
1496 2133 1625 2157 nomen
1652 2133 1710 2157 ve-

165 2192 300 2224 strum.
363 2184 423 2224 Ae
445 2198 624 2223 rursum:
660 2186 726 2223 Sic
748 2187 841 2223 dicit
860 2187 1028 2224 dominus
1051 2188 1119 2237 qui
1133 2187 1235 2238 sec-it
1257 2187 1397 2224 eoelum
1410 2216 1420 2234 ,
1455 2188 1516 2225 llic
1540 2190 1608 2238 qui
1635 2194 1708 2225 ter·
1728 2198 1854 2235 lsamzv,
1873 2201 1914 2227 ιε.

166 2267 246 2292 ram
271 2255 456 2300 condidit,
491 2260 529 2291 et
546 2254 648 2305 feeit
670 2254 795 2291 illam.-
837 2256 915 2305 ipse
939 2256 1117 2293 discrevit
1136 2256 1260 2301 illam,
1295 2269 1368 2293 noli
1393 2258 1430 2293 in
1458 2269 1588 2294 vamme
1600 2286 1610 2303 ,
1644 2258 1712 2295 sed

167 2330 210 2361 ut
238 2323 440 2362 habitetur.
505 2319 607 2361 Nam
631 2334 770 2361 revera
798 2336 873 2362 non
901 2323 1042 2363 frustra
1067 2329 1182 2376 atque
1211 2322 1380 2363 inaniter
1409 2330 1444 2362 et
1477 2323 1521 2363 ad
1547 2322 1709 2364 exitium

167 2404 219 2431 ex
246 2389 575 2445 ineptissimorum
601 2389 796 2430 hominum
823 2391 1004 2446 opinione
1037 2397 1158 2431 totum
1186 2391 1256 2431 hoe
1285 2391 1510 2431 universum
1542 2392 1712 2432 condidit

169 2459 287 2511 dens,
330 2459 397 2499 sed
435 2466 475 2499 ut
510 2465 638 2510 esset,
682 2466 721 2498 et
755 2459 1016 2511 habitaretur,
1057 2467 1171 2514 atque
1207 2466 1467 2515 permaneret.
1533 2458 1642 2501 Unde
1673 2468 1712 2501 et

168 2533 309 2568 terram
339 2541 502 2568 neeesse
530 2534 589 2567 est
614 2534 650 2568 et
675 2528 823 2568 coelum
852 2536 936 2583 post
960 2529 1060 2569 illam
1088 2543 1218 2568 rerum
1243 2528 1410 2568 omnium
1441 2528 1710 2582 conflagratio-

169 2610 255 2637 nem
287 2603 402 2650 atque
436 2603 585 2636 aestum
618 2596 808 2637 existere.
873 2595 955 2639 Cur
982 2605 1109 2638 autem
1136 2597 1189 2637 ita
1218 2597 1298 2636 lieri
1330 2610 1492 2637 neeesse
1520 2597 1590 2648 sit,
1625 2598 1709 2639 lon-

167 2701 252 2731 tamt.
302 2701 371 2731 voc.
391 2699 446 2732 νῦν
468 2702 662 2732 antemna
687 2702 771 2732 abest
796 2710 816 2732 α
838 2703 915 2733 Gaz—
1012 2701 1060 2732 15.
1087 2710 1209 2743 φησιν,
1234 2695 1255 2732 ἃ
1278 2697 1345 2740 ἐγώ
1367 2700 1450 2732 ποιῶ
1478 2702 1625 2732 Gazzand.

168 2746 253 2778 land.
1014 2746 1059 2777 16.
1086 2743 1178 2778 κενὸν
1210 2743 1362 2785 [ἐποίησε
1388 2741 1507 2788 αὐτὴν]
1543 2743 1626 2779 ἀλλὰ
1649 2758 1708 2779 κα-

217 2792 266 2824 11.
293 2789 344 2825 διὸ
369 2792 452 2822 edidi
467 2793 670 2822 Gallandium
685 2795 814 2823 secutus.
845 2794 916 2824 Vul-
962 2792 1147 2824 τοικεῖσξαι
1191 2788 1346 2831 [ἔπλασεν
1382 2787 1515 2834 αύτήν].
1574 2787 1709 2829 ’Ὄντως

168 2839 244 2876 gata
262 2839 417 2876 scriptura
438 2840 480 2868 est
503 2833 544 2870 δι’
566 2831 634 2874 οὓς.
964 2838 1110 2868 Galland.

220 2882 268 2914 ¹¹2.
294 2881 380 2925 [καὶ]
407 2879 545 2915 κάξῑισον
571 2883 718 2914 Galland.
1011 2881 1060 2915 17.
1087 2880 1238 2922 πάντων,
1264 2880 1321 2914 καὶ
1345 2893 1372 2914 τ.
1393 2883 1442 2925 βρ.
1468 2881 1608 2916 ἕσεσὲΐαι
1633 2886 1708 2915 Gal-

219 2926 267 2958 13.
295 2929 393 2959 Verba
417 2927 566 2969 Οἴδαμεν
590 2946 609 2950 -
633 2945 653 2951 -—
676 2927 733 2961 τοῦ
760 2925 916 2971 σώματος
962 2929 1047 2960 land.
1087 2929 1184 2959 Verba
1208 2925 1269 2960 Διὰ
1290 2926 1322 2960 τί
1343 2945 1359 2950 -
1374 2945 1394 2950 -
1417 2926 1557 2971 φθοράν.
1577 2939 1637 2961 non
1655 2939 1707 2961 ατ-

171 2969 269 3014 ἠμών
291 2983 352 3004 non
375 2974 461 3005 habet
486 2975 633 3005 Galland.
962 2978 1027 3005 tant
1051 2983 1101 3013 ap.
1127 2974 1273 3005 Galland.

220 3016 269 3050 14.
293 3014 441 3057 Ἡσαΐας
465 3017 522 3061 δὲ,
548 3015 582 3052 ὃν
609 3021 756 3052 Galland.
