2066 3319
159 392 226 421 pag.
246 384 304 412 457.

137 1610 224 1653 Κεφ.
243 1607 298 1642 λε’.

161 2717 228 2744 pag.
248 2709 305 2736 458.

331 227 408 266 110
890 233 1050 265 SANCTI
1075 233 1298 265 EmPHANn

325 316 427 366 γελεῐ
450 323 532 359 σοι,
562 306 654 357 τούς
677 309 966 364 πρεσβυτέρους
995 325 1067 352 σου
1100 312 1164 352 καὶ
1200 312 1333 365 ἐροῦσί
1360 325 1439 352 σοι·
1474 309 1568 352 ’Ότε
1600 310 1807 364 διεμέριζεν
1838 308 1860 351 ὁ

330 377 499 429 ὕψιστος
521 378 641 430 ἔθνη,
674 374 727 424 ῶς
750 377 966 432 διέσπειρεν
994 377 1107 426 υἱούς
1129 377 1272 431 Ἀδοὶμ,
1304 381 1456 431 ἔστησεν
1480 378 1568 433 ὅρια
1600 380 1730 420 ἐθνῶν
1759 376 1859 419 κατὰ

328 444 501 499 οῗριθμόν
526 443 697 500 οἷγγέλων
721 450 836 486 θεοῦ·
866 447 933 486 καὶ
958 445 1126 500 ἐγενήθη
1151 447 1259 499 μερὶς
1281 449 1419 498 κυρίου
1448 446 1540 495 λαός
1564 444 1684 487 αύτοῦ
1706 444 1858 498 Ἰακώβ,

325 517 526 567 σχοίνισμα
549 515 808 568 κληρονομίας
831 511 952 555 αὐτοῦ
975 512 1134 566 Ἰσραήλ.
1194 515 1249 553 Εἰ
1269 508 1341 554 οὖν
1365 513 1410 555 τοὶ
1442 517 1541 568 ἔθνη
1567 513 1643 556 ύπό
1677 512 1859 569 ἆγγέλους

329 583 401 624 εἰσὶ
428 583 657 636 τεταγμένα,
691 584 851 630 δικαίως
875 579 974 632 εἷπε,
1006 586 1144 622 Λῦσον
1165 580 1257 629 τούς
1277 582 1462 636 τέσσαρας
1486 581 1669 637 ἀγγέλους
1694 581 1787 630 τούς
1818 583 1859 623 ἐν

325 655 378 707 τῷ
403 649 599 708 Εὐφράτῃ
625 651 934 703 καθεζομένους,
966 652 1031 691 καὶ
1061 650 1318 702 ἐπεχομένους
1345 651 1563 702 ἐπιτρέπειν
1594 656 1675 698 τοῖς
1705 652 1859 691 ἔθνεσιν

326 720 380 767 εἷς
403 717 589 772 πόλεμον,
621 720 694 767 ἕως
721 724 859 773 καιροῦ
886 721 1166 772 μακροθυμίας
1192 720 1352 772 κυρίου,
1385 720 1457 766 ἕως
1486 717 1688 772 προςταξει
1720 716 1767 759 δι’
1791 715 1859 758 αύ-

326 791 404 828 τῶν
429 787 603 828 ἐκδικίαν
632 788 813 841 γενέσθαι
838 791 915 828 τῶν
943 784 1064 827 αύτοῦ
1095 783 1227 840 α’γίων.
1285 784 1550 840 Ἐκρατοῦντο
1578 784 1649 840 γάρ
1674 788 1714 827 οἷ
1737 787 1858 828 ἐπιτε-

325 856 506 909 ταγμένοι
538 853 690 910 ἄγγελοι
722 853 800 896 ύπὸ
835 859 906 896 τοῦ
937 853 1173 907 πνεύματος,
1206 852 1257 907 μὴ
1289 855 1437 906 ἔχοντες
1461 852 1600 908 καιρὸν
1631 856 1857 907 ἐπιδρομῆς,

327 923 391 965 δια
412 922 454 965 τό
478 923 595 977 μήπω
623 922 727 964 λύειν
753 921 887 971 αὐτοῖς
911 922 982 975 τήν
1013 925 1143 975 δίκην,
1174 926 1243 963 τοῦ
1267 921 1314 962 τά
1336 920 1453 963 λοιποὶ
1476 923 1574 975 ἔθνη
1598 921 1760 963 λύεσθαι
1783 923 1859 964 ἔνε-

326 1009 391 1033 κεν
414 997 484 1045 τῆς
510 991 610 1047 πρὸς
633 990 724 1040 τούς
747 989 882 1046 ἆγίους
904 990 1067 1045 ὕβρεως.
1126 989 1302 1032 Λύονται
1326 990 1367 1031 δὲ
1391 992 1432 1031 οῖ
1458 995 1630 1032 τοιοῦτοι
1659 991 1726 1032 καὶ
1748 992 1858 1046 ἐπέρ-

326 1078 454 1115 χονται
477 1065 524 1118 τῇ
546 1065 618 1118 γῇ,
652 1058 705 1109 ῶς
729 1058 919 1113 Ἰωάννης
940 1057 1175 1113 προφητεύει
1200 1060 1266 1099 καὶ
1288 1060 1328 1100 οἵ
1349 1060 1478 1100 λοιποὶ
1505 1063 1717 1113 προφῆται.
1780 1060 1859 1100 Καὶ

326 1129 397 1185 γαρ
422 1128 644 1182 κινούμενοι
667 1130 708 1170 οἷ
729 1127 880 1183 ἄγγελοι
906 1131 1059 1169 κινοῦσι
1082 1125 1127 1167 τοὶ
1148 1128 1246 1180 ἔθνη
1271 1129 1324 1175 εἷς
1347 1125 1473 1182 όρμην
1497 1128 1678 1176 ἐκδικίας.
1741 1126 1860 1169 2”Ὀτι

327 1198 368 1239 δὲ
400 1200 591 1251 πυρίνους
613 1198 679 1238 καὶ
701 1195 883 1245 θειώδεις
907 1197 972 1237 καὶ
997 1193 1254 1244 ὑακινθίνους
1283 1195 1472 1249 θώρακας
1502 1199 1697 1248 σημαίνει,
1730 1193 1859 1245 οὐδεὶς

327 1263 567 1319 ἀμφιβάλλει.
626 1264 786 1306 Ἐκεῖνα
809 1263 881 1320 γάρ
910 1263 955 1305 τοὶ
987 1265 1086 1316 ἔθνη
1117 1262 1193 1305 dno*
1227 1269 1296 1317 τῆς
1328 1263 1509 1316 τοιαύτης
1539 1262 1657 1318 χρόας
1685 1265 1758 1317 ἔχει
1787 1262 1858 1317 τήν

328 1332 526 1386 ἆμφίασιν.
594 1332 649 1374 To}
682 1334 750 1385 μὲν
772 1332 845 1388 γαρ
871 1331 1022 1384 θειώδη
1043 1331 1174 1384 ἱμάτια
1199 1333 1295 1386 χρόα
1320 1334 1375 1380 τίς
1397 1333 1473 1373 ἐστι
1495 1335 1634 1385 μηλίνη
1659 1331 1761 1374 οὕτω
1791 1349 1859 1373 κα-

325 1403 493 1455 λουμένη
516 1402 621 1456 ἐρέα·
652 1400 698 1441 τοὶ
722 1401 763 1441 δὲ
787 1400 953 1456 πύρινα,
984 1402 1049 1441 ἵνα
1073 1403 1162 1457 εἴπῃ
1186 1400 1233 1441 τοὶ
1257 1398 1431 1455 κοκκηρᾶ
1454 1399 1670 1454 ἐνδύματα,
1701 1402 1766 1442 καὶ
1789 1398 1857 1442 1512-

325 1473 502 1521 κίνθινα,
533 1471 599 1510 ’ἵνα
631 1471 734 1526 δείξῃ
765 1467 835 1522 τήν
866 1471 1076 1521 καλλαΐνην
1107 1469 1229 1523 ἐρέαν.

434 1604 543 1647 Ἀλλά
574 1600 683 1647 οὗτοι
712 1604 765 1658 μή
793 1606 992 1658 δεξάμενοι
1019 1607 1172 1657 πνεῦμα
1199 1603 1311 1659 ἅγιον
1337 1602 1611 1656 ἆνακρίνονται
1641 1604 1710 1657 μὲν
1742 1621 1858 1646 πνευ-

325 1679 514 1728 ματικῶς,
548 1672 600 1727 μὴ
625 1678 808 1722 νοοῦντες
829 1673 876 1714 τά
898 1678 968 1714 τοῦ
992 1671 1232 1726 πνεύματος,
1263 1674 1330 1714 καὶ
1358 1671 1456 1714 κατα
1480 1671 1546 1715 τὸν
1574 1671 1687 1728 λόγον
1718 1672 1856 1726 βουλό-

326 1760 433 1796 μενοι
453 1744 586 1798 λέγειν,
618 1743 685 1783 καὶ
709 1740 782 1783 ούκ
805 1740 948 1790 εἰδότες
968 1740 1014 1782 τοὶ
1038 1743 1078 1782 ἐν
1099 1746 1146 1799 τῇ
1171 1739 1262 1797 ἁγίᾳ
1286 1742 1466 1798 ἐκκλησίᾳ
1488 1744 1713 1795 χαρίσματα,
1744 1739 1857 1782 ἅτινα

325 1810 486 1863 αἶληθῶς
507 1812 572 1852 καὶ
596 1808 797 1858 εὐσταθῶς
821 1811 859 1851 ἐν
879 1809 1222 1864 παρακολουθήσει
1242 1810 1309 1850 καὶ
1331 1810 1535 1867 ἐρρωμένῳ
1556 1813 1612 1866 νῷ
1635 1807 1677 1850 τό
1701 1813 1855 1861 πνεῦμα

326 1878 367 1920 τὸ
391 1878 501 1933 ἅγιον
529 1878 759 1933 διηγήσατο,
792 1880 835 1919 οἵ
860 1894 898 1918 τε
921 1877 1024 1932 ἅγιοι
1045 1883 1248 1932 προφῆται
1274 1879 1340 1919 καὶ
1372 1880 1413 1919 οἵ
1434 1877 1536 1933 ἅγιοι
1560 1875 1783 1919 ἆπόστολοι·
1815 1878 1856 1919 ἐν

325 1944 384 1995 οἷς
407 1948 473 1988 καὶ
505 1945 526 1988 ὁ
553 1946 663 2001 ἅγιος
685 1945 874 1999 Ἰωάννης
905 1945 968 1987 δια
997 1950 1066 1988 τοῦ
1100 1944 1321 2001 εὐαγγελίου
1351 1947 1416 1987 καὶ
1443 1951 1518 1987 τῶν
1548 1948 1759 1988 ἐπιστολῶν
1788 1945 1855 1986 καὶ

325 2020 393 2068 τῆς
420 2013 727 2066 Ἀποκαλύψεως
757 2016 797 2056 ἐκ
827 2019 897 2055 τοῦ
929 2013 1051 2056 αὐτοῦ
1084 2017 1316 2068 χαρίσματος
1348 2019 1418 2056 τοῦ
1455 2012 1569 2070 ἇγίου
1600 2015 1842 2067 μεταδέδωκε

330 2082 485 2124 Φθάνει
507 2083 547 2124 δὲ
574 2084 641 2124 καὶ
663 2081 720 2124 ἐπ’
744 2080 888 2131 αύτούς
911 2081 952 2123 τὸ
977 2084 1180 2137 εἰρημένον
1202 2082 1281 2133 ὅτι,
1319 2087 1381 2140 Τῷ
1405 2085 1696 2136 βλασφημοῦντι
1728 2085 1782 2132 εἰς
1810 2081 1853 2125 τὸ

324 2157 477 2204 πνεῦμα
498 2149 540 2192 τὸ
563 2150 674 2206 ἅγιον
694 2149 768 2192 ούκ
790 2149 1031 2204 ἀφεθήσεται
1055 2149 1159 2208 αύτῷ
1183 2149 1274 2192 οὐδὲ
1297 2152 1337 2192 ἐν
1361 2155 1414 2207 τῷ
1437 2156 1508 2192 νῦν
1531 2152 1663 2201 αἰῶνι,
1698 2149 1790 2193 οὐδὲ
1814 2152 1855 2193 ἐν

325 2223 377 2277 τῷ
401 2221 581 2273 μέλλοντι.
644 2220 723 2260 Καὶ
746 2218 818 2274 γάρ
844 2217 940 2262 κατα
964 2224 1041 2261 τῶν
1064 2218 1248 2275 ῥημάτων
1270 2223 1348 2260 τῶν
1373 2217 1449 2261 ύπὸ
1473 2223 1542 2261 τοῦ
1565 2218 1784 2273 πνεύματος
1805 2221 1854 2261 εἰ-

325 2289 501 2343 ρημένων
530 2282 640 2329 οὗτοι
670 2286 979 2343 ἐστρατεύσαντο.

441 2429 527 2465 Τῶν
551 2424 591 2465 δὲ
619 2422 809 2466 τοιούτων
830 2425 897 2465 καὶ
919 2422 1113 2466 τοσούτων
1136 2425 1348 2479 εἰρημένων
1369 2422 1467 2466 κατὰ
1496 2428 1564 2477 τῆς
1587 2423 1769 2478 τοιαύτης
1795 2426 1852 2467 αἷ-

325 2492 466 2547 ρέσεως
497 2494 642 2541 [κανῶς
676 2493 772 2546 ἔχειν
799 2495 982 2545 νομίσας,
1013 2493 1079 2533 καὶ
1107 2490 1160 2541 οἷς
1185 2491 1473 2547 σκολόπενδραν
1499 2491 1525 2545 ἢ
1552 2494 1683 2534 ιὀῦλον
1713 2491 1848 2535 καλού-

325 2576 438 2612 μενον
463 2559 622 2613 ἑρπετὸν
641 2559 868 2611 πολύποδα,
899 2558 1028 2615 ὀλίγον
1048 2560 1117 2612 μὲν
1139 2565 1185 2618 τῇ
1207 2559 1389 2613 δυνάμει,
1420 2565 1466 2618 τῇ
1500 2565 1512 2588 ¹
1528 2563 1757 2617 περιοδυνίᾳ
1779 2565 1850 2602 τοῦ

326 2630 409 2677 ἰοῦ,
441 2628 647 2671 πολύπουν
669 2629 710 2670 δὲ
733 2629 798 2670 καὶ
824 2631 1154 2682 ἳμακροείκελον,
1185 2633 1232 2686 τῇ
1261 2633 1330 2669 τοῦ
1354 2631 1455 2670 θεοῦ
1478 2628 1642 2682 δυνάμει
1665 2630 1732 2670 καὶ
1762 2627 1851 2681 ἄλη-

327 2699 418 2752 θείᾳ
451 2695 805 2750 καταπατήσαντες,
846 2698 910 2738 ἐπὶ
938 2695 1007 2745 τας
1039 2697 1126 2750 ἑξῆς
1159 2696 1274 2738 πάλιν
1301 2699 1578 2751 προβαίνοντες
1607 2695 1678 2738 σύν
1705 2699 1752 2754 τῇ
1781 2698 1851 2738 τοῦ

323 2768 422 2805 θεοῦ
453 2764 614 2818 δυνάμει
644 2767 762 2819 ἴωμεν
791 2763 994 2821 ἀγαπητοί.

369 2879 399 2910 ¹2.
427 2874 445 2911 ἕ
467 2890 499 2912 τι
521 2883 657 2912 rescribit
680 2883 836 2913 Petavz'us.
1107 2889 1203 2919 supra
1224 2881 1308 2912 haer.
1328 2876 1390 2920 44,
1416 2879 1446 2913 7.
1470 2880 1516 2911 bis
1543 2882 1627 2911 extat
1649 2878 1850 2921 περιωδυνία

373 2923 447 2955 CAP.
478 2925 623 2958 XXXV.
647 2945 692 2950 ——
741 2929 767 2959 l.
802 2928 853 2958 Sic
889 2927 968 2958 libri.
1024 2926 1061 2956 At
1107 2927 1264 2965 scriplum.
