2066 3319
460 173 640 206 PANAan
665 173 745 205 Lm.
766 174 805 205 n.
829 173 936 205 ΤοΜ.
959 175 982 205 1.
1007 173 1137 205 mea.
1158 174 1280 205 inv.
1563 165 1643 203 327

109 254 171 294 vel
193 253 499 307 intemperanter
521 251 662 306 aliquid
685 252 915 301 faceremus,
952 251 1012 291 vel
1039 253 1178 292 furtum
1203 253 1549 301 committeremus,
1583 253 1644 292 vel

107 327 237 362 cetera
265 320 300 360 id
322 334 445 374 genus
470 320 645 374 corporis
667 319 898 359 adminiculo
923 328 1250 374 perpetrarcnms,
1286 321 1386 360 nulla
1412 320 1459 359 ob
1484 319 1519 359 id
1546 319 1643 373 apud

106 389 245 430 iustum
279 388 443 428 iudicem
474 387 778 442 reprehensione
807 387 908 440 digni
937 388 1180 439 videremur,
1215 388 1520 442 qnandoquidem
1546 387 1642 427 divi·

106 470 177 497 nae
213 455 287 510 tegi
318 455 428 496 subdi
461 470 552 496 caro
586 455 743 495 omnino
773 469 847 495 non
883 463 1022 509 potest.
1088 454 1169 496 Cur
1201 456 1302 496 enim
1337 455 1642 509 reprebendatur

105 538 267 578 corpus,
302 524 401 577 quod
428 537 478 564 ex
501 530 663 563 naturae
687 536 779 562 suae
806 525 1039 563 necessitate
1064 523 1182 563 vivat.
1248 521 1326 563 Sed
1357 537 1479 576 neque
1505 523 1549 563 ad
1578 537 1641 563 ca·

103 591 322 633 stimoniam
348 599 413 632 aut
434 591 614 632 virtutem
639 591 785 631 traduci
813 605 952 644 corpus
985 591 1148 644 poterit,
1183 591 1280 644 qnod
1306 590 1406 630 bono
1430 590 1566 630 subiici
1591 605 1641 631 ex

104 666 265 700 naturae
297 673 392 700 suae
419 659 640 699 conditione
675 666 854 713 nequeat.
917 657 1019 698 'Nam
1056 673 1140 698 cum
1173 658 1389 698 istiusmodi
1422 658 1472 697 sit
1503 665 1639 698 natura

103 727 254 777 carnis,
290 735 329 767 ut
354 727 509 767 divinae
536 727 608 781 tegi
634 727 770 767 subiici
796 733 985 780 nequeat,
1022 726 1151 766 divina
1184 740 1299 780 porro
1326 726 1390 765 lex
1415 727 1558 766 iustitia
1591 728 1642 767 sit

101 810 147 836 ac
169 795 440 850 temperantia,
477 809 601 849 neque
623 795 884 848 virginitatem
909 807 1085 844 servare,
1121 807 1245 848 neque
1268 794 1529 834 continentem
1553 808 1640 836 esse

100 876 215 918 posse
245 863 398 918 penitus
431 870 644 917 oporteret.
711 861 780 902 Sin
811 862 1071 914 virginitatem
1106 876 1150 902 ac
1181 862 1457 902 continentiam
1492 863 1637 913 colunt,

101 945 345 985 consequens
370 938 431 970 est
455 938 494 971 ut
517 937 554 971 et
578 944 718 985 corpus
740 929 960 970 subiiciant.
1025 927 1129 970 Fieri
1153 930 1253 970 enim
1277 929 1391 969 aliter
1414 945 1489 970 non
1514 938 1641 985 potest

99 1006 142 1039 ut
169 1013 189 1039 a
222 1005 382 1053 peccato
415 1012 502 1039 sese
537 998 778 1039 contineant.
842 996 998 1038 Falsum
1025 1005 1083 1038 est
1109 999 1236 1052 itaque
1265 999 1419 1038 divinae
1445 999 1521 1053 legi
1553 1012 1637 1038 cor-

98 1081 167 1122 pus
194 1081 269 1107 non
296 1080 409 1121 posse
432 1066 584 1106 subiici.
648 1065 760 1119 Quod
781 1066 814 1106 si
843 1080 975 1107 verum
998 1073 1125 1117 esset,
1161 1080 1322 1121 quanam
1347 1066 1498 1107 ratione
1523 1064 1637 1107 loan-

98 1149 168 1175 nes
199 1149 340 1189 corpus
376 1149 486 1175 suum
521 1134 567 1174 ad
603 1133 820 1175 castitatem
850 1135 946 1184 sibi,
981 1142 1045 1175 aut
1079 1135 1124 1175 ad
1153 1135 1449 1175 sanctimoniam
1475 1133 1634 1185 Petrus,

97 1204 231 1244 autad
258 1203 442 1243 iustitiam
471 1202 636 1257 denique
661 1203 779 1242 ceteri
809 1202 1099 1243 subdidissent?
1160 1200 1243 1244 Cur
1272 1204 1386 1243 etiam
1414 1201 1558 1244 Paulus
1586 1204 1637 1244 ita

98 1271 336 1312 monuisset:
380 1273 438 1310 Ne
464 1274 584 1322 igitur
607 1279 743 1322 regnet
768 1279 961 1322 peceatum
994 1275 1031 1311 in
1061 1274 1216 1311 mortali
1241 1280 1363 1310 vestro
1386 1286 1562 1324 corpore,
1598 1280 1640 1311 ut
1658 1278 1743 1307 Rom·
1755 1281 1780 1311 6.
1801 1279 1839 1307 12.

97 1341 276 1379 obediatis
302 1340 569 1391 cupiditatibus
592 1341 717 1378 illius:
752 1354 819 1378 nee
841 1341 1010 1379 emhibete
1033 1341 1193 1379 membru
1217 1348 1338 1380 restra
1361 1355 1466 1379 arma
1489 1343 1638 1379 iniusti-

98 1412 170 1447 tiae
187 1416 363 1460 peceato,
398 1410 464 1446 sed
487 1408 656 1445 erhibete
684 1410 772 1454 (leo,
810 1416 982 1460 tanquam
1005 1424 1052 1447 er
1077 1412 1233 1448 mortuis
1255 1412 1437 1457 viventes,
1472 1417 1509 1448 et
1529 1424 1637 1449 mem-

97 1478 164 1515 bra
188 1485 309 1515 vestra
333 1490 437 1515 arma
466 1478 631 1515 iustitiae
656 1478 751 1514 deo?
811 1473 908 1515 Item
934 1476 1048 1517 illud:
1085 1480 1391 1527 Quemadmodum
1416 1479 1638 1517 exhibuistis
1657 1484 1780 1520 Rom-6,
1798 1485 1836 1513 19.

96 1545 256 1584 membra
279 1552 401 1583 vestra
421 1547 563 1582 servire
581 1546 834 1582 immunditiae
851 1553 887 1582 et
906 1548 1101 1597 iniquitati
1114 1548 1165 1584 ad
1186 1549 1431 1598 iniquitatem,
1461 1549 1516 1585 sie
1538 1561 1636 1586 nune

96 1614 266 1652 eoeleibete
296 1614 455 1652 membra
489 1620 610 1651 vestra
640 1615 782 1650 servire
812 1615 977 1652 iustitiae
1006 1616 1056 1652 ad
1083 1616 1429 1666 sanctificationem.

210 1680 296 1721 Hoc
319 1680 436 1734 igitur
460 1680 722 1734 intelligebat,
758 1680 1047 1721 tabernaculum
1072 1682 1172 1722 istud
1199 1696 1313 1736 posse
1346 1682 1488 1736 corrigi
1521 1689 1559 1723 et
1589 1683 1634 1723 ad
1662 1687 1738 1731 Cap.
1761 1687 1828 1720 LII.

96 1750 236 1790 bonum
270 1749 470 1798 converti,
512 1755 552 1788 ut
583 1748 620 1788 in
657 1762 704 1788 eo
736 1756 894 1803 peecata
932 1749 1084 1804 penitus
1120 1749 1462 1804 extinguerentur.
1525 1749 1635 1804 Quae

95 1817 196 1858 enim
221 1817 295 1858 alia
318 1817 416 1857 ratio
445 1823 505 1856 est
527 1830 599 1870 qua
627 1816 664 1856 in
691 1817 878 1870 quandam
909 1817 1079 1858 iustitiae
1105 1818 1334 1858 servitutem
1366 1818 1488 1872 redigi
1521 1819 1635 1859 homo

96 1886 240 1941 possit,
283 1885 356 1925 nisi
387 1885 493 1940 prius
526 1885 656 1925 carnis
687 1898 782 1925 suae
816 1885 986 1926 membra
1021 1886 1254 1937 subiiciens,
1299 1894 1335 1926 ut
1369 1900 1445 1926 non
1479 1894 1635 1941 peccato

95 1954 258 2009 amptius
293 1953 580 2007 obsequantur,
624 1953 691 1993 sed
727 1953 899 1993 iustitiae
927 1954 1044 1994 vitam
1069 1968 1176 1995 suam
1213 1955 1370 2010 perinde
1400 1968 1443 1995 ae
1476 1952 1635 1995 Christo

96 2023 249 2077 dignum
277 2029 337 2062 est
358 2022 558 2062 instituat?
619 2020 811 2074 Quoniam
835 2022 985 2076 quidem
1008 2037 1172 2078 peccare
1196 2023 1257 2063 vel
1281 2037 1356 2063 non
1381 2037 1543 2078 peccare
1568 2037 1636 2078 per

95 2104 235 2146 corpus
259 2090 449 2144 suppetit,
491 2104 564 2144 quo
599 2091 644 2129 ad
675 2090 856 2130 virtutem
884 2097 950 2130 aut
983 2091 1190 2146 nequitiam
1227 2092 1454 2132 administro
1485 2091 1635 2132 animus

96 2160 230 2200 utitur.
295 2157 348 2198 Et
372 2158 522 2212 quidem
547 2172 632 2198 cum
657 2173 774 2211 neque
799 2160 1071 2210 f07‘m'eatoreS‚
1106 2175 1172 2199 nee
1197 2163 1437 2208 idololatrae,
1472 2175 1538 2199 nee
1568 2163 1633 2199 ad-
1653 2170 1836 2205 1.C0r.6,1o.

96 2231 233 2275 alteri,
277 2242 394 2279 neque
426 2229 674 2266 masculorum
708 2228 985 2275 concubitores,
1027 2243 1144 2281 neque
1175 2231 1323 2276 molles,
1366 2244 1483 2281 neque
1501 2230 1630 2281 jures,

94 2312 160 2336 nee
191 2299 322 2343 avari,
365 2310 432 2334 nee
458 2296 615 2342 ebriosi,
656 2310 772 2347 neque
802 2299 1091 2345 conviciatores,
1133 2312 1250 2350 neque
1278 2305 1448 2349 raptores
1478 2311 1634 2347 regnum

94 2368 156 2404 dei
171 2367 364 2417 possidere
377 2367 537 2416 possint,
573 2377 618 2403 ea
643 2378 757 2418 porro
781 2365 906 2405 omnia
929 2366 1103 2419 corporis
1128 2365 1359 2406 adminiculo
1386 2366 1635 2420 perficiantur

95 2447 139 2474 ae
170 2432 499 2482 corroborentur,
534 2432 734 2472 iustificari
761 2447 875 2487 porro
901 2447 1014 2474 nemo
1043 2435 1186 2488 possit,
1221 2434 1292 2474 nisi
1327 2434 1431 2488 prius
1464 2434 1537 2474 ista
1568 2447 1633 2475 su-

95 2501 261 2556 perarit,
304 2514 401 2555 quae
433 2501 585 2554 quidem
619 2501 651 2541 is
681 2508 840 2556 superat
872 2502 934 2556 qui
965 2516 1007 2543 se
1041 2503 1086 2543 ad
1120 2502 1410 2557 temperantiam
1444 2502 1632 2557 fidemque

95 2570 309 2620 convertit,
345 2569 508 2609 efficitur
542 2569 619 2623 legi
656 2569 716 2609 dei
750 2583 888 2624 corpus
925 2585 1040 2625 posse
1075 2570 1228 2612 subiici.
1292 2568 1366 2610 Dei
1399 2570 1536 2626 quippe
1566 2571 1631 2612 lex

89 2638 350 2693 temperantia
378 2645 453 2678 est.
517 2636 779 2691 Quamobrem
806 2639 1004 2694 apostolus
1037 2653 1112 2679 non
1144 2652 1301 2679 carnem
1337 2638 1458 2693 ipsam
1490 2640 1633 2681 asserit

95 2705 170 2759 legi
205 2706 265 2745 dei
299 2705 435 2746 subiici
472 2720 547 2746 non
577 2720 716 2760 posse,
750 2707 817 2747 sed
845 2712 972 2747 earnis
997 2711 1235 2760 sapientiam,
1271 2707 1342 2747 hoc
1366 2715 1425 2748 est
1449 2708 1531 2749 eius
1562 2708 1631 2749 im-

96 2781 224 2828 petum
248 2781 287 2814 et
308 2774 507 2814 ardentem
533 2775 577 2814 ad
603 2774 827 2816 iniustitiam
854 2776 1203 2830 inflammatamque
1228 2776 1489 2830 cupiditatem.
1551 2775 1630 2817 Re-

98 2841 251 2896 purgari
276 2842 436 2897 proinde
463 2842 592 2893 iussit,
628 2850 668 2883 ut
690 2843 751 2884 vel
775 2843 896 2900 ipsam
923 2844 1070 2885 ventris
1096 2845 1303 2897 ingluviem
1328 2851 1536 2885 conaretur
1560 2859 1630 2886 ex-

95 2954 152 2996 ηνο
181 2947 293 2984 spuriis
323 2947 463 2977 habuisse
493 2947 634 2978 videntur
661 2949 754 2978 verba
787 2943 839 2989 ἐφ’
887 2949 999 2986 qteytt,
1035 2948 1111 2979 alter
1142 2948 1262 2980 uncinis
1291 2949 1430 2981 includit.
1477 2949 1538 2981 Sed
1562 2950 1631 2980 libri

97 2989 194 3030 ημῶν
208 3014 216 3030 ,
240 2992 314 3022 dum
335 2993 412 3023 atter
430 2993 461 3023 in
483 2994 620 3024 versione
643 3001 770 3032 prorsus
789 3002 838 3025 ne-
887 2995 1016 3023 tuentur.

1042 3072 1058 3089 ἡ
