2030 3324
353 206 434 248 682
918 211 1077 245 sANcT1
1101 212 1324 246 EPIPHANn

593 288 651 303 ἱΓΙ

354 291 540 346 άριθμεῖν
559 307 602 332 το
627 305 738 345 αγιον
760 293 912 342 πνεῦμα
941 293 1011 330 τοῦ
1035 293 1154 339 θεοῦ,
1196 289 1261 330 διὰ
1287 290 1329 332 τὸ
1356 289 1474 345 ῤἠτὸν
1494 290 1561 341 τὸ,
1603 287 1665 331 Δι’
1689 287 1812 330 αὐτοῦ
1841 305 1890 330 τα

354 357 481 399 πάντα
507 359 674 413 ἐγένετο,
706 356 785 398 ἀπὸ
807 362 876 398 τοῦ
902 358 1024 398 εἰπεῖν
1051 355 1111 397 ὅτι
1133 355 1292 407 Πάντα,
1325 361 1507 412 μηδαμοῦ
1533 357 1644 407 ὄντος
1668 355 1739 398 σῦν
1769 355 1890 399 πάσιν

356 424 656 480 άριθμουμένου
677 429 747 466 τοῦ
770 422 886 479 ἁγίου
909 422 1140 476 πνεύματος.
1173 418 1274 479 Ἆρα
1296 430 1392 479 γοῦν
1413 427 1479 467 καὶ
1498 428 1763 478 διανοηθῆναι
1783 423 1890 476 ὀφεί-

353 498 452 543 λετε,
483 491 510 545 ἢ
536 494 601 533 καὶ
625 491 736 541 ἄλλος
755 510 812 540 τις
838 494 974 546 χείρων
997 489 1107 544 ὑμῶν
1127 492 1278 545 ἕτερος,
1309 493 1374 533 καὶ
1397 491 1465 534 τὸν
1501 497 1513 520 ¹
1528 497 1542 521 ¹
1561 494 1707 546 πατέρα
1733 490 1798 532 διά
1820 495 1891 533 τοῦ

357 562 448 602 υἱοῦ
478 561 695 616 γεγονέναι,
725 558 825 601 κατὰ
849 558 919 612 τὴν
947 560 1181 612 βλάσφημον
1205 556 1315 612 ὖμῶν
1336 557 1541 601 ὑπόνοιαν.
1607 558 1784 613 12Ὁμοῦ
1813 557 1888 614 γάρ

353 626 706 682 συμπεριληπτικός
730 628 831 668 ἐστιν
855 625 878 668 ὁ
908 625 1023 681 λόγος
1045 626 1211 678 φάσκων
1232 625 1278 667 τὰ
1309 625 1435 667 πάντα
1464 625 1511 668 δι’
1537 625 1658 669 αὐτοῦ
1680 627 1891 682 γεγονέναι.

356 699 411 738 Εἰ
430 697 470 738 δὲ
492 694 726 749 βλάσφημον
749 695 837 749 περὶ
862 699 930 735 τοῦ
955 692 1102 749 πατρὸς
1124 697 1346 749 λογίζεσθαι
1364 692 1406 735 τό
1439 697 1618 735 τοιοῦτον
1646 695 1714 736 καὶ
1745 691 1891 749 μωρόν,

355 764 396 805 τό
429 763 569 816 ὅμοιον
599 763 665 804 καὶ
697 763 762 804 ε’πὶ
796 768 879 810 τοῖς
909 763 1206 814 διανοουμένοις
1237 763 1299 803 ἐπὶ
1330 766 1401 803 τοῦ
1423 759 1536 816 ἁγίου
1556 761 1790 814 πνεύματος,
1821 765 1893 802 τοῦ

357 830 427 872 σῦν
458 831 577 885 πατρὶ
611 828 908 884 άριθμουμένου
939 830 1002 870 καὶ
1036 831 1120 885 υἵῷ.
1181 831 1236 870 Εἰ
1263 827 1336 884 γάρ
1367 823 1417 881 ἦν
1446 833 1522 869 τῶν
1551 830 1787 884 γεγονότων,
1817 827 1894 870 οὐκ

359 898 408 940 ἂν
439 903 492 955 τῷ
523 896 686 954 άκτίστῳ
718 898 837 948 πατρὶ
866 898 932 938 καὶ
964 899 1037 953 υἱῷ
1068 895 1232 953 α’κτίστῳ
1263 901 1561 950 συνηριθμεῖτο·
1593 893 1665 937 ἄλλ’
1700 895 1762 938 ὅτι
1790 893 1895 937 &nn-

194 988 261 1015 ρᾶς.
282 979 342 1007 780.
362 965 453 1009 στόν
474 968 577 1008 ἐστιν
601 971 913 1020 συναριθμεῖται.
973 963 1077 1006 Εἶπε
1107 963 1201 1020 γάρ,
1226 963 1486 1012 Ἀπελθόντες
1505 965 1712 1016 βαπτίσατε
1733 964 1788 1011 εἰς
1808 961 1894 1004 ὅνο-

358 1053 412 1088 μα
436 1032 606 1089 πατρὸς,
638 1035 705 1075 καὶ
730 1035 842 1083 υἱοῦ,
873 1033 940 1074 καὶ
963 1030 1076 1088 ἇγίου
1105 1031 1337 1085 πνεύματος.
1399 1036 1496 1079 Πῶς
1518 1031 1559 1072 δὲ
1584 1028 1738 1072 κτιστὸν
1769 1031 1828 1083 εἴη
1850 1028 1894 1072 τὸ

357 1108 509 1156 πνεῦμα
532 1101 573 1143 vd
601 1099 922 1156 μαρτυρούμενον
953 1100 1032 1151 ὅτι,
1069 1100 1138 1142 Ἐκ
1163 1105 1233 1142 τοῦ
1266 1098 1414 1154 πατρὸς
1439 1097 1710 1153 ἐκπορεύεται,
1751 1098 1820 1139 καὶ
1852 1098 1895 1139 ἐκ

357 1175 427 1212 τοῦ
449 1171 546 1223 ἐμοῦ
570 1170 776 1222 λαμβάνει,
815 1166 865 1209 δι’
894 1163 942 1209 οὗ
976 1170 1041 1209 καὶ
1067 1167 1094 1221 ἡ
1118 1171 1237 1209 τελεία
1262 1172 1341 1209 τῶν
1368 1165 1595 1221 ἀνθρώπων
1627 1168 1799 1219 σωτηρία
1828 1166 1897 1206 καὶ

357 1241 544 1292 ἕνσαρκος
566 1239 772 1288 οἰκονομία
799 1237 852 1283 εἰς
882 1241 1010 1276 πᾶσαν
1032 1238 1234 1277 δικαίωσιν
1264 1233 1489 1287 ἐπληρώθη.
1537 1232 1693 1286 ’Έχρισε
1719 1231 1795 1288 γάρ
1827 1230 1894 1274 αὖ·

357 1306 425 1348 τὸν
452 1303 644 1357 πνεύματι
667 1302 785 1359 ἁγίῳ,
829 1304 926 1354 φησὶ
952 1301 978 1355 ἡ
1002 1302 1134 1357 γραφη
1160 1303 1250 1357 περὶ
1275 1307 1345 1342 τοῦ
1369 1304 1518 1355 κυρίου.
1585 1299 1669 1342 Οὐκ
1691 1300 1740 1342 ὃὶν
1763 1298 1897 1353 δὲτὴν

358 1375 548 1427 ἔνσαρκον
585 1372 814 1422 οἰκονομίαν
845 1368 916 1410 σῦν
947 1373 1000 1426 τῷ
1029 1374 1113 1426 θεῷ
1143 1370 1244 1426 λόγῳ
1279 1367 1487 1422 ἡνωμένην
1520 1369 1574 1416 εἰς
1605 1371 1697 1421 μίαν
1726 1367 1897 1421 θεότητα

357 1442 502 1494 ἔχρισεν
533 1437 555 1480 ὁ
577 1436 704 1492 πατὴρ
727 1439 925 1489 κτίσματι,
967 1435 1040 1478 ἄλλ’
1068 1436 1202 1490 ἐπειδὴ
1230 1440 1298 1490 μία
1322 1438 1423 1478 ἐστὶν
1449 1434 1623 1490 ἡτριάς,
1653 1438 1740 1491 τρία
1763 1436 1896 1487 τέλεια,

357 1511 425 1561 μία
449 1506 612 1559 θεότης,
645 1507 723 1547 ἔδει
744 1506 783 1546 ἐν
808 1509 862 1561 τῷ
888 1506 961 1561 υἱῷ
993 1506 1313 1557 13οἰκονομικῶς
1339 1509 1452 1546 τοῦτο
1476 1504 1680 1559 γενέσθαι,
1711 1505 1778 1545 ἵνα
1799 1521 1896 1545 παν-

357 1574 499 1617 τάπασι
525 1574 761 1626 δοξαζομένη
794 1574 834 1614 ἐν
859 1571 1004 1613 ἅπασιν
1028 1578 1158 1630 νοηθῇ
1190 1571 1216 1625 ἦ
1241 1571 1370 1627 τριάς·
1411 1570 1595 1626 καθάπερ
1628 1570 1727 1613 κατὰ
1756 1576 1897 1614 πασῶν

355 1648 432 1684 τῶν
455 1643 640 1696 αἱρέσεων
664 1642 750 1695 περὶ
773 1639 996 1693 πνεύματος
1020 1639 1272 1695 διηγούμενοι
1300 1639 1348 1682 οὔ
1371 1643 1482 1693 μίαν,
1515 1637 1562 1680 οὗ
1588 1638 1661 1681 δύο
1683 1642 1897 1694 μαρτυρίας

357 1711 622 1764 εἰςενέγκαμεν
648 1708 707 1750 ὅτι
740 1712 841 1749 θεοῦ
876 1709 953 1750 ἐστι
989 1713 1144 1761 πνεῦμα
1176 1706 1247 1749 σύν
1276 1709 1392 1762 πατρὶ
1425 1709 1491 1749 καὶ
1521 1709 1596 1764 υΐῷ
1627 1706 1896 1760 δοξαζόμενον,

358 1778 537 1820 ἅκτιστον
572 1778 639 1818 καὶ
674 1774 864 1831 ἄτρεπτον
898 1777 964 1817 καὶ
996 1777 1147 1817 τέλειον.
1204 1774 1379 1825 Ἐξέπεσε
1409 1776 1451 1817 δὲ
1483 1776 1550 1817 καὶ
1581 1772 1603 1817 ὁ
1633 1776 1722 1830 περὶ
1752 1773 1896 1816 τούτου

358 1851 437 1888 τῶν
468 1845 798 1898 φιλονεικούντων
825 1844 940 1900 λόγος
971 1842 993 1886 ὁ
1022 1842 1114 1886 καθ’
1146 1844 1306 1886 ἑαυτῶν.

192 2035 279 2079 Κεφ·
300 2033 356 2076 νζ·
476 2047 602 2090 Πάλιν
629 2048 669 2089 δὲ
695 2049 749 2095 εἰς
780 2047 849 2095 ταῖς
881 2045 995 2095 ίίλλας
1021 2045 1151 2088 αὐτῶν
1184 2047 1301 2096 λέξεις
1325 2045 1490 2095 ἑαυτούς
1523 2047 1728 2099 ἐπιδῶμεν.
1793 2045 1899 2086 Φασὶ

358 2115 431 2172 γάρ
456 2115 572 2157 πάλιν
593 2114 636 2157 τὸ
663 2114 781 2169 ῥητὸν
805 2113 876 2156 οὐκ
910 2113 1076 2169 εὐλόγως
1098 2115 1342 2167 κατέχοντες,
1374 2113 1433 2156 ὅτι
1456 2112 1575 2162 αὐτός
1600 2115 1678 2166 ἔφη
1713 2111 1735 2154 ὁ
1755 2111 1899 2167 σωτὴρ,

366 2187 410 2225 Τί
433 2200 479 2236 με
501 2185 621 2238 λέγεις
651 2181 828 2238 ἀγαθόν,
872 2180 926 2230 εἷς
947 2184 1048 2223 ἐστιν
1076 2181 1229 2237 άγαθός
1253 2179 1274 2223 ὁ
1296 2180 1413 2232 θεὸς,
1444 2183 1508 2222 καὶ
1536 2179 1736 2236 ἀφώρισεν
1759 2178 1900 2222 ἑαυτὸν

361 2253 544 2294 ἐντεῦθεν
565 2249 644 2292 ἀπὸ
669 2255 737 2303 τῆς
758 2255 829 2291 τοῦ
851 2249 997 2303 πατρὸς
1030 2248 1166 2298 οὐσίας
1187 2266 1226 2291 τε
1253 2251 1320 2291 καὶ
1343 2247 1604 2297 ὑποστάσεως.
1671 2246 1724 2290 Τὸ
1748 2248 1790 2289 δὲ
1819 2252 1900 2289 πᾶν

360 2321 438 2361 ἐστι
463 2321 674 2374 γελοιῶδες.
736 2320 793 2358 Εἰ
811 2316 885 2372 γάρ
919 2315 941 2359 ὁ
970 2323 1138 2359 τοσαῦτα
1169 2312 1264 2370 ἡμῖν
1300 2315 1436 2372 άγαθοὶ
1460 2314 1687 2369 πεποιηκώς
1710 2314 1785 2357 οὐκ
1808 2313 1900 2370 ἄγα·

358 2386 436 2435 θὸς
456 2385 546 2441 παρ’
571 2386 708 2435 αὐτοῖς
733 2388 925 2439 κρίνεται,
958 2387 1021 2427 καὶ
1045 2389 1102 2434 τίς
1120 2387 1171 2427 ἔτι
1195 2384 1337 2427 τούτου
1361 2383 1653 2439 μοχθηρότερος
1679 2385 1758 2436 εἴη,
1789 2381 1850 2424 ὅτι
1877 2379 1900 2424 ὅ

361 2454 542 2503 δεδωκώς
564 2456 634 2508 τήν
658 2452 791 2507 ψυχήν
820 2452 944 2494 αὐτοῦ
966 2451 1063 2506 ὑπὲρ
1095 2458 1172 2495 τῶν
1192 2451 1422 2507 προβάτων,
1465 2450 1488 2493 ὁ
1509 2456 1556 2509 τῇ
1581 2452 1742 2507 ἑκουσίᾳ
1761 2449 1898 2507 γνώμῃ

907 2518 917 2532 e

361 2520 489 2563 ἐλθών
524 2524 579 2570 εἰς
614 2521 655 2563 τό
688 2527 854 2571 παθεῖν,
896 2538 915 2562 o
949 2517 1114 2574 α’παθής
1145 2519 1242 2570 θεός
1265 2519 1339 2570 ὧν,
1380 2519 1441 2562 ὅτι
1469 2518 1511 2561 τό
1535 2517 1607 2572 τήν
1636 2516 1788 2572 δωρεάν
1807 2514 1901 2569 ἡμῖν

360 2588 624 2643 ποιησάμενος
646 2594 723 2631 τῶν
750 2587 1058 2643 άμαρτημάτων,
1100 2588 1158 2630 ὅτι
1185 2587 1206 2630 ὁ
1226 2587 1295 2636 τάς
1322 2587 1442 2637 ἰάσεις
1464 2587 1677 2635 ἐπιτελέσας
1710 2587 1753 2626 ἐν
1781 2585 1900 2625 παντὶ

356 2655 528 2711 Ἰσραὴλ,
571 2655 592 2698 ὁ
615 2659 657 2698 ἐκ
680 2662 749 2710 τῆς
782 2656 906 2697 αὐτοῦ
928 2656 1178 2710 ἀγαθότητος
1199 2661 1388 2698 τοσοῦτον
1419 2656 1532 2710 γένος
1563 2659 1642 2695 τῶν
1673 2650 1901 2705 ἀνθρώπων

361 2724 683 2779 περισυναγαγών
716 2727 756 2766 ἐν
788 2723 1025 2778 άγαθότητι,
1069 2722 1091 2765 ὁ
1122 2729 1191 2777 τῆς
1232 2722 1480 2779 οἷγαθότητος
1512 2721 1704 2778 πρύτανις
1733 2720 1801 2760 καὶ
1831 2723 1901 2772 τῆς

363 2791 518 2845 εἰρήνης
544 2792 760 2843 δεσπόζων,
803 2790 825 2833 ὁ
857 2790 936 2833 ἄνω
973 2793 1016 2833 ἐκ
1041 2791 1189 2847 πατρὸς
1220 2790 1374 2847 ἀγαθὸς
1393 2789 1527 2845 λόγος,
1569 2791 1612 2830 ἐκ
1639 2791 1709 2829 τοῦ
1739 2786 1900 2842 ἀγαθοῦ

361 2858 508 2913 πατρὸς
532 2861 829 2914 γεγεννημένος,
870 2858 892 2901 ὁ
913 2859 1048 2908 διδους
1070 2859 1221 2914 τροφὴν
1245 2864 1340 2900 πᾶσι
1365 2859 1501 2912 σαρκὶ,
1544 2854 1566 2897 ὁ
1593 2853 1803 2909 ἐνεργήσας
1833 2854 1900 2895 ἆν-

360 2925 542 2981 θρώποις
561 2929 627 2968 καὶ
650 2933 749 2968 πᾶσι
769 2933 850 2976 τοῖς
872 2925 938 2968 ὐπ’
963 2926 1086 2970 αὐτοῦ
1108 2927 1399 2983 γεγεννημένοις
1420 2929 1538 2965 πᾶσιν
1561 2921 1802 2977 άγαθότητα,
1825 2922 1900 2964 οὐκ

409 3007 459 3040 11.
483 3007 614 3050 πνεῦμα
637 3010 703 3039 cod.
724 3009 850 3048 Rhedz'g.
1204 3006 1253 3039 12.
1279 3005 1360 3049 ἐμοῦ
1384 3005 1526 3037 mendose
1545 3005 1635 3036 habet
1657 3005 1704 3035 ed.
1717 3005 1827 3036 Petav.
1843 3004 1900 3036 Co-
