2066 3319
468 200 646 232 PANARn
671 200 753 232 Lm.
775 201 813 233 n.
839 201 945 233 rom.
968 202 1005 233 n.
1030 201 1159 234 HAER.
1181 202 1300 234 vai.
1571 195 1650 235 465

122 280 238 334 igitur
260 279 435 330 amabat,
472 280 601 320 curin
625 294 804 331 carnem,
839 280 871 321 si
901 294 945 321 ea
978 282 1074 322 mala
1103 289 1183 332 est,
1219 282 1370 336 regredi
1398 282 1544 322 voluit?
1583 296 1652 322 cnr

121 361 197 387 non
224 353 416 388 mortuum
438 347 542 388 illum
564 348 684 388 semel
708 348 1006 402 exsolutumque
1030 364 1192 404 corpore
1216 351 1267 390 ita
1292 350 1343 389 uti
1367 358 1452 390 erat
1475 349 1652 404 reliquit?

119 414 206 456 Nec
231 422 290 456 est
315 415 413 469 quod
439 415 510 455 sibi
535 415 734 470 quisquam
765 416 994 470 persuadeat
1018 415 1214 457 Lazarum
1244 417 1405 457 subinde
1432 431 1518 457 esse
1550 432 1652 458 mor·

121 491 240 524 tuum.
302 482 388 523 Hoc
414 483 514 523 enim
538 484 780 538 evangelium
803 491 935 538 aperte
957 484 1148 534 declarat,
1183 484 1410 524 accubuisse
1436 492 1569 539 postea
1595 484 1651 525 le-

118 565 225 602 sum,
259 558 298 591 et
324 565 409 591 cum
433 565 480 592 eo
505 549 703 592 Lazarum
733 552 909 592 similiter
931 552 1175 592 accubuisse.
1239 550 1343 605 Quin
1377 559 1414 592 et
1436 553 1525 593 illud
1552 554 1653 594 inter

120 618 371 660 Traditiones
409 619 649 674 reperimus,
688 621 841 674 triginta
871 628 946 660 tum
973 634 1094 660 annos
1123 627 1253 659 natum
1287 620 1404 660 fuisse
1439 619 1648 672 Lazarum,

118 701 202 727 cum
230 700 251 727 a
284 687 445 727 mortuis
472 688 668 728 excitatus
694 695 766 728 est.
832 689 959 742 Atque
985 688 1082 728 idem
1118 687 1180 728 ille
1212 695 1343 742 postea
1376 688 1534 742 triginta
1565 690 1651 729 aliis

118 755 230 796 annis
260 755 382 796 vixit:
418 762 533 810 atque
564 757 617 796 ita
649 763 822 796 mortuus
857 757 901 795 ad
935 755 1127 795 dominum
1158 756 1294 806 rediit,
1330 763 1368 795 et
1397 770 1480 796 cum
1513 757 1651 797 illustri

118 822 285 864 nominis
313 823 412 863 sama
448 831 609 864 vocatus
642 831 724 875 est,
763 831 803 864 ut
832 831 871 864 et
899 824 1018 863 ceteri
1048 837 1182 863 omnes
1212 824 1256 863 ad
1293 823 1447 863 ultimae
1475 838 1652 865 resurre-

117 890 258 932 ctionis
285 905 407 946 usque
436 898 600 947 tempus,
635 891 802 946 quando,
839 898 877 931 ut
902 891 1092 945 pollicitus
1116 898 1190 942 est,
1225 891 1446 945 unigenitus
1470 892 1529 932 dei
1556 892 1653 932 lilius

117 973 257 1015 corpus
278 959 447 1010 animae,
483 959 712 1014 corporique
735 958 905 999 restituit
928 960 1116 1010 animam,
1152 966 1190 999 et
1216 963 1412 1012 emz'cue‘que
1430 968 1547 1011 prout
1562 976 1648 1012 ges·
1667 966 1853 1002 ²·Cor·5‚1⁰.

115 1031 185 1076 sit,
218 1031 295 1067 sive
326 1029 481 1075 bonum,
515 1031 591 1067 sive
621 1030 778 1075 malum,
815 1027 1015 1082 rependet.

230 1094 384 1136 Etenim
421 1096 494 1136 nisi
527 1110 730 1151 corporum
758 1097 883 1136 futura
912 1103 1018 1136 esset
1042 1096 1245 1150 aliquando
1270 1097 1530 1148 resurrectio,
1563 1097 1651 1152 quid
1699 1100 1777 1142 Cap.

117 1163 180 1204 ille
204 1163 277 1205 sibi
300 1164 419 1204 vellet
443 1167 604 1204 dentium
628 1167 800 1204 stridor?
858 1161 944 1204 Nec
968 1171 1027 1205 est
1052 1164 1151 1218 quod
1178 1164 1291 1219 aliqui
1319 1164 1466 1205 insanis
1486 1164 1562 1206 illis
1582 1180 1650 1206 vo·
1670 1145 1853 1222 ἔῖἷὶξὲη

118 1232 228 1273 cibus
255 1232 497 1288 obstrepant,
532 1234 668 1273 dentes
692 1232 802 1273 nobis
826 1233 870 1272 ad
896 1232 1152 1273 mandendum
1177 1246 1263 1273 esse
1291 1232 1514 1273 fabricatos.
1575 1232 1653 1273 Ec-

118 1299 204 1355 quid
228 1315 322 1342 vero
345 1301 418 1341 cibi
445 1308 531 1356 post
554 1308 791 1341 mortuorum
819 1301 1147 1342 resurrectionem
1172 1301 1445 1341 comedemus?
1506 1299 1653 1342 Verum

119 1383 204 1409 cum
232 1376 319 1424 post
348 1369 675 1410 resurrectionem
701 1367 811 1409 lesus
840 1369 1010 1409 secundo
1035 1368 1158 1409 cibum
1185 1369 1496 1420 manducaverit,
1531 1383 1575 1410 ac
1605 1370 1651 1411 de

117 1445 241 1476 assato
267 1441 371 1489 pisce
399 1446 435 1476 et
460 1440 547 1489 savo
574 1440 692 1476 mellis
717 1440 936 1484 comederit,
973 1451 1043 1477 nee
1068 1451 1143 1476 non
1167 1443 1205 1477 et
1227 1452 1310 1477 cuni
1335 1440 1527 1489 discipulis
1560 1453 1651 1490 qua·
1670 1438 1854 1502 {gg-¹²¹3?-

117 1508 294 1557 draginta
325 1507 452 1545 diebus
479 1507 597 1544 cibum
629 1509 847 1557 sumpseril,
883 1519 1011 1545 nonne
1041 1505 1165 1545 cibum
1197 1505 1262 1545 illo
1295 1518 1445 1559 quoque
1479 1512 1651 1560 tempore
1770 1496 1776 1507 ³

118 1574 286 1614 futurum
318 1573 563 1629 putabimus?
624 1572 864 1628 Quamquam
890 1574 935 1613 de
957 1573 1042 1613 cibo
1069 1574 1311 1627 perspicuum
1341 1574 1429 1612 inde
1462 1580 1522 1614 est
1552 1576 1650 1629 quod

118 1641 320 1693 scribitur,
355 1645 492 1681 Beatus
519 1645 586 1694 qui
611 1643 846 1681 manducabit
873 1656 1004 1693 panem
1028 1645 1064 1680 ιή
1096 1656 1212 1693 regno
1238 1644 1437 1681 coelorum.
1502 1640 1583 1683 lmo
1614 1650 1651 1684 et
1670 1656 1741 1683 Luc.
1754 1656 1796 1689 1⁴,
1814 1659 1855 1685 15.

119 1709 240 1765 ipsius
276 1710 417 1750 domini
456 1710 554 1750 haud
592 1709 756 1751 obscura
788 1709 1016 1764 promissio,
1058 1711 1239 1749 Sedebitz's
1268 1713 1318 1749 ad
1346 1725 1504 1749 mensam
1528 1715 1652 1762 patr-is
1672 1723 1743 1753 Luc.
1757 1724 1854 1760 ²²‚³⁰-

120 1781 210 1826 mei,
253 1781 478 1818 comedentes
512 1787 548 1817 et
579 1780 753 1818 bibentes.
819 1776 897 1819 Sed
934 1778 1033 1832 quod
1072 1778 1116 1818 ad
1152 1777 1275 1818 cibum
1309 1778 1412 1819 illum
1448 1786 1653 1834 potumque

122 1846 312 1901 pertinet,
348 1847 453 1888 solus
476 1847 538 1888 ille
573 1848 703 1897 novit,
739 1846 1044 1901 quandoquidem
1073 1861 1166 1898 quae
1187 1861 1254 1887 nee
1281 1849 1409 1886 oculas
1443 1851 1553 1895 vidit,
1587 1863 1654 1888 nec
1673 1860 1853 1895 Leonas.

119 1917 225 1954 auris
246 1917 408 1963 audivit,
444 1930 510 1954 nec·
531 1919 568 1954 1'11
593 1931 658 1954 cor
683 1918 840 1954 hominis
869 1917 1135 1961 ascendet-unt,
1171 1930 1265 1967 quae
1292 1919 1538 1967 praeparavit
1564 1919 1653 1956 deus

119 1984 361 2034 diligentibus
381 1998 432 2022 se.
499 1981 576 2024 Sed
611 1983 705 2023 haec
736 1983 862 2023 obiter
889 1982 961 2023 loci
986 1983 1097 2023 huius
1124 1984 1331 2024 occasione
1363 1985 1649 2039 proposuimus,

120 2064 205 2091 cum
230 2051 445 2092 animarum
469 2052 675 2092 discrimen
699 2051 1010 2106 explicaremus,
1044 2051 1155 2105 idque
1180 2065 1229 2092 ex
1252 2052 1307 2092 rei
1333 2053 1497 2094 veritate
1519 2060 1557 2094 et
1582 2066 1652 2094 ex-

121 2119 246 2174 emplo
265 2119 330 2160 illo
355 2119 469 2174 longe
495 2119 696 2175 aptissimo
723 2119 1086 2173 comprobaremus,
1120 2119 1298 2161 nimirum
1323 2120 1434 2161 aliam
1465 2135 1553 2162 esse
1584 2121 1652 2162 ho-

120 2187 257 2239 minis,
293 2188 403 2228 aliam
428 2188 586 2242 pecudis
605 2188 793 2239 animam,
828 2201 899 2228 nec
922 2195 961 2228 ut
983 2188 1138 2242 pecudis
1161 2188 1326 2229 animam
1349 2196 1550 2240 servaret,
1583 2190 1651 2230 sed

122 2254 288 2296 hominis
324 2256 534 2307 duntaxat,
578 2257 784 2297 advenisse
822 2254 1042 2306 Christum,
1087 2257 1264 2310 quoniam
1299 2258 1464 2312 pecudes
1496 2256 1650 2297 minime

120 2323 353 2366 iudicantur.
407 2325 511 2367 Nam
536 2325 711 2365 homines
734 2324 884 2379 quidem
907 2331 944 2365 et
965 2325 1074 2379 regni
1098 2325 1295 2365 coelorum
1317 2325 1568 2366 hereditatem
1591 2339 1651 2366 as-

121 2399 351 2447 sequuntur,
385 2393 481 2434 etin
509 2393 690 2434 iudicium
714 2399 916 2433 vocantur.
979 2394 1090 2432 Ibunt
1114 2396 1229 2440 enim,
1266 2393 1407 2447 inquit,
1442 2397 1472 2431 εἰ·
1494 2397 1530 2432 iu
1553 2396 1648 2433 e'udc‘-
1684 2394 1797 2459 ‘gagg-

120 2463 215 2500 cium
246 2469 459 2509 aeternum,
495 2470 531 2501 et
560 2465 592 2500 iz'
617 2464 654 2500 in
685 2464 796 2500 vitam
825 2469 1025 2501 aeternam.

233 2526 334 2582 Quid
366 2530 412 2570 ad
445 2530 539 2570 haec
565 2529 631 2570 isti
663 2529 930 2583 quaestionum
960 2529 1235 2584 indagatores?
1294 2527 1455 2570 Scilicet
1485 2544 1569 2570 cum
1601 2543 1648 2571 eo
1675 2538 1751 2582 Cap.
1767 2538 1840 2571 XL.

120 2598 385 2651 pervenerint,
419 2611 544 2652 neque
569 2597 775 2638 verborum
803 2598 1034 2638 sententiam
1061 2596 1230 2638 assecuti
1257 2597 1413 2648 fuerint,
1447 2598 1650 2652 indignan-

121 2671 204 2716 tur,
238 2679 282 2706 ac
307 2664 562 2721 repugnantia
583 2665 769 2720 quaedam
792 2665 938 2720 fingere
959 2665 1030 2706 sibi
1055 2666 1201 2705 malunt
1227 2679 1336 2719 quam
1363 2666 1526 2706 fructum
1548 2666 1649 2707 utili-

122 2739 315 2788 tatemque
351 2734 568 2789 requirere.
630 2731 854 2774 Matthaeus
891 2733 993 2774 enim
1035 2733 1130 2774 duos
1166 2747 1187 2773 a
1224 2733 1411 2774 daemone
1449 2742 1649 2789 correptos
1669 2745 1851 2781 Manna-ze.

124 2801 242 2844 fuisse
275 2809 486 2853 memorat,
528 2800 657 2842 Lucas
694 2803 806 2843 unius
842 2801 1028 2842 duntaxat
1062 2801 1296 2841 mentionem
1334 2801 1438 2843 facit.
1502 2800 1581 2844 Sed
1612 2810 1651 2844 et
1669 2815 1850 2849 Lutaastw.

122 2926 226 2957 Petav.
252 2944 292 2950 —
341 2928 403 2958 Pro
425 2924 622 2969 έφὲάσαμεν
646 2929 678 2959 in
699 2928 766 2959 cod.
786 2929 864 2960 Rhe·
911 2928 1040 2958 habeant
1062 2925 1119 2968 κᾳὶ
1139 2923 1192 2958 τὰ.
1239 2927 1389 2966 Apodosis
1417 2929 1522 2968 incipit
1553 2930 1652 2960 verbis

123 2970 186 3011 dig.
209 2969 411 3025 εειτέφξῐασα
436 2971 505 3014 μὲν.
911 2971 968 3005 καὶ
992 2966 1053 3004 οὐκ
1074 2969 1172 3012 fimf..

166 3018 197 3048 2.
223 3027 311 3059 κᾳτα
343 3026 411 3049 mea
435 3021 580 3050 correctio
611 3022 671 3058 est,
704 3028 775 3051 cum
797 3020 865 3049 libri

193 3068 308 3105 Corpus
327 3070 506 3100 Haereseol.
527 3071 563 3100 ΙΙ.
582 3073 607 3101 2.
1329 3077 1380 3118 30
