2056 3298
496 195 674 226 PANARH
701 195 782 226 Lm.
802 196 841 226 n.
867 196 973 228 Toxi.
995 198 1019 228 1.
1045 197 1345 229 HAER.XLVI¹1.
1635 189 1685 229 33

265 272 400 327 Pergit
427 271 639 314 Montanus
671 274 810 314 infelix
837 275 1066 315 homuncio:
1111 279 1194 316 Non
1223 279 1400 327 augelus,
1437 276 1581 331 inquit,
1615 291 1687 315 non

153 344 302 392 legatus
323 344 473 394 aliquis,
508 345 574 381 sed
595 351 738 394 egomet
755 346 844 381 (leus
862 352 972 395 puter
992 349 1144 383 accessi.
1211 344 1296 397 Qua
1324 359 1391 385 sua
1417 359 1511 385 voce
1538 345 1687 384 alienus

153 423 241 450 esse
265 410 588 464 deprehenditur,
624 412 685 465 qui
710 408 906 452 Christum
934 412 1087 451 minime
1114 414 1399 467 praedicatione
1423 428 1490 452 sna
1516 413 1688 453 celebra-

153 478 275 527 verit,
311 492 422 532 quem
448 479 619 519 coeleste
644 493 756 519 omne
783 480 922 519 donum
950 480 1134 521 divinitus
1165 481 1353 520 ecclcsiae
1383 481 1562 521 collatum
1596 495 1687 522 vere

151 559 305 600 semper
326 561 370 586 ac
395 548 597 600 magnifice
621 547 871 602 praedicavit.
936 547 1067 602 Quare
1091 555 1204 589 extra
1230 563 1370 602 corpus
1391 550 1596 599 ecclesiae,
1632 557 1687 590 to-

152 613 304 668 tiusque
332 616 506 669 corporis
543 624 655 670 caput
691 630 778 656 esse
804 618 1043 670 reperietur,
1080 630 1150 656 nec
1179 631 1262 655 cum
1293 617 1379 666 illo,
1415 617 1590 671 inquam,
1625 632 1689 658 co-

153 681 315 723 haerere
339 685 461 738 capite
477 715 487 734 ,
520 701 568 723 es
598 700 669 737 qno
695 693 808 724 tolum
835 698 972 736 eorpus
1003 693 1298 735 coagmenmtnm
1323 688 1478 732 crescz‘l,
1520 693 1561 725 ut
1592 687 1687 726 scri-
1707 695 1771 723 Col.
1791 695 1817 730 2,
1838 696 1878 725 19-

150 757 262 805 ptura
295 751 479 805 loquitur.
543 751 695 806 Quippe
732 754 906 793 dominus
942 761 1076 792 noster
1112 751 1219 793 lesus
1248 751 1428 792 Clu-istus
1461 754 1509 792 ita
1548 762 1689 795 semct-

151 819 272 873 ipsum
300 821 534 871 declaravit,
571 835 708 861 revera
731 829 769 861 ut
795 836 1019 875 germanum
1047 835 1134 862 esse
1160 822 1330 876 parentis
1366 822 1480 861 lilium
1508 825 1688 863 ostende-

150 894 224 928 ret.
287 886 502 929 Montanus
535 897 668 929 contra
701 890 762 930 vcl
796 898 992 944 parentem
1025 904 1068 930 se
1101 904 1188 930 esse
1221 890 1424 943 gloriatur.

263 954 374 1009 Quae
399 972 482 997 cum
510 958 561 998 ita
584 959 675 1008 sint,
709 973 782 1012 qno
808 959 959 998 tandem
985 966 1111 1013 pacm,
1146 957 1339 1013 Phryges,
1375 958 1435 1013 qui
1460 966 1592 998 contra
1618 973 1687 999 nos
1714 966 1790 1008 Cap.
1816 966 1889 998 xu.

150 1024 238 1064 novi
271 1025 410 1065 iterum
441 1025 571 1067 hostes
606 1027 865 1080 consurgitis,
901 1034 938 1067 et
968 1035 1134 1067 externa
1161 1028 1322 1081 quadam
1346 1029 1475 1081 specie
1499 1026 1688 1069 Christia-

149 1107 237 1132 num
276 1094 321 1133 ad
358 1108 497 1134 nomen
536 1097 795 1149 usurpandum
831 1096 1013 1146 illuditis,
1049 1110 1092 1136 ac
1124 1095 1386 1136 Troianorum
1424 1104 1460 1136 et
1490 1094 1686 1151 Phrygum

149 1161 287 1201 hostile
312 1161 349 1201 in
374 1177 445 1203 nos
470 1163 596 1203 odium
625 1164 848 1214 imitamini,
883 1164 944 1218 qui
971 1179 1066 1214 nos,
1102 1165 1281 1218 inquam,
1318 1164 1459 1204 habere
1485 1166 1595 1205 [idem
1622 1181 1688 1206 vo-

147 1229 205 1270 bis
231 1245 458 1285 possumus,
493 1246 576 1272 cnm
602 1232 649 1271 oh
675 1232 860 1272 coelestia
884 1235 981 1272 dona
1007 1247 1077 1273 vos
1103 1234 1148 1273 ab
1178 1233 1344 1273 ecclesia
1370 1233 1600 1274 discessisse
1634 1234 1688 1274 ia-

148 1298 289 1339 ctatis?
348 1298 440 1340 Non
470 1300 570 1339 enim
602 1301 787 1341 eoelestia
813 1315 901 1341 csse
927 1302 1024 1341 dona
1054 1310 1212 1357 possunt
1241 1315 1338 1355 quae
1366 1309 1567 1357 tantopere
1600 1311 1689 1343 sunt

148 1366 194 1406 ab
220 1367 410 1407 eiusmodi
438 1369 548 1408 donis
579 1368 728 1418 aliena,
763 1384 936 1424 quaeque
963 1378 1118 1425 praeter
1140 1371 1352 1410 institutam
1377 1385 1399 1411 a
1423 1371 1577 1411 domino
1612 1373 1688 1411 sor-

148 1450 245 1475 mam
272 1450 317 1476 ac
344 1437 533 1477 rationem
566 1437 795 1488 ostenditis,
830 1439 1147 1492 quemadmodum
1182 1439 1392 1493 prophetae
1423 1440 1542 1480 vestri
1576 1440 1688 1496 profi—

149 1511 292 1544 tentur.
357 1502 436 1546 Sed
459 1504 716 1545 Maximillam
748 1507 881 1546 nescio
912 1522 1022 1560 quam
1050 1508 1161 1547 nobis
1193 1507 1419 1558 obtruditisg
1456 1508 1593 1562 qnippe
1626 1509 1688 1549 vel

148 1571 228 1627 ipsa
253 1574 406 1613 nomina
431 1582 560 1614 vestra
586 1589 605 1614 a
633 1575 823 1614 communi
853 1590 923 1615 usu
946 1584 1092 1615 remota
1119 1582 1210 1615 sunt
1236 1583 1273 1615 et
1298 1577 1342 1615 ad
1370 1583 1556 1616 terrorem
1583 1591 1686 1617 com-

148 1641 290 1694 posita,
326 1656 450 1696 neque
479 1642 568 1682 mite
592 1643 793 1697 quicquam
820 1643 893 1684 illis
916 1643 1018 1683 inest
1041 1651 1107 1683 aut
1131 1644 1352 1693 iucundum,
1388 1646 1454 1684 sed
1481 1645 1685 1685 barbarum

148 1716 188 1749 et
214 1717 384 1763 agreste.
449 1709 557 1750 Haec
585 1710 704 1765 igitur
725 1710 968 1762 Maximilla,
1003 1726 1114 1766 quam
1139 1710 1316 1767 Phryges
1350 1712 1411 1752 isti
1445 1714 1684 1767 praedicant,

148 1777 298 1828 audite,
335 1775 480 1819 Christi
506 1779 594 1829 lilii,
631 1781 947 1833 quemadmodum
977 1780 1167 1834 loquitur:
1200 1783 1264 1819 Me
1287 1783 1429 1833 quidem
1450 1796 1523 1820 non
1543 1784 1682 1831 audite,

146 1849 213 1885 sed
236 1848 423 1885 Christum
445 1850 584 1886 audite.
650 1846 800 1901 Quibus
831 1848 985 1899 verbis,
1018 1849 1110 1889 licet
1135 1846 1293 1890 Christo
1325 1849 1509 1890 honorem
1543 1851 1685 1890 habere

147 1915 346 1964 videatur,
382 1915 516 1956 iisdem
551 1923 677 1957 tamen
716 1917 809 1971 ipsis
845 1931 1017 1957 errorem
1054 1932 1163 1957 suum
1202 1919 1457 1958 demonstrat.
1519 1916 1621 1958 Nam
1653 1919 1686 1959 si

148 1980 294 2023 Christi
321 1985 446 2033 foret,
481 1986 641 2025 eandem
668 1985 703 2025 in
727 1985 920 2040 loquendo
946 1987 1146 2026 formulam
1175 1986 1390 2036 adhiberet,
1426 2001 1499 2041 qua
1522 1987 1685 2042 apostoli

147 2065 281 2092 omnes
307 2052 530 2106 singillatim
556 2053 613 2094 usi
636 2061 741 2094 sunt.
803 2053 996 2109 lmprimis
1022 2052 1190 2104 Petrus,
1230 2057 1331 2103 Nos,
1366 2055 1512 2110 inquit,
1545 2057 1592 2094 ab
1617 2053 1885 2122 z'llozffss‘etssvlff‘llg.

145 2123 365 2160 audivimus.
431 2119 509 2163 Sed
545 2129 584 2162 et
621 2122 796 2162 dominus
832 2123 914 2178 ipse
950 2122 1072 2173 dixit,
1116 2126 1191 2174 Qui
1219 2139 1282 2162 vos
1311 2126 1439 2171 audit,
1474 2139 1530 2163 me
1558 2127 1676 2163 audit.
1699 2131 1885 2168 Luc-10‚16.

145 2187 290 2230 Paulus
314 2190 428 2230 item:
462 2193 675 2230 Imz‘latores
696 2195 770 2230 mei
787 2200 914 2239 eslole,
948 2195 1048 2231 sicut
1067 2200 1104 2230 et
1123 2207 1190 2243 ego
1211 2195 1364 2231 Christi.
1415 2192 1469 2232 At
1491 2193 1553 2232 illa
1577 2207 1682 2233 men-
1697 2206 1884 2242 1.c01.11‚1.

147 2257 276 2298 tiendo
299 2259 362 2299 vel
395 2258 516 2298 invita
543 2274 677 2299 verum
712 2260 825 2300 dicit:
861 2268 1043 2314 recteque
1075 2260 1175 2301 istud
1203 2260 1356 2311 adiicit,
1389 2262 1455 2299 sed
1476 2262 1677 2300 Christum.

147 2323 275 2381 Saepe
299 2327 401 2366 enim
425 2327 564 2381 impuri
587 2328 745 2382 spiritus
767 2329 997 2384 semetipsos
1022 2336 1213 2383 coguntur
1234 2336 1430 2378 evertere,
1464 2343 1548 2368 cum
1571 2343 1591 2368 a
1617 2343 1683 2370 ve-

134 2394 258 2435 ·ritate
286 2395 543 2446 abhorreant,
578 2411 622 2436 ac
647 2397 841 2437 dominum
870 2412 1002 2447 snum,
1039 2397 1160 2437 velint
1186 2397 1329 2446 nolint,
1366 2398 1590 2438 necessario
1616 2399 1681 2438 de-

146 2463 309 2503 clarant.
375 2462 707 2517 Quemadmodum
742 2465 865 2520 puella
899 2465 963 2506 illa
991 2464 1207 2521 Pythonico
1235 2467 1371 2520 spiritu
1401 2465 1570 2520 praedita
1603 2466 1681 2506 cla-

145 2531 293 2582 mabat,
326 2535 501 2571 Homines
522 2536 590 2572 isti
608 2536 670 2572 del
691 2536 868 2573 altissimi
886 2537 990 2573 servi
1010 2542 1109 2573 sunt.
1171 2532 1260 2587 Quo
1295 2541 1333 2574 et
1363 2535 1452 2574 illud
1485 2535 1673 2589 pertinet:
1697 2551 1818 2585 Act-16,
1838 2554 1878 2580 16.

146 2602 223 2640 Cur
248 2603 383 2640 venisti
398 2609 486 2641 ante
506 2609 646 2654 [empus
669 2610 842 2654 torquere
866 2607 962 2642 nos?
1018 2605 1198 2641 Novimus
1223 2605 1289 2654 qm·
1311 2605 1382 2649 sis,
1417 2611 1569 2641 sanctus
1599 2606 1670 2642 dez'.
1688 2585 1878 2619 Mantus-29.

145 2667 204 2710 Ita
225 2667 444 2710 Maximilla
470 2670 506 2710 vi
542 2671 704 2724 quadam
732 2670 892 2724 impulsa
929 2671 1054 2711 audiri
1081 2685 1122 2712 se
1149 2670 1303 2710 minime
1333 2670 1434 2721 vult,
1467 2672 1534 2711 sed
1561 2669 1675 2712 Chri-

144 2745 259 2778 stum.
324 2735 400 2791 Qui
435 2738 554 2792 igitur
585 2738 655 2779 hoc
686 2738 733 2779 ab
758 2739 820 2779 illa
848 2738 1040 2779 audierint
1064 2740 1176 2793 eique
1203 2739 1460 2791 crediderint,
1494 2753 1562 2780 cur
1591 2753 1675 2780 eam

144 2805 286 2847 diutius
315 2807 488 2858 audiunt,
523 2821 608 2847 cum
630 2821 706 2848 non
730 2806 868 2862 ipsam,
903 2808 970 2848 sed
993 2805 1189 2848 Christum
1214 2807 1443 2847 audiendum
1462 2808 1508 2848 ab
1532 2808 1676 2848 illamet

144 2873 223 2927 ipsa
250 2873 481 2914 didicerint?
539 2873 593 2916 Et
624 2888 719 2916 vero
752 2890 836 2916 cum
864 2875 1020 2916 nonnisi
1048 2881 1202 2914 terrena
1230 2875 1415 2928 quaedam
1439 2876 1607 2927 effutiat,
1642 2877 1673 2917 si

142 2941 242 2982 ullus
266 2942 302 2981 in
327 2941 383 2982 eis
407 2957 547 2983 sensus
569 2943 732 2994 inesset,
765 2943 898 2985 audire
923 2944 1024 2984 illam
1050 2955 1287 2996 nequaquam
1313 2951 1523 2997 oporteret.
1585 2943 1672 2985 Nec

144 3015 203 3049 est
229 3010 326 3062 quod
354 3010 512 3050 obiicias
540 3011 637 3051 hanc
661 3011 904 3052 intellexisse
936 3009 1023 3064 quid
1051 3010 1211 3050 diceret.
1273 3009 1363 3051 Non
1399 3011 1500 3053 enim
1531 3011 1672 3053 intelli-

212 3086 328 3121 Corpus
346 3085 521 3114 Haerescol.
541 3085 579 3115 11.
598 3088 624 3116 2.
1377 3094 1401 3132 3
