2066 3319
568 209 749 241 PANARn
775 210 858 242 Lm.
878 211 918 242 11.
943 212 1050 244 Tou.
1072 213 1096 244 1.
1121 212 1253 244 HAER.
1275 213 1359 244 le.
1671 203 1749 243 125

200 288 518 341 quemadmodum
538 287 728 330 etMoses
752 290 866 330 homo
889 290 973 331 fuit.
1016 290 1163 332 Verum
1187 292 1311 332 nescit
1333 291 1472 346 impius
1488 292 1549 332 ille
1571 292 1751 332 desertor

198 354 427 397 Theodotus
459 371 570 411 quam
604 358 760 412 egregie
790 373 1043 414 unaquaeque
1069 361 1185 401 dictio
1207 375 1276 401 sua
1301 361 1481 401 cautione
1507 361 1649 401 munita
1680 361 1746 401 sit.

197 422 300 464 Nam
320 426 419 479 quod
442 439 462 466 e
480 426 664 466 fratribus
681 426 786 467 illum
805 428 983 468 dominus
1001 430 1205 477 excitavit,
1235 443 1280 469 eo
1303 431 1552 470 referendum
1573 436 1633 470 est
1649 430 1748 484 quod

197 491 362 546 eMaria
387 494 438 534 sit
459 495 630 548 genitus.
681 493 771 548 Quo
794 511 912 537 sensu
938 497 1028 537 illud
1054 498 1320 552 accipiendum
1346 505 1426 537 est:
1462 501 1560 537 Eece
1581 502 1688 550 virgo
1712 501 1749 537 z‘n

196 570 303 601 utero
328 564 498 611 habebit,
534 572 570 603 et
595 567 725 616 pariet
742 567 885 616 filium.
950 569 1090 617 bbg-o,
1135 568 1290 620 inquam
1308 598 1317 616 ,
1360 581 1531 614 mallens,
1575 571 1612 606 ιἸι
1645 575 1750 606 utero
1770 575 1839 603 lsai.
1859 576 1886 610 τ,
1905 578 1946 603 14.

194 632 362 679 habebit,
399 646 475 672 non
514 645 564 672 ex
598 632 670 673 viri
698 633 870 684 semine,
907 633 1101 688 liliumque
1135 634 1281 689 pariet,
1317 635 1432 674 sctum
1467 636 1597 689 utique
1631 650 1749 676 carne

195 700 435 754 praeditum,
471 707 508 741 et
538 715 558 741 a
589 701 742 756 virgine
776 702 964 756 genitum.
1029 703 1090 742 Ad
1127 703 1246 753 llaec,
1283 705 1425 742 Nomen
1458 706 1537 741 εἰπε
1570 706 1751 743 vocabant

193 770 428 817 Emmanuel,
465 770 564 824 quod
590 771 886 825 interpretatur,
920 772 1123 810 Nobiscum
1146 774 1249 810 dens.
1299 770 1372 811 Est
1393 772 1493 811 enim
1518 771 1631 811 homo
1655 773 1749 812 deus

194 851 216 877 a
246 845 354 893 patre
382 838 486 879 nullo
515 852 640 893 neque
671 839 861 894 principio
894 853 1018 894 neque
1052 847 1225 894 tempore
1258 839 1438 894 genituS,
1473 847 1512 880 et
1543 854 1594 880 ex
1621 839 1749 881 Maria

195 906 320 947 factus
349 907 487 959 bomo,
524 915 716 962 quatenus
742 922 859 948 carne
884 907 1082 962 praeditus
1105 908 1278 949 advenit.
1346 907 1423 948 Sed
1453 916 1491 948 et
1514 908 1604 948 illud
1632 924 1749 964 oppo-

193 975 271 1027 nit,
306 977 405 1030 quod
439 976 477 1016 in
511 976 719 1030 evangelio
748 974 903 1016 Mariae
938 990 1168 1032 responsum
1204 977 1368 1031 legitur:
1413 980 1582 1030 Spiritus
1611 980 1938 1025 dorm'm'Luc.1‚35.

191 1058 306 1097 super
328 1048 450 1084 veniet
466 1048 504 1084 ite
530 1053 577 1084 te.
630 1043 724 1085 Non
752 1045 852 1085 enim
877 1045 992 1096 dixit,
1027 1049 1196 1098 Spe're'lns
1219 1049 1362 1085 domz‘m'
1379 1050 1453 1085 erz‘l
1475 1049 1512 1085 in
1536 1055 1582 1085 te.
1637 1046 1749 1087 Hunc

191 1112 229 1152 in
261 1114 414 1154 modum
444 1113 608 1154 stolidus
637 1113 844 1154 homuncio
877 1114 1018 1169 ubique
1051 1115 1179 1155 studio
1205 1115 1471 1155 contentionis
1497 1115 1622 1155 elatus
1648 1117 1750 1156 veri-

192 1188 270 1222 tate
306 1182 505 1223 desciscit.
570 1181 727 1223 Etenim
762 1184 956 1238 scriptura
987 1198 1127 1234 sacra,
1162 1198 1237 1238 quo
1268 1184 1385 1224 vitam
1424 1192 1596 1225 nostram
1630 1185 1750 1225 unde-

191 1265 343 1305 quaque
381 1251 578 1302 firmaret,
622 1259 741 1306 utque
780 1260 1073 1293 sacrosanctam
1116 1253 1279 1293 triadem
1322 1253 1461 1307 ubique
1504 1261 1541 1294 et
1574 1254 1610 1293 in
1645 1254 1749 1293 omni

191 1320 387 1360 actionum
412 1334 560 1375 genere
587 1320 801 1361 convenire
824 1336 957 1362 secum
981 1322 1103 1376 ipsam
1132 1336 1176 1362 ac
1207 1321 1468 1362 communiter
1498 1323 1651 1362 efficere
1683 1324 1748 1363 de-

191 1388 383 1440 clararet,
419 1404 464 1430 ac
487 1404 534 1430 ne
558 1390 620 1445 qui
650 1391 818 1431 fortasse
844 1391 993 1431 iactare
1019 1391 1162 1445 aliquid
1193 1398 1368 1446 possent,
1403 1391 1503 1445 quod
1530 1406 1548 1431 a
1577 1391 1748 1446 pluribus

188 1465 412 1513 usurpatum
440 1466 500 1498 est
523 1459 585 1513 qui
613 1473 822 1514 pravorum
849 1460 1071 1513 dogmatum
1096 1460 1328 1500 occasiones
1353 1459 1425 1500 sibi
1454 1467 1674 1515 captarunt,
1710 1467 1748 1500 et

190 1541 212 1567 a
240 1524 400 1568 Christo
426 1527 541 1568 simul
574 1542 618 1568 ac
652 1535 761 1583 patre
795 1528 972 1583 spiritum
1003 1535 1179 1569 sanctum
1209 1529 1502 1580 abalienarunt,
1538 1537 1746 1584 propterea

192 1595 249 1636 sic
274 1594 443 1637 Mariam
471 1597 652 1651 angelum
677 1597 884 1637 allocutum
910 1611 998 1638 esse
1025 1597 1218 1652 scriptura
1244 1604 1544 1638 commemorat:
1580 1600 1748 1650 Spiritus

189 1673 345 1704 sateelns
367 1669 605 1717 superveniet
627 1669 665 1705 ile
700 1675 754 1715 le,
791 1675 829 1706 et
850 1670 971 1706 virius
996 1668 1176 1705 altissimi
1203 1667 1440 1706 obumbrabit
1470 1668 1560 1706 tibi:
1595 1670 1748 1719 ideoque

190 1742 226 1774 et
248 1737 348 1787 quod
367 1742 547 1774 nascetur
572 1750 621 1774 ex
646 1743 680 1774 te
704 1744 897 1783 sanetum,
933 1737 1130 1775 vocabitur
1151 1737 1267 1787 filius
1294 1738 1366 1775 dei.
1431 1734 1520 1776 Nec
1551 1735 1587 1775 id
1621 1736 1745 1775 solum

192 1803 315 1854 dixit,
352 1806 460 1854 Quod
480 1812 672 1852 nascetur,
708 1805 800 1855 sed,
834 1807 922 1844 Ideo
953 1813 991 1844 et
1019 1807 1120 1857 quod
1139 1813 1330 1852 nascetur,
1367 1805 1479 1844 deum
1513 1811 1555 1844 ut
1584 1804 1747 1844 verbum

192 1886 212 1913 a
236 1872 426 1928 principio
457 1872 577 1914 fuisse
602 1880 865 1926 monstraret,
901 1880 940 1914 et
965 1874 1001 1914 in
1026 1873 1162 1914 matris
1186 1880 1299 1914 utero
1329 1873 1526 1927 genitum,
1561 1888 1646 1913 cum
1680 1887 1748 1913 na-

191 1947 317 1982 turam
346 1941 512 1982 hominis
544 1950 683 1998 sponte
714 1957 782 1983 sua
810 1957 855 1983 ae
889 1943 1090 1983 voluntate
1123 1943 1312 1998 suscepit.
1377 1941 1428 1983 Ut
1460 1942 1578 1996 igitur
1609 1942 1746 1982 salutis

190 2018 349 2052 nostrae
371 2011 499 2065 gratia
526 2018 644 2052 totum
671 2012 763 2052 illud
787 2019 948 2053 naturae
975 2019 1181 2067 susceptae
1206 2011 1405 2065 negotium
1435 2012 1744 2052 administratum

189 2078 454 2135 intelligeres,
489 2079 565 2121 ista
595 2081 784 2122 subiecit:
818 2084 978 2135 Ideoque
1010 2090 1048 2121 et
1078 2083 1179 2135 quod
1211 2089 1389 2120 nasa-elem·
1410 2090 1602 2128 sanctum,
1638 2095 1746 2120 voea-

189 2149 292 2188 bitur
314 2150 430 2202 filins
465 2152 537 2189 dei.
604 2148 719 2203 Quod
754 2151 784 2190 si
817 2151 869 2191 ita
901 2151 1090 2202 dixisset,
1127 2153 1295 2203 Spiritus
1326 2158 1480 2189 sancius
1510 2153 1746 2201 ingredietur·

189 2221 226 2258 in
245 2226 292 2266 te,
330 2233 405 2259 non
433 2218 506 2259 iam
527 2219 588 2259 dei
614 2219 712 2260 filius
738 2234 857 2260 carne
882 2220 1097 2276 praeditus,
1133 2220 1200 2260 sed
1222 2218 1382 2275 spiritus
1405 2226 1564 2259 sanctus
1588 2218 1745 2259 venisse

189 2287 432 2328 crederetur.
498 2285 612 2342 Quod
642 2296 770 2329 autem
801 2303 821 2329 e
846 2289 956 2329 coelo
980 2289 1141 2330 verbum
1168 2288 1397 2339 advenerit,
1433 2286 1603 2328 loannes
1626 2302 1746 2328 evan-

188 2355 351 2410 gelicam
375 2356 479 2397 illam
509 2364 731 2412 usurpatam
759 2358 805 2399 ab
835 2358 974 2413 angelo
1001 2372 1137 2399 vocem
1164 2358 1366 2412 explicans
1398 2357 1448 2396 ita
1477 2363 1666 2397 testatur:
1700 2360 1940 2400 12210a1m.1,1.

182 2428 372 2478 princ-cpio
395 2434 479 2465 erat
503 2428 682 2475 Verbum,
718 2435 754 2466 et
777 2429 936 2467 Verbum
963 2436 1047 2467 erat
1068 2431 1170 2480 apud
1196 2430 1324 2475 deam,
1360 2435 1397 2466 et
1426 2430 1516 2466 deus
1545 2435 1631 2466 erat
1654 2430 1744 2466 Vel·-

189 2495 286 2533 bum.
353 2497 483 2535 Omnia
516 2511 589 2548 per
623 2499 741 2548 Ipsum
774 2498 880 2549 faeta
912 2505 1021 2545 sunt,
1065 2505 1102 2536 el
1134 2500 1215 2536 sine
1249 2500 1328 2549 ipso
1354 2497 1505 2550 saelum
1541 2504 1599 2535 est
1629 2498 1738 2535 nihil.

188 2561 342 2604 Deinde
365 2563 478 2619 paulo
502 2572 612 2618 post:
646 2568 701 2604 Et
721 2567 879 2605 Verbum
901 2569 1153 2620 earofactum
1176 2574 1244 2604 est.
1310 2563 1401 2605 Non
1427 2564 1541 2615 dixit,
1576 2567 1744 2617 Spiritus

187 2646 277 2672 caro
306 2634 442 2687 sactus
479 2641 562 2673 est:
609 2648 654 2674 ac
691 2648 739 2674 ne
774 2634 865 2675 illud
904 2635 1080 2690 quidem:
1128 2637 1302 2674 Christus
1337 2636 1443 2672 lzomo
1475 2637 1628 2686 genitus
1668 2643 1736 2673 est.

189 2699 340 2757 Quippe
373 2701 588 2757 scriptura,
623 2717 734 2744 sacra
761 2704 865 2744 omni
894 2718 946 2745 ex
979 2713 1088 2760 parte
1125 2704 1268 2744 munita
1298 2702 1544 2756 stabilitaque
1576 2704 1740 2744 eundem

188 2770 299 2811 deum
335 2777 450 2825 atque
485 2770 679 2812 hominem
714 2773 914 2827 agnoscit,
949 2774 1060 2814 deum
1091 2772 1243 2827 quidem
1271 2786 1290 2811 a
1318 2771 1390 2811 deo
1421 2772 1583 2813 coelitus
1616 2774 1742 2827 profe-

189 2846 317 2890 ctum,
353 2838 546 2880 hominem
579 2854 675 2881 vero
708 2844 793 2882 sine
823 2842 926 2883 virili
955 2842 1104 2882 semine
1138 2855 1160 2881 a
1186 2839 1313 2880 Maria
1339 2840 1600 2894 progenitum.
1665 2839 1742 2895 Qui

189 2916 303 2948 extra
335 2908 430 2948 haec
463 2908 538 2948 duo
570 2909 686 2963 longe
718 2910 926 2951 verissima
959 2910 1158 2965 graditur,
1193 2922 1214 2949 a
1247 2909 1413 2949 veritate
1447 2916 1507 2949 est
1538 2910 1702 2950 alienus.

302 2976 419 3017 Aliud
453 2976 614 3032 insuper
639 2977 871 3020 Theodotus
899 2979 1081 3034 opponit,
1116 2978 1216 3032 quod
1245 2977 1291 3018 de
1321 2978 1405 3033 ipso
1433 2976 1620 3019 ieremias
1652 2993 1742 3034 pro·
1769 2978 1924 3022 Cap.1V.

190 3044 409 3096 nuntiavit,
452 3048 571 3086 Homo
602 3055 681 3095 est,
716 3057 754 3087 et
775 3052 859 3102 quis
889 3055 1091 3099 cognoscet
1118 3049 1255 3086 illam?
1312 3045 1400 3088 Nec
1431 3046 1634 3103 intelligit,
1670 3062 1738 3103 pro
1758 3050 1816 3079 1⁰¹·-
1841 3051 1882 3086 1⁷,
1903 3050 1928 3077 ⁹·
