2066 3319
483 199 665 232 PANAnn
690 200 772 233 Lm.
794 202 833 234 u.
859 202 966 236 Tou.
987 205 1027 236 n.
1051 204 1326 239 HAER.LXV1.
1600 201 1681 241 533

132 278 256 332 spuit,
291 277 343 317 ita
370 285 409 317 et
434 292 504 318 nos
530 292 599 333 per
622 279 745 332 legem
782 294 825 320 ac
850 282 1057 336 propbetas
1089 285 1135 324 ad
1174 287 1438 340 praeceptoris
1472 287 1679 329 adventum

130 358 251 398 usque
282 345 478 399 perducti,
514 346 576 385 nbi
602 346 702 386 bunc
728 348 827 387 nacti
854 363 1008 400 snmus,
1055 352 1318 407 paedagogum
1349 368 1432 394 cum
1467 355 1680 408 ignominia

130 427 204 452 non
239 413 462 464 reiicimus,
506 415 573 454 sed
603 415 636 454 ci
667 415 831 468 gratiam
859 418 985 471 potius
1011 417 1218 470 babemus,
1253 422 1352 474 quod
1378 422 1576 462 infantiam
1611 438 1679 463 no-

127 487 247 520 stram
274 494 345 534 per
368 481 469 522 viam
495 482 692 522 deducens
721 484 765 522 ad
792 485 1047 537 perfectiores
1075 500 1145 526 nos
1174 487 1394 542 disciplinas
1420 491 1676 543 promoverit.

128 546 220 588 ltem
248 548 352 588 velut
375 548 407 589 si
434 549 518 603 quis
545 549 581 589 in
609 550 686 589 alto
713 551 806 590 mari
832 552 1111 605 navigaturus,
1147 563 1370 609 comparata
1395 557 1542 597 maiore
1568 559 1674 610 navi,

125 616 270 669 exiguo
295 616 420 656 lembo
447 617 614 657 vicinum
637 618 756 658 littori
783 619 929 669 salum,
966 620 1003 659 in
1031 635 1105 673 qno
1131 621 1254 661 maior
1275 622 1339 662 illa
1361 624 1472 664 navis
1500 626 1672 677 fluctuat,

123 683 345 734 traiecerit,
380 692 416 725 et
447 685 491 724 ad
519 699 601 724 eam
627 685 789 725 minoris
814 686 925 726 buius
950 687 1140 727 beneficio
1170 691 1418 743 pervenerit,
1461 692 1524 732 ubi
1554 694 1674 734 maio-

122 766 201 792 rem
230 753 426 807 attigerit,
473 767 548 792 non
583 754 711 793 statim
743 753 909 793 lembum
944 754 980 794 in
1020 756 1248 809 profundum
1285 758 1487 812 deprimit,
1521 762 1589 800 scd
1622 760 1674 801 ita

119 820 317 873 grandiori
346 821 504 875 navigio
528 821 692 861 salutem
718 835 826 861 suam
853 822 1080 872 committit,
1118 831 1158 863 ut
1184 825 1329 879 exigno
1354 826 1406 865 illi
1433 827 1560 868 lembo
1584 843 1673 882 gra-

120 887 208 928 tiam
237 887 449 928 babendam
478 896 599 943 putet.
665 889 813 929 Addam
842 896 881 929 et
904 889 1003 930 aliud
1033 892 1270 946 exemplum.
1333 891 1444 934 Sicut
1469 896 1673 950 expositus

117 969 138 995 a
165 956 358 1010 genitrice
382 956 595 1011 quispiam,
639 956 671 995 si
705 956 751 996 ab
785 957 915 1011 aliquo
940 958 1039 998 forte
1061 959 1237 1000 sublatus
1262 967 1301 1000 et
1326 961 1512 1002 educatus
1539 963 1670 1014 fuerit,

117 1031 366 1078 posteaquam
393 1024 634 1073 adoleverit,
670 1038 714 1064 ac
743 1025 958 1065 naturalem
982 1040 1093 1066 suum
1127 1034 1328 1082 parentem
1355 1030 1586 1082 agnoverit,
1619 1030 1668 1080 is,

114 1091 147 1131 si
177 1092 404 1145 prudentiae
437 1092 715 1146 aliquantulum
742 1092 904 1145 habeat,
940 1108 1029 1134 num
1056 1094 1119 1136 ubi
1144 1103 1344 1150 parentem
1369 1097 1597 1149 agnoverit,
1632 1105 1670 1138 et

115 1159 369 1200 hereditatem
394 1174 502 1200 suam
528 1160 688 1210 adierit,
735 1160 880 1201 idcirco
908 1161 1115 1203 nutricium
1139 1163 1243 1203 illum
1275 1165 1567 1218 aspernabitur,
1602 1175 1669 1208 aut

114 1242 191 1267 non
236 1228 270 1268 ei
312 1228 438 1282 potius
473 1228 776 1282 gratificabitur,
825 1229 923 1283 quod
961 1230 1043 1270 eius
1083 1230 1273 1272 beneficio
1307 1233 1426 1273 letum
1469 1235 1668 1275 evaserit?

112 1293 281 1336 Perinde
312 1296 430 1350 igitur
464 1303 503 1336 et
538 1310 609 1336 nos
645 1297 717 1336 deo
751 1296 916 1350 gratiam
958 1297 1165 1349 habemus,
1212 1300 1374 1354 primum
1409 1301 1507 1354 quod
1540 1301 1666 1356 legem

112 1363 224 1403 nobis
251 1378 296 1403 ac
328 1364 536 1419 propbetas
569 1364 741 1417 dederit,
784 1372 863 1405 tum
896 1366 1011 1406 etiam
1045 1367 1144 1420 quod
1179 1382 1282 1408 novo
1314 1383 1386 1409 nos
1419 1368 1484 1409 filii
1516 1369 1575 1410 sui
1609 1377 1665 1410 te-

109 1438 304 1472 stamento
338 1432 517 1487 dignatus
549 1432 614 1472 sit.

225 1566 331 1608 ldem
356 1566 614 1609 Manichaeus
637 1566 860 1623 Principum
897 1583 968 1610 nos
995 1569 1187 1623 imagines
1217 1584 1329 1622 esse,
1364 1578 1402 1611 et
1427 1585 1447 1611 a
1470 1570 1660 1627 Principi-

109 1635 179 1676 bus
209 1636 419 1691 prodnctos
452 1638 638 1688 affirmat,
681 1637 818 1691 quibus
853 1638 897 1678 ad
932 1638 1112 1692 pabulum
1139 1638 1260 1679 simus
1296 1640 1481 1694 expositi.
1546 1639 1661 1694 Quod

105 1717 201 1743 sane
224 1704 326 1744 dictu
354 1719 464 1758 quam
488 1704 645 1759 impium
672 1712 746 1745 est.
811 1704 951 1759 Longe
981 1706 1083 1745 enim
1111 1706 1225 1746 aliter
1258 1706 1437 1747 omnibus
1471 1707 1509 1747 in
1544 1708 1660 1749 rebus

108 1772 286 1812 accidere
323 1773 536 1813 cernimus.
601 1772 652 1813 Et
683 1787 778 1813 vero
815 1786 866 1813 ex
900 1773 958 1813 his
995 1773 1174 1813 omnibus
1207 1787 1304 1828 quae
1336 1774 1374 1814 iu
1411 1781 1516 1815 terra
1552 1783 1657 1826 sunt,

107 1840 197 1880 licet
222 1840 409 1895 pessimas
441 1855 485 1881 ae
507 1841 798 1881 crudelissimas
827 1854 1000 1895 quasque
1035 1842 1138 1881 feras
1170 1842 1421 1892 consideres,
1465 1843 1569 1883 nulla
1601 1851 1662 1884 est

106 1922 204 1962 quae
247 1909 285 1948 in
327 1908 387 1949 sui
432 1909 595 1949 similem
637 1908 812 1959 saeviat,
860 1909 927 1950 sed
969 1909 1007 1948 in
1049 1909 1211 1949 alterius
1250 1910 1408 1964 generis
1450 1911 1656 1951 duntaxat.

108 1975 289 2032 Exempli
317 1991 455 2017 caussa
484 1977 635 2017 leonem
661 1977 723 2017 leo
749 1984 908 2031 propter
935 1977 1083 2017 formae
1107 1991 1152 2017 ac
1182 1984 1343 2017 naturae
1365 1978 1658 2019 similitudinem

104 2058 180 2084 non
205 2045 390 2094 devorat,
426 2045 493 2085 sed
517 2045 609 2085 licet
634 2046 773 2098 ingens
806 2046 924 2085 fames
957 2044 995 2085 in
1022 2045 1218 2085 montibus
1251 2046 1353 2086 feras
1383 2046 1469 2086 illas
1501 2054 1654 2100 urgeat,

103 2112 200 2152 adeo
224 2119 263 2152 ut
288 2120 447 2167 propter
471 2113 583 2153 nives
614 2120 679 2152 aut
702 2113 871 2167 inopiam
907 2113 1070 2167 aliquam
1097 2114 1264 2167 praedae
1295 2113 1389 2154 nibil
1410 2114 1527 2168 longo
1561 2121 1656 2154 tem-

102 2194 196 2234 pore
234 2180 459 2231 inveniant,
504 2182 541 2220 in
580 2180 712 2221 lustris
750 2188 878 2220 tamen
913 2195 959 2221 ac
996 2180 1166 2221 latibulis
1201 2181 1281 2221 suis
1315 2196 1399 2221 cnm
1436 2181 1572 2221 catulis
1610 2196 1655 2222 ac

100 2249 248 2289 leaenis
274 2257 588 2299 commorantur,
629 2262 700 2288 nec
727 2248 801 2288 ulla
826 2249 983 2288 omnino
1009 2248 1134 2289 bestia
1167 2248 1205 2288 in
1238 2249 1297 2289 sni
1333 2249 1497 2289 similem
1524 2249 1654 2289 incur-

100 2317 171 2367 rit,
207 2317 314 2357 velut
338 2317 449 2371 lupus
479 2317 516 2356 in
545 2318 697 2371 lupum,
734 2316 805 2356 nisi
833 2317 931 2357 forte
965 2316 1003 2356 in
1036 2317 1184 2357 rabiem
1219 2317 1412 2357 concitata
1438 2316 1526 2370 quid
1562 2324 1654 2371 agat

98 2386 263 2426 nesciat.
330 2384 463 2438 Quare
499 2399 584 2424 cum
622 2398 668 2424 ne
709 2384 818 2439 lupus
849 2384 1001 2439 quidem
1039 2384 1168 2440 lupum
1193 2386 1379 2434 devoret,
1426 2384 1474 2423 ob
1507 2385 1652 2438 figurae

97 2453 394 2507 cognationem,
430 2452 622 2507 quomodo
644 2450 847 2506 Principes
871 2452 1062 2493 devorare
1100 2467 1171 2494 nos
1197 2459 1382 2506 possunt,
1418 2452 1554 2505 quibus
1586 2467 1651 2494 su-

98 2535 181 2561 mus
206 2522 351 2561 formae
377 2521 629 2561 similitudine
658 2520 883 2561 coniuncti?
944 2519 1028 2562 Cur
1053 2536 1128 2561 non
1155 2521 1281 2576 potius
1305 2520 1556 2560 blandiuntur
1580 2535 1651 2561 no·

96 2589 178 2639 bis,
214 2603 289 2643 quo
325 2603 416 2629 suas
450 2589 619 2643 ipsorum
657 2589 801 2642 effigies
838 2589 937 2629 tueri
973 2589 1255 2644 complectique
1288 2589 1521 2629 videantur?
1581 2586 1649 2629 Sic

94 2656 319 2712 impostoris
350 2657 453 2697 illius
487 2656 654 2710 undique
687 2658 910 2698 confutatur
940 2657 1083 2697 oratio.

1722 1566 1764 1596 Ca
1772 1577 1801 1605 p,

1689 1610 1867 1643 LXXVII.

1712 2692 1792 2735 Cap.

211 2723 288 2765 Sed
316 2725 405 2766 illud
436 2739 486 2765 ex
511 2725 718 2778 evangelio
741 2726 913 2780 profert:
958 2728 1043 2765 Non
1069 2740 1193 2765 omncs
1217 2727 1427 2764 doctrinam
1447 2739 1552 2764 suam
1581 2739 1643 2764 ca·
1657 2737 1852 2770 Lxxvffl,

88 2808 199 2844 pere,
234 2797 302 2832 sed
319 2795 454 2846 quibus
477 2796 603 2832 datum
625 2801 693 2832 est.
758 2794 877 2847 Atqui
903 2794 1006 2834 nulla
1033 2794 1091 2833 hie
1125 2807 1145 2832 a
1176 2793 1373 2833 salvatore
1399 2794 1444 2833 de
1468 2793 1643 2833 doctrina

143 2872 190 2903 10.
217 2872 286 2905 ‘2203
313 2875 397 2905 abest
419 2883 439 2904 a
460 2874 528 2905 cod.
544 2874 674 2913 Rhediy.
891 2875 958 2904 bent
984 2869 1111 2906 ἀνοσία.
1149 2874 1214 2912 1390
1237 2873 1310 2904 olim
1332 2874 1517 2913 suspicabar
1539 2868 1646 2914 οἷγνω-

140 2916 216 2948 Cn.
236 2908 410 2950 LXXVH.
435 2937 478 2942 —
524 2920 549 2950 1.
576 2920 621 2949 lta
641 2921 771 2950 correxit
785 2920 843 2950 Pe·
891 2918 958 2952 σία.

91 2965 152 2993 mu.
187 2964 238 2993 Est
258 2973 295 2994 eo
314 2966 470 3004 scriptura
494 2966 526 2995 in
546 2965 688 3003 maryine
708 2965 841 3003 exempli
932 2964 963 2994 2.
990 2965 1042 2995 Sic
1062 2965 1191 2995 correxi.
1240 2964 1328 2996 Libri
1355 2964 1466 2995 habent
1489 2961 1544 2996 ἐπὶ
1567 2963 1644 2996 πολ-

91 3007 261 3040 Schottt'am'
280 3012 441 3040 annotata.
478 3011 655 3040 Librienim
674 3011 767 3050 vulyo
783 3010 839 3040 ha·
888 3009 935 3053 ὶῷ
960 3006 1082 3051 χρόνῳ.

1680 2780 1794 2808 Matth.

1679 2816 1723 2845 19.
1744 2816 1784 2842 le.
