2066 3319
222 2357 290 2383 pag.
309 2347 371 2376 452.

382 227 458 266 100
939 229 1097 261 SANch
1122 230 1343 261 EPlPHANu

380 313 535 364 πηϊανῷ
558 306 732 354 ὑπάτοις.
798 310 918 347 Τοῦτο
947 306 988 346 δὲ
1009 305 1225 359 ε’σκόπησα,
1257 307 1314 348 ὅτι
1340 311 1357 334 ⁵
1373 308 1439 348 καὶ
1461 308 1501 348 οἷ
1524 305 1696 355 εἰπόντες
1719 305 1790 359 τὴν
1815 307 1904 360 ημέ-

380 395 451 430 ραν
482 380 552 429 τῆς
583 374 829 427 συλλήψεως,
865 375 931 414 καὶ
962 371 1014 422 ὥς
1041 372 1305 428 εὐηγγελίσατο
1337 372 1360 415 ὅ
1386 373 1558 429 Γαβριὴλ
1589 374 1658 427 τὴν
1688 375 1903 427 παρθένον,

382 450 399 473 ⁶
415 443 525 485 εἷπον
545 442 613 495 τήν
633 440 826 483 ὑπόνοιαν
847 445 923 482 τῶν
944 459 1058 482 τινων
1078 441 1267 496 λεγόντων
1285 443 1324 482 ἐν
1344 441 1555 495 παραδόσει
1577 440 1629 490 ὥς
1648 441 1706 483 ὅτι
1728 440 1792 482 δια
1810 439 1904 482 §md

381 514 512 564 μηνῶν
541 509 747 565 ἐγεννήθη·
789 507 1004 563 εὑρήκαμεν
1031 508 1103 562 γαρ
1128 507 1204 549 ‹de
1239 507 1380 549 τούτου
1410 515 1479 550 τοῦ
1509 509 1800 564 7’προπόσωνος
1832 510 1906 557 ἕως

381 577 586 630 ἑνδεκάτης
610 579 708 629 Τυβὶ
729 578 794 618 καὶ
814 575 888 628 πρὸ
912 575 1014 617 ὀκτώ
1037 578 1151 616 εἰδῶν
1169 574 1455 630 Ἰαννουαρίων,
1487 575 1549 618 ὅτε
1572 576 1732 629 ἀληθῶς
1750 576 1797 618 τοὶ
1815 583 1906 617 θεο-

381 646 506 698 φάνια
530 647 675 700 ἐγένετο
702 646 765 685 καὶ
790 643 1001 699 ἐγεννήθη,
1033 642 1127 684 ἑπτα
1153 648 1284 696 μηνῶν
1307 642 1442 698 χρόνον
1471 643 1569 685 κατα
1596 644 1663 686 τὸν
1685 642 1907 696 σεληνιακὸν

380 714 527 768 δρόμον
547 711 653 767 παρὰ
679 710 825 765 ἡμέρας
843 713 1039 764 τέσσαρας.
1088 710 1204 759 Ρ’.Ωςτε
1228 706 1320 761 οὖν,
1353 713 1387 751 εἰ
1409 711 1539 766 εὕροις
1569 714 1608 754 ἐν
1634 712 1906 767 παρασημειίό-

380 785 460 822 σεσί
484 799 561 822 που
582 781 838 836 γεγραμμένα,
870 779 921 832 μή
945 779 1118 829 σφαλλου
1139 780 1226 828 περὶ
1246 778 1315 831 τὴν
1336 781 1503 831 εἴδησιν·
1539 784 1555 807 ⁸
1570 785 1622 836 τῷ
1643 780 1711 831 μὲν
1730 778 1803 834 γαρ
1826 778 1907 820 ι’)’ντι

378 848 404 901 ἡ
428 851 604 904 γέννησις
627 853 696 889 τοῦ
722 851 893 901 Χριστοῦ
914 845 939 899 ἡ
963 849 1101 899 βεβαία
1126 847 1224 899 Τυβὶ
1246 845 1428 899 ἑνδεκάτη
1452 848 1539 888 ἐστί.
1605 847 1713 895 Τινὲς
1734 848 1775 887 δέ
1801 851 1818 875 ⁹
1833 863 1908 898 φα-

380 932 441 958 σιν
467 915 519 965 ὥς
546 917 640 957 δέκα
664 921 786 968 μῆνας
809 914 1083 967 ἐνεκυμονήθη
1108 912 1213 968 παρα
1238 912 1384 968 ἡμέρας
1409 913 1456 955 ιδ’
1480 916 1544 955 καὶ
1572 914 1676 969 ὥρας
1701 913 1824 966 ὄκτώ,
1855 912 1908 962 ὥς

379 982 477 1026 εἶναι
501 985 610 1025 ἐννέα
634 988 759 1036 μῆνας
779 984 844 1024 καὶ
868 981 1013 1036 ἡμέρας
1036 983 1262 1032 δεκαπέντε,
1293 984 1357 1022 καὶ
1382 981 1484 1036 ὥρας
1507 983 1712 1037 τέσσαρας,
1743 979 1905 1023 αἰνιττό-

382 1069 491 1105 μενοι
520 1050 563 1092 τὸ
597 1049 703 1105 παρα
728 1055 953 1103 Σολομῶντι
987 1051 1209 1104 εἰρημένον,
1242 1053 1516 1106 Δεκαμηνιαίῳ
1547 1050 1672 1107 χρόνῳ
1701 1050 1839 1104 παγεὶς
1868 1050 1909 1090 ἒν

380 1122 523 1173 αἵματι.
557 1118 694 1171 ’Όμως
715 1121 757 1160 ἐκ
781 1117 1028 1171 πανταχόθεν
1049 1117 1231 1174 ἑνδεκάτῃ
1254 1119 1347 1170 Τυβὶ
1371 1116 1452 1159 κατ’
1466 1120 1709 1173 Αἰγυπτίους
1730 1115 1757 1171 ἡ
1778 1133 1907 1172 προει-

384 1189 525 1242 ρημένη
550 1191 619 1228 τοῦ
640 1189 779 1239 κυρίου
810 1188 907 1227 Ῑθέν
930 1187 1044 1240 σαρκὶ
1070 1187 1241 1240 γέννησις
1265 1187 1423 1240 ἐγένετο.
1477 1187 1556 1226 Καὶ
1577 1186 1664 1240 περὶ
1689 1183 1809 1238 αὐτὴν
1837 1183 1908 1237 τὴν

382 1254 587 1307 ἑνδεκάτην
609 1253 703 1307 μετα
726 1256 790 1307 ἔτη
814 1253 1021 1307 τριάκοντα
1046 1255 1175 1308 γέγονε
1203 1251 1245 1295 τό
1278 1258 1432 1308 πρῶτον
1455 1259 1614 1306 σημεῖον
1637 1255 1676 1295 ἐν
1698 1257 1813 1310 Κανᾷ
1842 1257 1910 1306 τῆς

383 1326 605 1372 Γαλιλαίας,
636 1321 698 1363 ὅτε
728 1321 769 1362 τό
801 1321 908 1375 ὕδωρ
939 1319 1045 1369 οἶνος
1074 1322 1233 1376 ἐγένετο.

494 1389 568 1431 Διό
594 1391 660 1431 καὶ
691 1391 730 1430 ἐν
757 1394 911 1437 πολλοῖς
932 1388 1068 1437 τόποις
1092 1387 1179 1443 ἄχρι
1203 1393 1272 1441 τῆς
1301 1390 1414 1443 δεῦρο
1442 1390 1549 1430 τουτὶ
1579 1391 1721 1443 γίνεται
1750 1386 1836 1429 τότε
1864 1386 1906 1429 τὸ

381 1460 589 1541 γενόμενον
613 1456 867 1535 θεοσήμειον,
900 1458 953 1504 εἰς
975 1455 1189 1510 μαρτύριον
1219 1462 1300 1504 τοῖς
1330 1455 1579 1503 ἀπιστοῦσιν,
1612 1454 1665 1504 ὥς
1691 1460 1909 1510 μαρτυροῦ-

383 1541 443 1567 σιν
467 1527 507 1567 ἐν
532 1530 686 1572 πολλοῖς
709 1523 846 1572 τόποις
874 1527 994 1578 πηγαί
1021 1540 1057 1564 τε
1079 1525 1145 1565 καὶ
1175 1526 1345 1576 ποταμοὶ
1366 1525 1420 1572 εἰς
1442 1522 1550 1565 οἶνον
1572 1522 1907 1579 μεταβαλλόμενοι,

383 1592 562 1646 Κιβύρης
585 1593 653 1646 μὲν
672 1609 740 1645 της
763 1590 910 1639 πόλεως
933 1596 1000 1644 τῆς
1020 1594 1171 1646 Καρίας
1195 1610 1220 1644 η
1241 1609 1367 1646 πηγη,
1398 1589 1491 1632 καθ’
1513 1590 1562 1644 ἣν
1583 1589 1825 1644 ἤντλησαν
1804 1590 1910 1646 ω’ραν

383 1664 423 1703 οἱ
445 1660 640 1711 διάκονοι,
671 1662 736 1701 καὶ
764 1657 867 1709 εἷπε,
901 1658 1001 1700 Δότε
1027 1663 1079 1715 τῷ
1111 1657 1392 1716 αρχιτρικλίνῳ·
1430 1664 1618 1713 μαρτυρεῖ
1648 1659 1689 1700 δὲ
1717 1660 1784 1700 καὶ
1814 1677 1838 1712 η
1869 1660 1910 1700 εν

383 1729 537 1786 Γεράση
560 1733 628 1781 τῆς
650 1726 835 1782 Ἀραβίας
863 1726 969 1781 πηγὴ
994 1725 1186 1775 ὦςαύτως.
1250 1725 1494 1779 Πεπώκαμεν
1521 1724 1597 1767 ἆπό
1625 1731 1694 1780 τῆς
1717 1725 1908 1781 Κιβύρης,

382 1795 559 1850 ἡμέτεροι
584 1797 625 1837 δὲ
650 1794 810 1847 ἀδελφοὶ
833 1793 910 1836 οἷπό
934 1800 1004 1847 τῆς
1026 1797 1064 1836 ἐν
1090 1794 1242 1851 Γεράση
1263 1800 1402 1850 πηγῆς,
1433 1799 1502 1847 τῆς
1526 1795 1565 1835 ἓν
1588 1799 1641 1850 τῷ
1669 1797 1908 1851 1μαρτυρίᾳ).

385 1866 464 1905 Καὶ
495 1865 628 1906 πολλοὶ
666 1864 707 1904 δὲ
738 1864 805 1903 καὶ
840 1864 880 1904 ἐν
902 1862 1090 1919 Αἰγύπτῳ
1127 1864 1214 1915 περὶ
1243 1868 1314 1904 τοῦ
1338 1865 1483 1903 Νείλου
1513 1867 1626 1904 τοῦτο
1659 1867 1908 1916 μαρτυροῦσι.

385 1931 534 1986 Διόπερ
559 1933 600 1972 ἐν
622 1934 668 1984 τῆ
691 1930 873 1988 ἑνδεκάτῃ
905 1936 958 1971 Τυ
954 1932 1003 1984 βι
1025 1929 1106 1972 κατ’
1129 1932 1371 1985 Αἰγυπτίους
1392 1929 1531 1978 πάντες
1552 1927 1779 1985 ὑδρεύονται
1799 1929 1908 1983 ’ὕδωρ

382 2002 449 2042 καὶ
473 1998 749 2049 αποτιθέασιν,
783 2000 821 2040 ἐν
842 1997 940 2055 αὐτῇ
962 2003 1008 2055 τῇ
1034 1997 1223 2055 Αἰγύπτω
1247 1999 1313 2039 καὶ
1340 1999 1380 2039 ἐν
1406 2003 1565 2046 πολλαῖς
1586 2000 1775 2052 πατρίσιν.
1832 1997 1908 2038 Οὕ-

383 2085 459 2116 τως
496 2085 568 2121 γαρ
607 2065 755 2121 ευρίσκε
758 2084 827 2107 ται.
896 2065 1013 2106 Μετα
1049 2065 1119 2118 τήν
1155 2065 1378 2118 δωδεκατην
1407 2063 1530 2120 Ἀθυρ
1569 2063 1810 2113 απελθόντος
1843 2066 1908 2106 καὶ

383 2137 663 2190 πειρασθέντος
688 2132 973 2188 τεσσαράκοντα
994 2131 1160 2187 ἡμέρας,
1191 2135 1258 2174 καὶ
1284 2132 1469 2182 ἐλθόντος
1497 2134 1563 2174 καὶ
1587 2134 1835 2186 ἕκλεξαμὲνου
1855 2151 1909 2174 τι-

383 2203 454 2252 νας
477 2208 554 2244 τῶν
576 2200 697 2243 αὐτοῦ
727 2206 939 2254 μαθητῶν,
969 2203 1034 2242 καὶ
1060 2202 1322 2255 ἐναρξαμένου
1346 2199 1437 2254 μετα
1458 2199 1740 2255 τεσσαράκοντα
1763 2199 1910 2254 ἡμέρας

382 2275 452 2313 τοῦ
476 2274 693 2324 πειρασμοῦ
719 2268 941 2323 κηρύττειν,
979 2271 1045 2310 καὶ
1078 2268 1199 2310 αὐτοῦ
1229 2267 1485 2316 κατελθόντος
1517 2270 1571 2316 εἰς
1603 2267 1671 2310 τὸν
1694 2267 1908 2324 Ἰορδάνην,

387 2340 454 2380 καὶ
488 2336 798 2391 συναντήσαντος
828 2343 909 2385 τοῖς
935 2338 1024 2390 περὶ
1051 2336 1291 2390 Ναθαναὴλ,
1329 2337 1395 2378 καὶ
1428 2336 1720 2390 παραλαβόντος
1750 2334 1906 2387 αὕτοὺς,

384 2406 446 2448 ὅτε
472 2409 624 2459 ἔμειναν
648 2403 737 2459 παρ’
761 2403 865 2460 αὐτῷ
894 2403 965 2445 δύο
990 2403 1157 2458 ἡμέρας,
1193 2406 1260 2446 καὶ
1290 2403 1420 2445 αὐτῶν
1450 2401 1803 2458 ἀναχωρησάντων,
1841 2405 1908 2446 καὶ

385 2473 507 2515 αὐτοῦ
536 2471 792 2526 ἐκβεβηκότος
823 2474 876 2520 εἰς
905 2470 974 2524 τήν
999 2476 1224 2523 Γαλιλαίαν,
1265 2470 1388 2520 ευθῦς
1421 2469 1485 2512 δια
1515 2476 1582 2519 τας
1613 2471 1802 2526 πρότερον
1832 2470 1905 2513 δυο

384 2540 530 2595 ηιιέρας
556 2559 624 2590 τας
647 2541 850 2595 εἰρημένας
878 2541 953 2591 ἔφη
976 2557 1017 2581 το
1039 2538 1278 2595 ευαγγέλιον,
1315 2544 1369 2597 Τῆ
1393 2542 1500 2596 τρίτῃ
1527 2537 1651 2595 ημέρα
1675 2557 1799 2594 γαμος
1828 2540 1905 2594 ἕγέ·

385 2626 469 2651 νετο
491 2611 531 2651 ἐν
557 2613 670 2665 Κανᾷ
692 2612 761 2661 τῆς
784 2610 998 2657 Γαλιλαίας,
1030 2607 1124 2661 όπερ
1146 2607 1341 2661 σύμβολον
1361 2609 1410 2660 ἡν
1431 2611 1501 2660 τῆς
1520 2608 1739 2659 ἐκκλησίας·
1771 2608 1811 2649 ἒν
1831 2625 1905 2662 γαρ

384 2694 430 2735 τη
456 2680 563 2734 τρίτῃ
586 2675 712 2732 ημέρα
741 2680 809 2728 τῆς
835 2677 874 2717 ἐν
896 2680 942 2732 τῇ
965 2678 1107 2731 καρδία
1131 2680 1200 2728 τῆς
1226 2680 1296 2730 γῆς
1322 2673 1444 2716 αυτοῦ
1476 2678 1759 2729 πραγματείας,
1789 2669 1837 2727 ἧς
1866 2677 1907 2717 ἐν

385 2749 432 2802 τῇ
466 2749 515 2802 γῇ
550 2745 727 2797 ἐποίησε,
767 2760 860 2796 μετα
895 2741 936 2784 τὸ
972 2742 1107 2790 παθος
1144 2742 1311 2792 εἷναστας
1344 2759 1468 2798 γαμον
1499 2756 1667 2796 συνηπτε
1700 2747 1747 2801 τῇ
1780 2747 1903 2800 Koma}

387 2847 531 2890 Sulpicio
560 2847 764 2879 Cammarino
798 2854 829 2877 et
865 2847 953 2877 Cneo
978 2847 1119 2888 Pompe·
1211 2847 1242 2877 ὃ.
1268 2846 1326 2880 καὶ
1348 2857 1406 2878 om.
1433 2847 1489 2877 cod
1526 2847 1597 2878 Ven.

386 2892 462 2923 iano
488 2893 680 2924 consulibus.
728 2895 763 2924 In
794 2893 860 2924 cod.
889 2895 994 2923 Veneto
1019 2895 1120 2923 exeat:
1211 2890 1242 2923 6.
1270 2889 1361 2925 εἶπαν
1386 2892 1452 2923 cod.
1478 2892 1549 2922 Ven.

390 2939 513 2970 susak:
517 2936 579 2970 ικίο
582 2950 599 2970 u
642 2949 700 2970 κιι
743 2937 949 2978 καμμαριιοῦ
997 2935 1120 2980 βεττέω
1211 2936 1241 2968 Τ.
1268 2939 1357 2968 Hunc
1376 2938 1474 2968 locum
1497 2937 1555 2967 sibi
1574 2939 1745 2976 suspectum
1764 2946 1826 2968 esse
1847 2939 1904 2970 Pe-

383 2993 474 3024 πομτ·
466 2984 512 3024 »ηὶ
509 2982 581 3015 ινῶ
602 2978 748 3020 υτάτοις.
797 2983 843 3021 Cf.
866 2984 958 3014 eliam
977 2983 1121 3014 petavius
1166 2983 1267 3012 {avius
1285 2991 1397 3022 neyare
1414 2982 1520 3012 noluit.
1567 2982 1734 3013 Carnarius
1755 2979 1816 3023 πρὸ
1839 2981 1904 3015 Πί-

382 3030 414 3059 in
438 3029 665 3059 Απιπιαάυενεε.
1167 3037 1269 3064 σωνος
1290 3028 1381 3067 legit,
1415 3026 1497 3066 quod
1525 3035 1578 3058 nec
1600 3027 1646 3058 illi
1667 3027 1823 3067 displicuit
1856 3028 1902 3071 (v.
