2066 3319
357 197 436 237 358
918 201 1078 235 SANch
1102 202 1331 236 EPIPHANII

357 299 465 323 ταται
505 282 546 322 ἐν
580 278 756 336 μετεώρῳ
787 278 1169 334 ἄναπεπετασμένοςς
1211 281 1338 323 πόθεν
1370 281 1587 336 ἐστιλβώθη
1618 280 1641 324 ὁ
1671 281 1780 336 ἥλιος
1815 283 1881 324 καὶ

358 351 533 402 ἐκτίσθη,
558 349 623 389 καὶ
642 346 792 401 σελήνη,
818 349 885 389 καὶ
903 347 950 389 τά
970 346 1107 404 ἅστρας
1135 350 1177 391 ἐκ
1196 352 1312 392 ποίου
1333 351 1594 406 πρωτοτῦπου
1611 349 1706 403 ὕλης
1724 348 1880 403 ἐλήφθη

357 415 383 471 ἦ
406 421 476 472 γῆ,
509 418 547 465 ἐξ
575 416 649 457 οὐκ
681 415 805 457 ὄντων
834 417 1036 471 γινομένης
1079 416 1158 459 ἀπὸ
1182 420 1306 460 ποίων
1337 417 1494 470 φύσεων
1524 416 1679 471 ἐτμήθη
1709 416 1755 458 τά
1785 416 1880 473 ὅρη,-

358 484 486 527 πόθεν
519 482 546 537 ἦ
573 482 754 532 σύστασις
787 484 880 526 ὅλου
902 489 974 526 τοῦ
1002 483 1173 538 κόσμου,
1203 484 1230 539 ἦ
1253 487 1293 535 ἐξ
1323 485 1396 527 οὐκ
1427 485 1552 528 ὄντων
1575 489 1630 542 τῷ
1658 490 1742 542 θεῷ
1771 502 1881 540 πορι-

361 559 521 602 σθεῖσα,
551 550 679 593 πόθεν
703 557 780 594 τῶν
799 557 930 605 νεφῶν
952 550 979 606 ’ἦ
1005 551 1202 605 σύστασις,
1233 552 1260 607 ἢ
1287 552 1366 595 ὑπὸ
1393 556 1498 604 θίξιν
1521 554 1651 595 σκέπει
1671 551 1739 594 τὸν
1764 552 1882 607 οὐρα-

359 620 451 671 νόν,
483 619 610 662 πόθεν
630 625 702 661 τοῦ
724 619 917 669 κώνωπος
937 622 1002 662 καὶ
1026 625 1095 674 τῆς
1119 620 1283 674 σκνιφός
1305 621 1370 663 διά
1396 620 1688 678 προςτάγματος
1710 625 1808 662 θεοῦ
1828 625 1883 678 τῷ

359 687 576 742 θεράποντι
610 687 733 731 αὐτοῦ
759 693 920 747 Μωῦσῇ
953 687 975 731 ὁ
1002 688 1212 744 πορισμός,·
1255 695 1340 739 πῶς
1371 689 1441 743 την
1468 692 1622 742 ξυλίνην
1651 687 1801 744 ῥάβδον
1830 690 1884 737 εἰς

359 755 454 809 ὅφιν
473 757 674 812 μετέβαλεν
702 762 714 786 ¹
731 757 1025 810 ἐνεψυχωμένον
1046 758 1111 799 καὶ
1132 759 1318 812 ἕρποντας
1348 757 1478 800 πόθεν
1495 761 1541 815 τῇ
1560 758 1653 812 χειρὶ
1673 761 1742 798 τοῦ
1757 761 1884 798 Μωϋ-

360 826 456 873 σέως
481 823 556 867 2τό
588 827 642 873 εἷς
665 824 777 879 χιόνα
801 823 1125 879 μεταβάλλεσθαι,
1189 826 1302 868 Οὕτω
1325 827 1391 868 καὶ
1414 825 1498 867 τότε
1521 824 1710 879 η’θέλησεν
1732 822 1755 866 ὁ
1773 823 1882 876 θεὸς,

361 888 391 935 ὦ
414 891 572 944 ἄπιστε,
601 894 668 934 καὶ
688 896 939 949 δερματίνους
964 892 1078 945 φύσει
1098 898 1261 948 χιτῶνας
1283 893 1375 935 ἄνευ
1395 893 1524 945 ζώων,
1557 891 1647 934 ἄνευ
1675 893 1809 946 τέχνης
1829 910 1883 935 τι-

361 960 429 1010 νός
459 959 714 1016 ἀνθρωπίνης
748 963 811 1003 καὶ
848 961 1109 1017 πολυμόρφου
1143 963 1320 1017 ἐργασίας
1351 961 1431 1015 ἅμα
1459 962 1587 1003 θέλων
1619 963 1775 1014 ἐποίησε
1804 966 1886 1010 τοῖς

360 1031 448 1084 περὶ
471 1028 538 1071 τὸν
556 1028 699 1083 Ἀδάμ,
731 1028 784 1078 ὦς
806 1029 984 1085 ἆπαρχῆς
1008 1029 1089 1083 ἅμα
1113 1028 1294 1084 ἠθέλησε,
1324 1031 1389 1071 καὶ
1414 1028 1582 1085 οὐρανός
1601 1031 1667 1071 καὶ
1688 1027 1736 1071 τά
1757 1027 1886 1071 πάντα

360 1099 568 1154 γεγένηται.
629 1099 709 1139 Καὶ
743 1099 832 1153 περὶ
857 1097 1008 1140 τούτων
1033 1097 1218 1147 πολλάκις
1247 1100 1394 1151 ἔφαμεν
1424 1099 1491 1139 καὶ
1522 1099 1562 1139 ἐν
1593 1096 1720 1146 ἅλλοις
1750 1095 1886 1146 τόποις

360 1168 427 1208 καὶ
449 1167 640 1221 ἀνωτέρω.
701 1167 781 1207 Καὶ
802 1171 883 1214 τοῖς
906 1166 974 1219 μὲν
997 1167 1250 1220 βουλομένοις
1272 1164 1313 1207 τό
1337 1170 1406 1219 ζῆν
1434 1164 1626 1219 σύντομος
1652 1163 1678 1219 ἦ
1703 1167 1884 1221 σωτηρία,

361 1236 426 1277 καὶ
449 1235 728 1289 εὐθυέλεγκτος
752 1232 778 1287 ἦ
799 1236 1046 1276 κακοπιστία·
1086 1240 1167 1283 τοῖς
1192 1234 1233 1276 δὲ
1257 1232 1309 1287 μὴ
1333 1235 1494 1276 θέλουσι
1522 1233 1565 1276 τό
1596 1239 1666 1288 τῆς
1695 1236 1887 1288 σωτηρίας

361 1304 650 1353 καταδέξασθαι
672 1305 937 1344 διδασκαλεῖον
961 1301 1053 1344 οὐδὲ
1077 1300 1099 1343 ὁ
1121 1307 1200 1350 πᾶς
1222 1301 1316 1343 αἰών
1335 1301 1435 1356 πρὸς
1457 1301 1640 1358 διαλογήν
1659 1302 1885 1357 ἐξαρκέσειε,

360 1369 620 1424 κωφευούσης
645 1370 706 1411 ἀεὶ
729 1375 799 1422 τῆς
827 1368 953 1422 άκοῆς
976 1372 1087 1422 δίκην
1109 1368 1290 1420 ἀσπίδος,
1321 1371 1388 1411 καὶ
1409 1369 1456 1411 τοὶ
1480 1365 1560 1412 ὦτα
1591 1371 1786 1424 βυούσης,
1815 1373 1886 1411 τοῦ

363 1439 414 1493 μή
439 1439 729 1488 καταδέξασθαι
750 1436 889 1490 φωνήν
907 1436 1146 1494 ἐπᾳδόντων,
1176 1443 1192 1466 3
1207 1441 1485 1492 φαρμακοῦταί
1501 1455 1540 1480 τε
1557 1439 1886 1494 φαρμακευομένη

362 1506 468 1563 παρά
503 1511 653 1557 σοφοῦ,
693 1504 793 1547 κατὰ
823 1505 891 1548 τόν
924 1511 1037 1547 θεῖον
1067 1504 1192 1561 λόγον.
1258 1511 1348 1555 Τοῖς
1383 1506 1424 1547 δὲ
1459 1508 1559 1555 υἱοῖς
1587 1511 1656 1560 τῆς
1686 1504 1885 1559 ἀληθείας,

363 1574 492 1629 οἶμαι,
526 1573 721 1628 ώφέλιμος
747 1572 819 1616 οὐκ
845 1572 1003 1630 ὀλίγως,
1041 1572 1116 1616 κόἵν
1144 1591 1183 1615 τε
1215 1573 1280 1616 διά
1304 1572 1475 1624 πλάτους
1500 1572 1522 1616 ὁ
1545 1573 1659 1630 λόγος
1689 1575 1890 1630 εἰρημένος

362 1642 535 1686 ἐνταῦθά
565 1661 631 1697 μοι
660 1648 792 1684 κεῖται.

184 1861 271 1904 Κεφ,
289 1859 347 1901 ξζ
477 1845 704 1900 Ἐλεύσομαι
727 1847 768 1888 δὲ
792 1848 845 1896 εἰς
865 1863 933 1889 τον
955 1848 1044 1902 περὶ
1064 1844 1311 1897 άναστάσεως
1339 1846 1492 1902 1λόγον.
1540 1846 1577 1877 ²
1577 1847 1692 1889 Ὀταν
1713 1865 1786 1904 γαρ
1809 1849 1889 1898 ἐξα-

365 1914 544 1973 πατήσῃς
564 1914 656 1963 τοῦς
679 1913 928 1970 ἀγνοοῦντας,
959 1914 1001 1957 τὸ
1026 1915 1095 1957 σόν
1117 1914 1302 1971 φρόνημα
1323 1913 1648 1969 υποβαλλόμενος,
1680 1918 1710 1958 ὥ
1734 1933 1891 1970 ματαιο-

366 1985 483 2035 πόνε,
513 1984 581 2025 καὶ
602 1985 732 2041 εἴπῃς,
767 1989 783 2013 3
804 1984 913 2032 Τινὲς
934 1988 1012 2025 τῶν
1033 1982 1305 2039 ἁπλουστέρων
1328 1986 1524 2038 νομίζουσι
1546 2002 1640 2033 τους
1664 1984 1816 2038 ἀσεβεῖς
1837 1983 1890 2038 μὴ

366 2051 570 2102 τεύξεσθαι
596 2050 894 2102 4άναστάσεως,
915 2053 935 2109 Η
967 2053 1034 2093 καὶ
1065 2051 1224 2108 ὕστερον
1248 2055 1351 2110 δείξῃ
1382 2051 1474 2101 τούς
1507 2051 1651 2101 αὐτούς
1682 2050 1891 2095 ἁπλουστέ-

368 2137 461 2176 ρους
483 2118 599 2161 πάλιν
626 2120 897 2175 ἐρωτωμένους
919 2117 997 2162 find
1027 2124 1099 2162 σοῦ
1127 2121 1205 2172 ὅτι,
1251 2123 1379 2162 Ποίου
1409 2119 1586 2174 σώματος
1615 2122 1719 2162 ἔσται
1741 2119 1768 2174 ἦ
1797 2119 1892 2163 ἀνά-

368 2202 498 2237 στασις
507 2207 518 2239 3
557 2189 624 2229 καὶ
647 2185 700 2236 ώς
721 2186 1052 2243 άντεπαπορήσεις
1077 2187 1141 2230 διά
1166 2193 1330 2231 σεαυτοῦ
1353 2190 1394 2231 ἐκ
1415 2189 1627 2244 προςώπου
1649 2193 1726 2230 τῶν
1746 2187 1891 2232 ἄπλου-

368 2257 512 2311 στέρων
547 2255 646 2298 κατά
679 2256 720 2297 σὲ
752 2256 965 2310 λεγομένων
1001 2257 1082 2309 (καὶ
1113 2256 1186 2312 γάρ
1220 2262 1335 2299 τοῦτο
1372 2256 1554 2312 5ἀνάγκη
1590 2261 1727 2309 σαφῶς
1757 2259 1892 2314 λέγειν)

368 2322 549 2380 ἀγαθούς
576 2324 787 2366 ἀποκαλεῖν
811 2322 904 2372 τούς
928 2322 1215 2380 ἁπλουστέρους
1236 2324 1343 2381 παρά
1368 2327 1428 2367 σοὶ
1459 2326 1707 2381 λεγομένους,
1747 2326 1796 2368 οὗ
1827 2325 1891 2369 διὰ

369 2397 533 2435 σεαυτοῦ
561 2391 583 2434 ὁ
607 2391 738 2448 λόγος,
777 2391 869 2434 οὐδὲ
899 2397 952 2449 τῷ
979 2392 1080 2451 λόγῳ
1107 2408 1180 2436 σου
1209 2392 1236 2447 ἡ
1262 2393 1392 2449 χάρις,
1430 2392 1523 2435 ἄλλά
1550 2399 1596 2452 τῇ
1622 2391 1809 2452 άληθείᾳ,
1845 2397 1893 2452 τῇ

369 2460 637 2519 ἀναγκαζούσῃ
661 2475 702 2502 σε
725 2461 843 2517 λέγειν
865 2465 943 2502 τῶν
975 2461 1127 2503 δούλων
1157 2467 1227 2504 τοῦ
1254 2467 1354 2504 θεοῦ
1378 2462 1621 2516 βελτιότητός
1644 2479 1682 2504 τε
1703 2463 1770 2504 καὶ
1799 2460 1892 2518 άγα-

368 2529 539 2583 θότητος
565 2528 761 2585 τεκμήρια.
823 2530 903 2570 Καὶ
932 2527 1004 2584 γάρ
1035 2530 1101 2571 καὶ
1135 2528 1188 2572 66
1215 2530 1324 2579 ἐκτὸς
1355 2532 1469 2586 λόγος
1494 2532 1611 2586 λέγει,
1644 2528 1841 2580 7Ἀπλοῦς
1870 2529 1893 2573 o‘

371 2603 499 2651 μῦθος
521 2603 590 2652 τῆς
617 2597 813 2652 ἀληθείας.
869 2595 1037 2646 Ἀπλοῦς
1066 2598 1108 2638 δὲ
1132 2597 1328 2653 εἰώθαμεν
1358 2598 1451 2647 τοῦς
1480 2597 1654 2648 άκάκους
1682 2600 1804 2654 λέγειν
1833 2597 1893 2648 οἷς

1526 2666 1533 2681 ἱ

370 2668 527 2715 ε’παινος
549 2684 655 2722 παρα
676 2671 730 2723 τῷ
751 2670 892 2721 σωτῆρι
915 2667 1118 2721 ἐμφέρεται
1139 2672 1293 2716 πολλοῖς
1313 2666 1461 2718 τόποις,
1492 2685 1550 2719 το,
1585 2672 1603 2696 ⁸
1617 2669 1782 2709 Γίνεσθε
1804 2665 1890 2708 ακέ-

969 2732 977 2748 l
1030 2732 1050 2748 ,l

372 2752 475 2789 ραιοι
501 2733 554 2784 ώς
577 2736 815 2790 περιστεραὶ,
847 2735 913 2776 καὶ
936 2752 1001 2785 το,
1042 2740 1172 2787 Αφετε
1193 2754 1239 2777 τα
1264 2738 1402 2777 παιδία
1430 2737 1558 2777 ἐλθεῖν
1590 2733 1689 2791 πρός
1718 2751 1785 2788 με,
1815 2739 1892 2776 τῶν

417 2838 492 2870 CAP.
516 2839 637 2871 LXVI.
663 2858 702 2863 --
753 2840 780 2871 1.
807 2841 903 2880 Vulgo
932 2837 1106 2882 ἐπεῴυχω-
1200 2839 1275 2871 CAP.
1297 2840 1435 2871 LXVII.
1465 2857 1508 2863 —-
1556 2838 1583 2872 1.
1609 2840 1733 2871 Plenius
1754 2839 1820 2870 cod.
1836 2840 1891 2871 Ve-

373 2883 474 2927 μένον
1151 2888 1208 2917 net.
1236 2896 1292 2918 σου
1314 2883 1352 2917 ἐκ
1371 2885 1427 2918 τοῦ
1447 2883 1577 2926 πρώτου
1605 2883 1739 2926 ψαλμοῦ
1763 2882 1868 2926 λόγον.

416 2931 568 2969 2.Vu190
592 2929 652 2973 τῷ.
1195 2930 1226 2961 2.
1251 2926 1299 2964 ὅτ’
1322 2926 1361 2962 ἄν
1385 2931 1451 2962 cod.
1482 2931 1577 2961 Venet.
1601 2931 1721 2969 ubique.

417 2973 445 3006 3
480 2975 564 3006 Libri
594 2977 684 3016 vulyo
713 2975 946 3019 φαρμακοῦται
974 2986 1105 3019 φαρμα-
1196 2975 1228 3006 3.
1257 2977 1302 3015 Cf.
1327 2984 1422 3014 supra
1445 2985 1514 3014 cap.
1538 2975 1586 3006 10.
1610 2978 1637 3006 et
1660 2984 1729 3014 cap.
1754 2973 1803 3006 12.

371 3030 410 3053 κε
396 3018 542 3062 υομένη.
1198 3018 1228 3052 4.
1252 3022 1324 3052 Post
1344 3021 1528 3052 vocabulum
1553 3015 1769 3058 ἀναστάσεως
1795 3029 1890 3063 usque
