2030 3324
531 235 712 269 PANARH
738 236 864 268 Lien
901 235 1010 269 ΤοΜ.
1029 237 1068 269 u.
1093 235 1372 269 HAER.LX1X.
1658 230 1736 270 723

180 316 370 356 finitatem
392 328 436 354 ac
458 314 750 355 similitudinem
774 316 995 356 adiunctum
1022 316 1097 356 vim
1124 330 1275 356 omnem
1293 316 1413 357 divini
1437 317 1543 358 verbi
1570 332 1738 358 consen-

180 391 295 423 tanee
321 397 366 423 ac
390 381 595 437 perspicue
623 382 811 422 declaret.
864 382 967 423 Nam
999 391 1039 424 ct
1061 384 1224 436 angelus
1251 384 1347 424 idem
1377 386 1652 439 propemodum
1680 386 1735 426 di-

177 451 259 500 xit,
295 464 380 491 cum
404 449 628 503 significato
654 451 712 490 dei
740 451 843 495 lilio,
878 451 1042 491 subinde
1067 451 1294 505 quibusdam
1320 452 1475 502 additis,
1511 461 1734 508 assumptae

180 518 346 558 hominis
374 524 540 558 naturae
567 525 605 558 et
630 533 716 558 cum
749 518 870 558 verbo
899 518 1131 559 coniunctae
1167 518 1403 559 mentionem
1441 519 1595 560 iniecit:
1639 524 1731 560 Pro—
1751 532 1920 566 Luc.1.3¹a.

176 594 307 638 plerea
323 617 332 635 ‚
368 585 507 640 inquit,
541 594 577 624 el
601 589 700 638 quod
720 594 898 625 nascetur
923 602 971 625 eas
994 594 1027 624 le
1051 586 1134 634 (ubi
1159 594 1327 625 sanetum
1354 588 1515 639 adiecit)
1541 590 1734 627 vocabum·

179 655 301 692 Filius
323 656 397 693 (lee'.
461 652 575 706 Quae.
601 668 685 693 cum
711 654 763 694 ita
789 654 867 694 siut
893 668 937 693 ac
967 668 1084 694 voces
1111 654 1223 703 illae,
1268 658 1493 707 Propterea,
1531 662 1591 705 et,
1628 658 1736 706 Quod

175 729 353 760 nuscetur
377 723 705 761 voeube‘lm·Fz‘le'us
727 725 798 769 (les,
836 729 1044 776 usurpatae
1067 721 1113 762 ab
1140 722 1279 776 arigelo
1308 723 1466 772 luerint,
1496 730 1602 763 recte
1629 724 1732 763 l'ilius

177 788 210 829 ei
237 788 503 830 subiiciendus
526 790 681 839 dicitur,
715 793 783 842 que·
806 791 881 828 se'be'
901 792 1074 828 aniz-ersa
1099 792 1280 838 snbe·eez·t,·
1317 797 1357 830 ut
1381 804 1428 830 ne
1452 791 1551 844 quod
1576 792 1732 832 carnale

178 863 238 897 est
264 857 425 912 amplius
461 858 510 899 sit
538 857 680 898 virtute
711 857 890 907 carnale,
934 858 1000 897 sed
1030 872 1114 898 cum
1139 857 1342 898 divinitate
1369 858 1642 910 coniunctum3
1688 859 1733 900 il-

178 924 266 974 lud,
301 925 480 980 inquam,
516 926 638 979 ipsum
668 926 825 966 carnale
857 926 895 965 in
933 940 1050 966 unum
1079 926 1297 980 copulatum
1324 940 1408 966 cum
1435 927 1530 977 deo,
1575 934 1614 967 et
1645 942 1730 968 cum

177 1000 285 1047 patre
315 1007 358 1033 ac
385 993 523 1047 spiritu
552 1000 689 1033 saneto
720 1007 881 1047 reguum
910 994 999 1034 illud
1025 993 1228 1044 obtinens,
1272 998 1379 1033 euius
1410 1010 1482 1034 non
1519 998 1592 1034 erit
1610 997 1724 1047 fimk.

175 1058 298 1101 Cuius
320 1061 489 1114 quidem,
526 1075 577 1100 ex
602 1075 677 1115 quo
707 1062 944 1111 resurrexit,
980 1055 1084 1101 velut
1110 1062 1258 1101 initium
1288 1062 1457 1116 accepit:
1497 1065 1543 1102 L't
1566 1066 1616 1102 sic
1638 1066 1729 1102 deus

172 1131 294 1167 omnia
316 1131 354 1167 e'te
377 1130 570 1176 omnibns;
606 1128 704 1182 quod
733 1129 768 1167 iu
786 1142 910 1168 ,unam
936 1129 1178 1169 divinitatem
1205 1130 1434 1182 spiritaliter
1459 1131 1507 1170 sit
1530 1130 1620 1170 illud
1643 1145 1728 1170 car-

172 1195 260 1236 nale
285 1196 550 1236 coniunctum.
617 1195 696 1237 Sed
721 1197 819 1250 quod
844 1197 896 1236 ita
921 1196 1115 1250 loquitur:
1161 1200 1240 1236 Hoc
1261 1199 1385 1251 fitec‘le
1417 1201 1454 1236 [a
1478 1213 1592 1236 meam
1625 1213 1723 1236 eom·
1744 1193 1935 1257 {Jtuffiffdr-ffl·

172 1268 493 1312 memorationem,
529 1267 645 1304 donee
666 1266 916 1314 vem'alfile'zcs
938 1267 1120 1313 homiues,
1156 1264 1272 1305 item:
1307 1268 1374 1305 Sz'e
1398 1268 1503 1304 illum
1536 1267 1720 1313 videbilis,
1746 1265 1807 1325 Alcli'.
1824 1266 1899 1325 {²⁴¹st

171 1335 475 1384 quemadmodum
501 1335 645 1371 venas-tete
671 1335 927 1372 ascendentem
963 1336 1000 1372 (ἠ
1033 1335 1198 1382 eoelum,-
1243 1341 1319 1374 tum
1350 1335 1502 1374 demum
1541 1334 1726 1388 perfectis

172 1400 374 1450 omnibus,
411 1414 482 1440 nee
508 1401 582 1440 ulla
610 1414 650 1441 re
675 1400 977 1455 praetermissa,
1015 1401 1059 1441 ad
1084 1402 1205 1456 ipsius
1231 1402 1471 1442 divinitatem
1497 1408 1724 1442 revocatum

172 1468 218 1508 iri
246 1468 375 1509 omnia
409 1469 544 1509 eadem
572 1469 635 1508 illa
664 1469 783 1508 verba
814 1470 1108 1509 demonstrant:
1160 1473 1206 1509 I'l
1229 1474 1266 1508 se·
1284 1473 1374 1509 deus
1399 1474 1520 1510 omm'a
1548 1473 1585 1509 in
1609 1473 1725 1509 omni-

172 1537 264 1584 bus5
300 1550 348 1576 ue
374 1550 447 1591 qua
474 1537 523 1577 sit
550 1536 754 1577 divisionis
784 1538 980 1592 suspiciog
1016 1552 1113 1591 quae
1142 1538 1243 1578 nulla
1272 1545 1355 1587 est,
1391 1545 1431 1578 ut
1453 1552 1529 1578 non
1564 1538 1723 1578 deorum

170 1604 374 1644 multitudo
401 1606 583 1658 fingatur.
647 1603 750 1645 Nam
781 1619 855 1645 una
881 1613 940 1645 est
965 1619 1221 1660 personarum
1254 1606 1449 1657 omnium,
1484 1620 1527 1646 ac
1552 1606 1725 1659 singula-

170 1673 223 1713 ris
255 1673 394 1726 gloria.
460 1671 511 1712 Et
543 1687 638 1713 vero
667 1686 767 1722 non,
813 1674 922 1727 quasi
959 1674 1206 1728 tyrannidem
1235 1674 1431 1729 usurparit
1455 1674 1578 1724 lilius,
1626 1673 1724 1728 patri

169 1741 283 1781 modo
310 1755 386 1781 nou
410 1740 631 1791 subiicitur,
667 1754 791 1794 neque
819 1748 1001 1795 tanquam
1026 1756 1167 1783 servus
1194 1757 1239 1782 ac-
1264 1742 1419 1797 propria
1442 1749 1634 1797 potestate
1659 1756 1723 1781 ca-

168 1822 261 1849 rens
291 1808 415 1849 eidem
439 1809 666 1860 subiicitur,
702 1824 787 1849 curn
813 1809 862 1849 sit
890 1823 909 1849 a
935 1816 1045 1864 patre
1071 1812 1249 1864 genitus,
1286 1812 1498 1864 eademque
1527 1825 1612 1849 cum
1640 1810 1722 1864 ipso

166 1885 303 1920 natura
329 1893 374 1919 ae
400 1878 604 1918 divinitate
628 1877 841 1933 praeditus.
904 1877 1046 1932 Neque
1071 1885 1161 1918 tunc
1188 1886 1346 1934 propter
1371 1879 1486 1919 ullum
1511 1878 1718 1926 defectum,

165 1954 233 1988 aut
268 1947 375 1987 velut
411 1946 719 1987 imminutionem
758 1946 916 2000 eapitis,
967 1961 1011 1987 ae
1049 1947 1350 1997 necessitatem,
1396 1947 1479 1985 sive
1517 1943 1721 1999 potestatis

166 2015 462 2069 abrogationem
501 2015 596 2070 patri
634 2014 901 2055 subiiciendus
938 2022 1019 2065 est,
1063 2015 1130 2055 sed
1164 2015 1323 2070 perinde
1361 2028 1405 2053 ac
1440 2025 1651 2068 germanus
1684 2017 1722 2050 et

167 2084 304 2124 unicus
332 2083 455 2132 filius,
491 2083 554 2137 qui
581 2098 666 2123 eum
695 2090 803 2137 patre
832 2090 1018 2138 perpetuo
1042 2090 1203 2136 regnat,
1238 2089 1276 2122 et
1301 2082 1345 2121 ad
1370 2095 1484 2122 uuam
1511 2078 1721 2132 singulari-

167 2159 284 2193 tatem
309 2159 425 2206 atque
451 2166 567 2191 uuum
596 2152 713 2191 decus
742 2159 779 2191 et
805 2151 992 2191 honorem
1025 2158 1179 2191 creatas
1215 2164 1279 2190 res
1301 2163 1436 2189 omnes
1463 2153 1646 2195 revocat,
1681 2152 1720 2185 el.

167 2220 375 2260 ecelesiam
407 2233 515 2259 suam
552 2219 741 2260 instituit:
793 2222 839 2258 [Ἰ
869 2223 907 2258 si
933 2222 1024 2258 dens
1055 2221 1178 2257 omnia
1212 2221 1250 2256 2⁰11
1275 2217 1454 2255 0mm'bus.
1522 2212 1716 2267 Quoniam
1739 2216 1856 2283 Ῑ-ιὲῑῐῖἐ,

166 2302 241 2328 uua
273 2295 333 2327 est
367 2287 487 2342 patris
520 2295 559 2327 et
591 2287 654 2327 {ilii
693 2294 731 2327 et.
756 2287 914 2342 spiritus
941 2286 1066 2326 saneti
1092 2284 1297 2332 diviuitas,
1344 2283 1565 2322 dominatus
1599 2296 1715 2332 unus,

164 2355 452 2409 singularisque
475 2355 616 2409 gloria,
652 2370 671 2394 a
704 2356 780 2394 lilio
803 2367 937 2408 porro,
974 2360 1154 2406 tanquam
1178 2352 1224 2391 ab
1250 2364 1438 2404 germano
1469 2350 1562 2400 filio,
1599 2349 1715 2404 patri,

165 2430 206 2464 ut
232 2437 301 2478 par
335 2431 416 2472 est,
463 2423 587 2463 honor
612 2423 816 2471 tribuitur,
863 2435 934 2461 nec
967 2434 1043 2459 non
1081 2426 1120 2458 et
1153 2434 1173 2458 a
1201 2419 1339 2473 spiritu
1373 2424 1533 2468 sancto,
1577 2431 1662 2457 eum
1695 2431 1716 2458 a

166 2498 273 2547 patre
301 2498 338 2531 et
362 2491 438 2531 filio
466 2491 621 2531 minime
646 2491 696 2529 sit
723 2488 890 2529 alicnus.
941 2486 1157 2527 Facessant
1187 2487 1315 2540 itaque
1342 2486 1715 2526 contumeliosorum

164 2560 201 2600 in
230 2559 290 2599 dei
319 2559 435 2599 lilium
464 2574 509 2599 ac
541 2558 718 2613 spiritum
754 2563 929 2596 sanctum
968 2555 1108 2610 impiae
1132 2568 1274 2604 vocem,
1309 2568 1353 2594 ac
1379 2554 1619 2608 sacrilegae,
1654 2568 1715 2594 ar-

160 2634 423 2681 gumentaque
456 2626 559 2666 omni
592 2626 630 2665 in
663 2626 820 2664 eosdem
850 2623 1063 2663 hostilitate
1089 2624 1252 2663 referta.
1315 2620 1403 2662 Nos
1425 2629 1554 2662 autem
1582 2629 1715 2664 cetera

163 2695 261 2735 male
294 2695 340 2734 ab
373 2694 446 2734 illis
480 2693 730 2746 excogitata,
766 2698 804 2731 et
835 2691 907 2731 lioc
940 2691 1026 2731 loco
1059 2692 1277 2746 patefacta,
1313 2689 1519 2730 diluemus.

276 2761 376 2802 Aliis
409 2762 526 2816 igitur
558 2774 610 2800 ex
642 2759 850 2813 evangelio
874 2759 1032 2814 prolatis
1069 2758 1367 2799 auetoritatibus
1403 2758 1454 2798 ita
1487 2758 1709 2813 disputant:
1772 2752 1852 2794 Cap.

1861 2798 1871 2816 7

162 2831 265 2886 Quid
290 2838 352 2872 est
379 2829 478 2883 quod
507 2830 606 2868 m'lzil
627 2842 648 2867 a
675 2831 795 2880 seipso
824 2830 954 2879 facere
974 2828 1090 2878 filias
1108 2834 1252 2878 potest,
1287 2829 1366 2865 uisi
1389 2834 1536 2878 patrem
1562 2829 1710 2880 faeten-
1736 2799 1897 2869 ltssiffitt.

206 2911 237 2942 Ξ).
261 2912 348 2942 Libri
372 2910 464 2948 vulyo
489 2908 588 2941 ἴδετε.
1006 2906 1035 2939 7.
1062 2905 1154 2947 λῆξιν
1179 2907 1384 2938 emendarunt
1412 2908 1583 2939 Carnarius
1609 2907 1713 2950 (vertit
1748 2877 1775 2911 5⁹
1797 2876 1837 2904 ¹⁹⁸

203 2954 233 2986 6.
259 2953 295 2988 τὸ
321 2956 445 2994 reposui
477 2963 533 2994 pro
564 2953 630 2986 τῶν
655 2954 738 2993 quod
770 2955 800 2984 in
829 2954 915 2983 libris
961 2954 1040 2983 enim
1058 2951 1147 2982 iuxta
1172 2951 1407 2994 cessationem)
1431 2956 1456 2984 et
1470 2953 1630 2985 Petavius.
1663 2951 1713 2985 λε’-

159 3002 252 3040 vulyo
275 3004 369 3031 extat.
406 3001 535 3031 Petavio
558 3001 641 3031 locus
660 3000 825 3030 videbatur
846 3007 913 3029 rnu-
962 2996 1007 3038 ξιν
1032 2999 1064 3029 in
1086 2999 1172 3029 libris
1195 3000 1247 3029 est.

161 3047 234 3076 titus
259 3054 332 3078 esse.

1336 3100 1437 3144 46*
