<?xml version="1.0" encoding="UTF-8"?>
<!DOCTYPE html PUBLIC "-//W3C//DTD XHTML 1.0 Transitional//EN"
    "http://www.w3.org/TR/xhtml1/DTD/xhtml1-transitional.dtd">
<html xmlns="http://www.w3.org/1999/xhtml" xml:lang="en" lang="en">
 <head>
  <title>
</title>
<meta http-equiv="Content-Type" content="text/html;charset=utf-8" />
  <meta name='ocr-system' content='tesseract 3.04.00' />
  <meta name='ocr-capabilities' content='ocr_page ocr_carea ocr_par ocr_line ocrx_word'/>
</head>
<body>
  <div class='ocr_page' id='page_1' title='image "./p2corporishaereseo02epipuoft/p2corporishaereseo02epipuoft_0525.png"; bbox 0 0 2066 3319; ppageno 0'>
   <div class='ocr_carea' id='block_1_1' title="bbox 505 132 1689 174">
    <p class='ocr_par' dir='ltr' id='par_1_1' title="bbox 505 132 1689 174">
     <span class='ocr_line' id='line_1_1' title="bbox 505 132 1689 174; baseline -0.002 0"><span class='ocrx_word' id='word_1_1' title='bbox 505 141 685 174; x_wconf 75' lang='lat' dir='ltr'><strong>PANARH</strong></span> <span class='ocrx_word' id='word_1_2' title='bbox 710 141 792 173; x_wconf 89' lang='lat' dir='ltr'><strong>LlB.</strong></span> <span class='ocrx_word' id='word_1_3' title='bbox 810 142 849 172; x_wconf 82' lang='grc' dir='ltr'><strong>ΙΙ.</strong></span> <span class='ocrx_word' id='word_1_4' title='bbox 875 141 980 173; x_wconf 77' lang='lat' dir='ltr'><strong>ToM.</strong></span> <span class='ocrx_word' id='word_1_5' title='bbox 1001 142 1042 174; x_wconf 83' lang='lat' dir='ltr'><strong>Il.</strong></span> <span class='ocrx_word' id='word_1_6' title='bbox 1065 141 1195 174; x_wconf 77' lang='lat' dir='ltr'><strong>HAER.</strong></span> <span class='ocrx_word' id='word_1_7' title='bbox 1215 142 1336 174; x_wconf 78' lang='lat' dir='ltr'>LXVI.</span> <span class='ocrx_word' id='word_1_8' title='bbox 1610 132 1689 173; x_wconf 82' lang='lat'><strong>503</strong></span> 
     </span>
    </p>
   </div>
   <div class='ocr_carea' id='block_1_2' title="bbox 143 220 1894 1304">
    <p class='ocr_par' dir='ltr' id='par_1_2' title="bbox 152 220 1690 331">
     <span class='ocr_line' id='line_1_2' title="bbox 153 220 1690 277; baseline -0.001 -14"><span class='ocrx_word' id='word_1_9' title='bbox 153 223 373 263; x_wconf 84' lang='lat' dir='ltr'><strong>afferamus.</strong></span> <span class='ocrx_word' id='word_1_10' title='bbox 436 220 678 275; x_wconf 79' lang='lat' dir='ltr'><strong>Quamquam</strong></span> <span class='ocrx_word' id='word_1_11' title='bbox 706 235 775 261; x_wconf 90' lang='lat' dir='ltr'><strong>nos</strong></span> <span class='ocrx_word' id='word_1_12' title='bbox 798 235 846 261; x_wconf 84' lang='lat' dir='ltr'><strong>ex</strong></span> <span class='ocrx_word' id='word_1_13' title='bbox 878 221 923 260; x_wconf 88' lang='lat' dir='ltr'><strong>iis</strong></span> <span class='ocrx_word' id='word_1_14' title='bbox 947 222 1100 276; x_wconf 84' lang='lat' dir='ltr'><strong>saepius</strong></span> <span class='ocrx_word' id='word_1_15' title='bbox 1126 221 1365 277; x_wconf 87' lang='lat' dir='ltr'><strong>disputantes</strong></span> <span class='ocrx_word' id='word_1_16' title='bbox 1397 222 1690 264; x_wconf 76' lang='lat' dir='ltr'>accuratissime</span> 
     </span>
     <span class='ocr_line' id='line_1_3' title="bbox 152 290 378 331; baseline 0 -1"><span class='ocrx_word' id='word_1_17' title='bbox 152 290 378 331; x_wconf 72' lang='lat' dir='ltr'><strong>refellimus.</strong></span> 
     </span>
    </p>

    <p class='ocr_par' dir='ltr' id='par_1_3' title="bbox 143 356 1894 1304">
     <span class='ocr_line' id='line_1_4' title="bbox 264 356 1894 418; baseline 0.002 -20"><span class='ocrx_word' id='word_1_18' title='bbox 264 356 443 414; x_wconf 80' lang='lat' dir='ltr'>Inprimis</span> <span class='ocrx_word' id='word_1_19' title='bbox 475 357 592 413; x_wconf 88' lang='lat' dir='ltr'><strong>igitur</strong></span> <span class='ocrx_word' id='word_1_20' title='bbox 618 372 702 398; x_wconf 90' lang='lat' dir='ltr'><strong>cum</strong></span> <span class='ocrx_word' id='word_1_21' title='bbox 733 358 872 398; x_wconf 80' lang='lat' dir='ltr'><strong>divinis</strong></span> <span class='ocrx_word' id='word_1_22' title='bbox 911 358 947 398; x_wconf 91' lang='lat' dir='ltr'><strong>iu</strong></span> <span class='ocrx_word' id='word_1_23' title='bbox 971 358 1095 399; x_wconf 85' lang='lat' dir='ltr'><strong>literis</strong></span> <span class='ocrx_word' id='word_1_24' title='bbox 1122 357 1313 400; x_wconf 81' lang='lat' dir='ltr'><strong>Paracleti</strong></span> <span class='ocrx_word' id='word_1_25' title='bbox 1344 374 1482 400; x_wconf 88' lang='lat' dir='ltr'><strong>nomen</strong></span> <span class='ocrx_word' id='word_1_26' title='bbox 1511 360 1683 401; x_wconf 89' lang='lat' dir='ltr'><strong>invenis·</strong></span> <span class='ocrx_word' id='word_1_27' title='bbox 1705 372 1783 418; x_wconf 76' lang='lat' dir='ltr'><strong>Cap.</strong></span> <span class='ocrx_word' id='word_1_28' title='bbox 1804 374 1894 407; x_wconf 72' lang='lat' dir='ltr'><strong>in.</strong></span> 
     </span>
     <span class='ocr_line' id='line_1_5' title="bbox 152 426 1685 483; baseline 0.001 -15"><span class='ocrx_word' id='word_1_29' title='bbox 152 434 233 477; x_wconf 86' lang='lat' dir='ltr'><strong>set,</strong></span> <span class='ocrx_word' id='word_1_30' title='bbox 267 441 313 466; x_wconf 87' lang='lat' dir='ltr'><strong>ac</strong></span> <span class='ocrx_word' id='word_1_31' title='bbox 338 426 414 467; x_wconf 89' lang='lat' dir='ltr'><strong>vim</strong></span> <span class='ocrx_word' id='word_1_32' title='bbox 438 426 540 467; x_wconf 90' lang='lat' dir='ltr'><strong>illius</strong></span> <span class='ocrx_word' id='word_1_33' title='bbox 564 426 787 480; x_wconf 83' lang='lat' dir='ltr'><strong>ignoraret,</strong></span> <span class='ocrx_word' id='word_1_34' title='bbox 821 427 1070 482; x_wconf 81' lang='lat' dir='ltr'><strong>semetipsum</strong></span> <span class='ocrx_word' id='word_1_35' title='bbox 1098 442 1165 482; x_wconf 92' lang='lat' dir='ltr'><strong>pro</strong></span> <span class='ocrx_word' id='word_1_36' title='bbox 1188 442 1282 468; x_wconf 87' lang='lat' dir='ltr'><strong>vero</strong></span> <span class='ocrx_word' id='word_1_37' title='bbox 1310 428 1444 483; x_wconf 91' lang='lat' dir='ltr'><strong>spiritu</strong></span> <span class='ocrx_word' id='word_1_38' title='bbox 1470 428 1685 483; x_wconf 85' lang='lat' dir='ltr'><strong>supposuit.</strong></span> 
     </span>
     <span class='ocr_line' id='line_1_6' title="bbox 150 494 1683 551; baseline 0.002 -16"><span class='ocrx_word' id='word_1_39' title='bbox 150 494 283 551; x_wconf 88' lang='lat' dir='ltr'><strong>ltaque</strong></span> <span class='ocrx_word' id='word_1_40' title='bbox 309 496 352 536; x_wconf 90' lang='lat' dir='ltr'><strong>ad</strong></span> <span class='ocrx_word' id='word_1_41' title='bbox 380 509 469 535; x_wconf 85' lang='lat' dir='ltr'><strong>seso</strong></span> <span class='ocrx_word' id='word_1_42' title='bbox 503 495 696 550; x_wconf 85' lang='lat' dir='ltr'><strong>pertinere</strong></span> <span class='ocrx_word' id='word_1_43' title='bbox 721 495 782 535; x_wconf 91' lang='lat' dir='ltr'><strong>illa</strong></span> <span class='ocrx_word' id='word_1_44' title='bbox 807 496 919 535; x_wconf 82' lang='lat' dir='ltr'><strong>docet</strong></span> <span class='ocrx_word' id='word_1_45' title='bbox 944 510 1041 550; x_wconf 86' lang='lat' dir='ltr'><strong>quae</strong></span> <span class='ocrx_word' id='word_1_46' title='bbox 1064 496 1110 536; x_wconf 86' lang='lat' dir='ltr'><strong>ab</strong></span> <span class='ocrx_word' id='word_1_47' title='bbox 1134 496 1310 551; x_wconf 84' lang='lat' dir='ltr'><strong>apostolo</strong></span> <span class='ocrx_word' id='word_1_48' title='bbox 1335 495 1458 537; x_wconf 83' lang='lat' dir='ltr'><strong>Paulo</strong></span> <span class='ocrx_word' id='word_1_49' title='bbox 1482 498 1683 538; x_wconf 89' lang='lat' dir='ltr'><strong>dicuntur:</strong></span> 
     </span>
     <span class='ocr_line' id='line_1_7' title="bbox 150 567 1686 618; baseline 0.001 -14"><span class='ocrx_word' id='word_1_50' title='bbox 150 567 212 604; x_wconf 72' lang='lat' dir='ltr'><strong>Ea·</strong></span> <span class='ocrx_word' id='word_1_51' title='bbox 235 572 347 616; x_wconf 83' lang='lat' dir='ltr'><strong>parte</strong></span> <span class='ocrx_word' id='word_1_52' title='bbox 385 567 664 615; x_wconf 76' lang='lat' dir='ltr'><strong>cognoscimus,</strong></span> <span class='ocrx_word' id='word_1_53' title='bbox 709 572 745 602; x_wconf 92' lang='lat' dir='ltr'><strong>et</strong></span> <span class='ocrx_word' id='word_1_54' title='bbox 770 580 817 603; x_wconf 78' lang='lat' dir='ltr'><strong>ez·</strong></span> <span class='ocrx_word' id='word_1_55' title='bbox 838 573 948 616; x_wconf 84' lang='lat' dir='ltr'><strong>parte</strong></span> <span class='ocrx_word' id='word_1_56' title='bbox 969 567 1234 617; x_wconf 75' lang='lat' dir='ltr'><strong>prophetamus</strong></span> <span class='ocrx_word' id='word_1_57' title='bbox 1250 583 1260 603; x_wconf 93' lang='lat'><strong>.·</strong></span> <span class='ocrx_word' id='word_1_58' title='bbox 1306 579 1386 603; x_wconf 82' lang='lat' dir='ltr'><strong>cam</strong></span> <span class='ocrx_word' id='word_1_59' title='bbox 1419 570 1561 605; x_wconf 74' lang='lat' dir='ltr'><strong>venerit</strong></span> <span class='ocrx_word' id='word_1_60' title='bbox 1588 570 1686 618; x_wconf 73' lang='lat' dir='ltr'><strong>qaod</strong></span> 
     </span>
     <span class='ocr_line' id='line_1_8' title="bbox 144 631 1684 687; baseline 0.003 -15"><span class='ocrx_word' id='word_1_61' title='bbox 144 634 349 687; x_wconf 72' lang='lat' dir='ltr'><strong>perfectum</strong></span> <span class='ocrx_word' id='word_1_62' title='bbox 372 640 440 680; x_wconf 87' lang='lat' dir='ltr'><strong>est,</strong></span> <span class='ocrx_word' id='word_1_63' title='bbox 475 634 716 672; x_wconf 74' lang='lat' dir='ltr'><strong>evacuabitur</strong></span> <span class='ocrx_word' id='word_1_64' title='bbox 737 636 835 685; x_wconf 79' lang='lat' dir='ltr'><strong>qnod</strong></span> <span class='ocrx_word' id='word_1_65' title='bbox 855 648 902 671; x_wconf 62' lang='lat' dir='ltr'><strong>ea·</strong></span> <span class='ocrx_word' id='word_1_66' title='bbox 918 641 1030 685; x_wconf 89' lang='lat' dir='ltr'><strong>parte</strong></span> <span class='ocrx_word' id='word_1_67' title='bbox 1053 641 1121 672; x_wconf 87' lang='lat' dir='ltr'><strong>est.</strong></span> <span class='ocrx_word' id='word_1_68' title='bbox 1158 632 1276 687; x_wconf 83' lang='lat' dir='ltr'><strong>Atqui</strong></span> <span class='ocrx_word' id='word_1_69' title='bbox 1294 634 1338 672; x_wconf 84' lang='lat' dir='ltr'><strong>de</strong></span> <span class='ocrx_word' id='word_1_70' title='bbox 1356 631 1561 674; x_wconf 86' lang='lat' dir='ltr'><strong>Paraclcto</strong></span> <span class='ocrx_word' id='word_1_71' title='bbox 1581 635 1684 676; x_wconf 93' lang='lat' dir='ltr'><strong>nullo</strong></span> 
     </span>
     <span class='ocr_line' id='line_1_9' title="bbox 149 700 1685 757; baseline 0.001 -15"><span class='ocrx_word' id='word_1_72' title='bbox 149 702 260 742; x_wconf 89' lang='lat' dir='ltr'><strong>modo</strong></span> <span class='ocrx_word' id='word_1_73' title='bbox 287 701 382 741; x_wconf 86' lang='lat' dir='ltr'><strong>haec</strong></span> <span class='ocrx_word' id='word_1_74' title='bbox 405 700 671 756; x_wconf 85' lang='lat' dir='ltr'><strong>pronuntiavit</strong></span> <span class='ocrx_word' id='word_1_75' title='bbox 694 701 913 755; x_wconf 68' lang='lat' dir='ltr'><strong>apostolusg</strong></span> <span class='ocrx_word' id='word_1_76' title='bbox 957 702 1018 755; x_wconf 92' lang='lat' dir='ltr'><strong>qui</strong></span> <span class='ocrx_word' id='word_1_77' title='bbox 1042 716 1126 741; x_wconf 84' lang='lat' dir='ltr'><strong>cum</strong></span> <span class='ocrx_word' id='word_1_78' title='bbox 1160 701 1356 741; x_wconf 81' lang='lat' dir='ltr'><strong>sodalibus</strong></span> <span class='ocrx_word' id='word_1_79' title='bbox 1388 703 1468 742; x_wconf 90' lang='lat' dir='ltr'><strong>suis</strong></span> <span class='ocrx_word' id='word_1_80' title='bbox 1500 703 1685 757; x_wconf 89' lang='lat' dir='ltr'><strong>apostolis</strong></span> 
     </span>
     <span class='ocr_line' id='line_1_10' title="bbox 146 769 1684 825; baseline 0.001 -15"><span class='ocrx_word' id='word_1_81' title='bbox 146 769 322 825; x_wconf 88' lang='lat' dir='ltr'><strong>spiritum</strong></span> <span class='ocrx_word' id='word_1_82' title='bbox 346 778 520 811; x_wconf 87' lang='lat' dir='ltr'><strong>sanctum</strong></span> <span class='ocrx_word' id='word_1_83' title='bbox 549 770 724 825; x_wconf 85' lang='lat' dir='ltr'><strong>accipere</strong></span> <span class='ocrx_word' id='word_1_84' title='bbox 749 769 911 819; x_wconf 85' lang='lat' dir='ltr'><strong>meruit,</strong></span> <span class='ocrx_word' id='word_1_85' title='bbox 953 769 1019 809; x_wconf 87' lang='lat' dir='ltr'><strong>sed</strong></span> <span class='ocrx_word' id='word_1_86' title='bbox 1045 770 1090 809; x_wconf 91' lang='lat' dir='ltr'><strong>de</strong></span> <span class='ocrx_word' id='word_1_87' title='bbox 1118 769 1256 824; x_wconf 83' lang='lat' dir='ltr'><strong>duplici</strong></span> <span class='ocrx_word' id='word_1_88' title='bbox 1289 773 1430 811; x_wconf 87' lang='lat' dir='ltr'><strong>mundo</strong></span> <span class='ocrx_word' id='word_1_89' title='bbox 1464 785 1684 812; x_wconf 85' lang='lat' dir='ltr'><strong>sermonem</strong></span> 
     </span>
     <span class='ocr_line' id='line_1_11' title="bbox 145 838 1684 894; baseline 0.001 -15"><span class='ocrx_word' id='word_1_90' title='bbox 145 839 389 886; x_wconf 73' lang='lat' dir='ltr'><strong>instituerat,</strong></span> <span class='ocrx_word' id='word_1_91' title='bbox 434 839 629 894; x_wconf 76' lang='lat' dir='ltr'><strong>praesenti</strong></span> <span class='ocrx_word' id='word_1_92' title='bbox 657 838 838 879; x_wconf 88' lang='lat' dir='ltr'><strong>videlicet</strong></span> <span class='ocrx_word' id='word_1_93' title='bbox 863 852 906 878; x_wconf 88' lang='lat' dir='ltr'><strong>ac</strong></span> <span class='ocrx_word' id='word_1_94' title='bbox 941 838 1092 888; x_wconf 84' lang='lat' dir='ltr'><strong>futuro,</strong></span> <span class='ocrx_word' id='word_1_95' title='bbox 1125 846 1283 894; x_wconf 89' lang='lat' dir='ltr'><strong>propter</strong></span> <span class='ocrx_word' id='word_1_96' title='bbox 1304 840 1510 880; x_wconf 90' lang='lat' dir='ltr'><strong>nonnullos</strong></span> <span class='ocrx_word' id='word_1_97' title='bbox 1543 839 1606 894; x_wconf 89' lang='lat' dir='ltr'><strong>qui</strong></span> <span class='ocrx_word' id='word_1_98' title='bbox 1639 841 1684 880; x_wconf 91' lang='lat' dir='ltr'><strong>de</strong></span> 
     </span>
     <span class='ocr_line' id='line_1_12' title="bbox 146 901 1854 971; baseline 0 -23"><span class='ocrx_word' id='word_1_99' title='bbox 146 907 382 963; x_wconf 81' lang='lat' dir='ltr'><strong>temporibus</strong></span> <span class='ocrx_word' id='word_1_100' title='bbox 405 907 507 947; x_wconf 81' lang='lat' dir='ltr'><strong>scire</strong></span> <span class='ocrx_word' id='word_1_101' title='bbox 538 914 650 961; x_wconf 82' lang='lat' dir='ltr'><strong>atque</strong></span> <span class='ocrx_word' id='word_1_102' title='bbox 683 906 878 960; x_wconf 75' lang='lat' dir='ltr'><strong>inquirere</strong></span> <span class='ocrx_word' id='word_1_103' title='bbox 913 906 1132 959; x_wconf 85' lang='lat' dir='ltr'><strong>cupiebant.</strong></span> <span class='ocrx_word' id='word_1_104' title='bbox 1195 909 1323 951; x_wconf 76' lang='lat' dir='ltr'><strong>Nihil,</strong></span> <span class='ocrx_word' id='word_1_105' title='bbox 1359 908 1507 962; x_wconf 85' lang='lat' dir='ltr'><strong>inquit,</strong></span> <span class='ocrx_word' id='word_1_106' title='bbox 1543 917 1685 948; x_wconf 78' lang='lat' dir='ltr'><strong>terreat</strong></span> <span class='ocrx_word' id='word_1_107' title='bbox 1700 901 1854 971; x_wconf 51' lang='lat' dir='ltr'><strong>²·2T’h{j³⁸·</strong></span> 
     </span>
     <span class='ocr_line' id='line_1_13' title="bbox 145 978 1683 1027; baseline -0.001 -11"><span class='ocrx_word' id='word_1_108' title='bbox 145 991 207 1016; x_wconf 73' lang='lat' dir='ltr'><strong>vos</strong></span> <span class='ocrx_word' id='word_1_109' title='bbox 232 980 269 1016; x_wconf 87' lang='lat' dir='ltr'><strong>in</strong></span> <span class='ocrx_word' id='word_1_110' title='bbox 296 991 463 1016; x_wconf 75' lang='lat' dir='ltr'><strong>sermone</strong></span> <span class='ocrx_word' id='word_1_111' title='bbox 477 1007 486 1023; x_wconf 88' lang='lat'><strong>,</strong></span> <span class='ocrx_word' id='word_1_112' title='bbox 521 983 590 1015; x_wconf 79' lang='lat' dir='ltr'><strong>ant</strong></span> <span class='ocrx_word' id='word_1_113' title='bbox 609 978 763 1027; x_wconf 82' lang='lat' dir='ltr'><strong>epistola</strong></span> <span class='ocrx_word' id='word_1_114' title='bbox 778 1006 786 1022; x_wconf 92' lang='lat'>‚</span> <span class='ocrx_word' id='word_1_115' title='bbox 822 979 933 1027; x_wconf 78' lang='lat' dir='ltr'><strong>quasi</strong></span> <span class='ocrx_word' id='word_1_116' title='bbox 950 978 1061 1014; x_wconf 83' lang='lat' dir='ltr'><strong>instet</strong></span> <span class='ocrx_word' id='word_1_117' title='bbox 1091 978 1169 1015; x_wconf 83' lang='lat' dir='ltr'><strong>dies</strong></span> <span class='ocrx_word' id='word_1_118' title='bbox 1193 979 1354 1015; x_wconf 84' lang='lat' dir='ltr'><strong>domini:</strong></span> <span class='ocrx_word' id='word_1_119' title='bbox 1395 979 1472 1016; x_wconf 84' lang='lat' dir='ltr'><strong>nisi</strong></span> <span class='ocrx_word' id='word_1_120' title='bbox 1499 980 1593 1016; x_wconf 87' lang='lat' dir='ltr'><strong>enim</strong></span> <span class='ocrx_word' id='word_1_121' title='bbox 1625 992 1683 1016; x_wconf 81' lang='lat' dir='ltr'><strong>re-</strong></span> 
     </span>
     <span class='ocr_line' id='line_1_14' title="bbox 144 1043 1679 1099; baseline 0.001 -15"><span class='ocrx_word' id='word_1_122' title='bbox 144 1047 287 1085; x_wconf 80' lang='lat' dir='ltr'><strong>velatus</strong></span> <span class='ocrx_word' id='word_1_123' title='bbox 305 1047 434 1099; x_wconf 81' lang='lat' dir='ltr'><strong>faerit</strong></span> <span class='ocrx_word' id='word_1_124' title='bbox 457 1046 573 1097; x_wconf 74' lang='lat' dir='ltr'><strong>flius</strong></span> <span class='ocrx_word' id='word_1_125' title='bbox 611 1047 840 1097; x_wconf 77' lang='lat' dir='ltr'><strong>iniquitatis,</strong></span> <span class='ocrx_word' id='word_1_126' title='bbox 886 1046 991 1083; x_wconf 79' lang='lat' dir='ltr'><strong>homo</strong></span> <span class='ocrx_word' id='word_1_127' title='bbox 1028 1047 1254 1093; x_wconf 76' lang='lat' dir='ltr'><strong>inz&#39;astitiae,</strong></span> <span class='ocrx_word' id='word_1_128' title='bbox 1290 1053 1359 1084; x_wconf 87' lang='lat' dir='ltr'><strong>etc.</strong></span> <span class='ocrx_word' id='word_1_129' title='bbox 1427 1043 1531 1098; x_wconf 80' lang='lat' dir='ltr'><strong>Quin</strong></span> <span class='ocrx_word' id='word_1_130' title='bbox 1564 1044 1679 1085; x_wconf 85' lang='lat' dir='ltr'><strong>etiam</strong></span> 
     </span>
     <span class='ocr_line' id='line_1_15' title="bbox 143 1112 1682 1167; baseline -0.001 -13"><span class='ocrx_word' id='word_1_131' title='bbox 143 1113 466 1154; x_wconf 83' lang='lat' dir='ltr'><strong>convenientibus</strong></span> <span class='ocrx_word' id='word_1_132' title='bbox 498 1113 732 1154; x_wconf 84' lang='lat' dir='ltr'><strong>salvatorem</strong></span> <span class='ocrx_word' id='word_1_133' title='bbox 769 1112 979 1167; x_wconf 84' lang='lat' dir='ltr'><strong>apostolis,</strong></span> <span class='ocrx_word' id='word_1_134' title='bbox 1020 1127 1064 1152; x_wconf 86' lang='lat' dir='ltr'><strong>ac</strong></span> <span class='ocrx_word' id='word_1_135' title='bbox 1088 1113 1134 1153; x_wconf 89' lang='lat' dir='ltr'><strong>de</strong></span> <span class='ocrx_word' id='word_1_136' title='bbox 1162 1114 1290 1154; x_wconf 90' lang='lat' dir='ltr'><strong>mundi</strong></span> <span class='ocrx_word' id='word_1_137' title='bbox 1315 1128 1456 1154; x_wconf 81' lang='lat' dir='ltr'><strong>occasu</strong></span> <span class='ocrx_word' id='word_1_138' title='bbox 1481 1113 1682 1154; x_wconf 84' lang='lat' dir='ltr'><strong>sciscitan-</strong></span> 
     </span>
     <span class='ocr_line' id='line_1_16' title="bbox 144 1181 1849 1237; baseline 0.002 -15"><span class='ocrx_word' id='word_1_139' title='bbox 144 1182 270 1232; x_wconf 85' lang='lat' dir='ltr'><strong>tibus,</strong></span> <span class='ocrx_word' id='word_1_140' title='bbox 313 1182 364 1222; x_wconf 80' lang='lat' dir='ltr'><strong>ita</strong></span> <span class='ocrx_word' id='word_1_141' title='bbox 394 1181 477 1237; x_wconf 83' lang='lat' dir='ltr'><strong>ipse</strong></span> <span class='ocrx_word' id='word_1_142' title='bbox 509 1181 731 1237; x_wconf 86' lang='lat' dir='ltr'><strong>respondit,</strong></span> <span class='ocrx_word' id='word_1_143' title='bbox 773 1183 859 1221; x_wconf 81' lang='lat' dir='ltr'><strong>Non</strong></span> <span class='ocrx_word' id='word_1_144' title='bbox 893 1189 948 1221; x_wconf 90' lang='lat' dir='ltr'><strong>est</strong></span> <span class='ocrx_word' id='word_1_145' title='bbox 978 1190 1139 1222; x_wconf 78' lang='lat' dir='ltr'><strong>vestram</strong></span> <span class='ocrx_word' id='word_1_146' title='bbox 1170 1198 1278 1222; x_wconf 83' lang='lat' dir='ltr'><strong>nosse</strong></span> <span class='ocrx_word' id='word_1_147' title='bbox 1306 1190 1492 1235; x_wconf 86' lang='lat' dir='ltr'><strong>tempora,</strong></span> <span class='ocrx_word' id='word_1_148' title='bbox 1526 1185 1587 1222; x_wconf 83' lang='lat' dir='ltr'><strong>vel</strong></span> <span class='ocrx_word' id='word_1_149' title='bbox 1606 1198 1681 1222; x_wconf 85' lang='lat' dir='ltr'><strong>mo-</strong></span> <span class='ocrx_word' id='word_1_150' title='bbox 1700 1197 1760 1224; x_wconf 75' lang='lat' dir='ltr'><strong>Aet.</strong></span> <span class='ocrx_word' id='word_1_151' title='bbox 1782 1197 1806 1232; x_wconf 78' lang='lat'><strong>1,</strong></span> <span class='ocrx_word' id='word_1_152' title='bbox 1825 1198 1849 1225; x_wconf 71' lang='lat'><strong>7.</strong></span> 
     </span>
     <span class='ocr_line' id='line_1_17' title="bbox 143 1253 1681 1304; baseline 0 -14"><span class='ocrx_word' id='word_1_153' title='bbox 143 1259 284 1298; x_wconf 86' lang='lat' dir='ltr'><strong>menta,</strong></span> <span class='ocrx_word' id='word_1_154' title='bbox 320 1265 414 1303; x_wconf 81' lang='lat' dir='ltr'><strong>qaae</strong></span> <span class='ocrx_word' id='word_1_155' title='bbox 432 1259 543 1303; x_wconf 87' lang='lat' dir='ltr'><strong>pater</strong></span> <span class='ocrx_word' id='word_1_156' title='bbox 564 1253 694 1303; x_wconf 79' lang='lat' dir='ltr'><strong>posuit</strong></span> <span class='ocrx_word' id='word_1_157' title='bbox 717 1254 754 1290; x_wconf 90' lang='lat' dir='ltr'><strong>in</strong></span> <span class='ocrx_word' id='word_1_158' title='bbox 782 1265 851 1290; x_wconf 84' lang='lat' dir='ltr'><strong>saa</strong></span> <span class='ocrx_word' id='word_1_159' title='bbox 868 1258 1077 1302; x_wconf 81' lang='lat' dir='ltr'><strong>potestate,</strong></span> <span class='ocrx_word' id='word_1_160' title='bbox 1112 1254 1179 1291; x_wconf 82' lang='lat' dir='ltr'><strong>sed</strong></span> <span class='ocrx_word' id='word_1_161' title='bbox 1204 1254 1394 1304; x_wconf 67' lang='lat' dir='ltr'><strong>acceptetis</strong></span> <span class='ocrx_word' id='word_1_162' title='bbox 1416 1255 1587 1291; x_wconf 69' lang='lat' dir='ltr'><strong>virtatem</strong></span> <span class='ocrx_word' id='word_1_163' title='bbox 1618 1267 1681 1291; x_wconf 80' lang='lat' dir='ltr'><strong>sa—</strong></span> 
     </span>
    </p>
   </div>
   <div class='ocr_carea' id='block_1_3' title="bbox 1705 565 1818 636">
    <p class='ocr_par' dir='ltr' id='par_1_4' title="bbox 1705 565 1818 636">
     <span class='ocr_line' id='line_1_18' title="bbox 1705 565 1818 594; baseline -0.027 0"><span class='ocrx_word' id='word_1_164' title='bbox 1705 567 1729 594; x_wconf 87' lang='lat'><strong>1.</strong></span> <span class='ocrx_word' id='word_1_165' title='bbox 1746 565 1818 593; x_wconf 89' lang='lat' dir='ltr'><strong>Cor.</strong></span> 
     </span>
     <span class='ocr_line' id='line_1_19' title="bbox 1705 601 1788 636; baseline -0.024 -7"><span class='ocrx_word' id='word_1_166' title='bbox 1705 601 1746 636; x_wconf 81' lang='lat'><strong>13,</strong></span> <span class='ocrx_word' id='word_1_167' title='bbox 1764 602 1788 629; x_wconf 82' lang='lat'><strong>9.</strong></span> 
     </span>
    </p>
   </div>
   <div class='ocr_carea' id='block_1_4' title="bbox 128 1317 1882 2820">
    <p class='ocr_par' dir='ltr' id='par_1_5' title="bbox 128 1317 1882 2820">
     <span class='ocr_line' id='line_1_20' title="bbox 138 1317 1881 1377; baseline 0.001 -18"><span class='ocrx_word' id='word_1_168' title='bbox 138 1323 387 1372; x_wconf 72' lang='lat' dir='ltr'><strong>pervenientes</strong></span> <span class='ocrx_word' id='word_1_169' title='bbox 419 1323 576 1372; x_wconf 75' lang='lat' dir='ltr'><strong>spiritns</strong></span> <span class='ocrx_word' id='word_1_170' title='bbox 606 1322 732 1359; x_wconf 84' lang='lat' dir='ltr'><strong>sancti</strong></span> <span class='ocrx_word' id='word_1_171' title='bbox 759 1323 796 1359; x_wconf 88' lang='lat' dir='ltr'><strong>in</strong></span> <span class='ocrx_word' id='word_1_172' title='bbox 826 1334 902 1358; x_wconf 80' lang='lat' dir='ltr'><strong>vos·</strong></span> <span class='ocrx_word' id='word_1_173' title='bbox 967 1317 1087 1371; x_wconf 83' lang='lat' dir='ltr'><strong>Item,</strong></span> <span class='ocrx_word' id='word_1_174' title='bbox 1130 1323 1421 1372; x_wconf 70' lang='lat' dir='ltr'><strong>Hierosolymis,</strong></span> <span class='ocrx_word' id='word_1_175' title='bbox 1455 1320 1600 1375; x_wconf 86' lang='lat' dir='ltr'><strong>inquit,</strong></span> <span class='ocrx_word' id='word_1_176' title='bbox 1634 1336 1881 1377; x_wconf 74' lang='lat' dir='ltr'><strong>7²810anu.16‚s.</strong></span> 
     </span>
     <span class='ocr_line' id='line_1_21' title="bbox 141 1389 1681 1441; baseline 0.001 -13"><span class='ocrx_word' id='word_1_177' title='bbox 141 1391 336 1436; x_wconf 74' lang='lat' dir='ltr'><strong>discedite,</strong></span> <span class='ocrx_word' id='word_1_178' title='bbox 381 1396 616 1440; x_wconf 65' lang='lat' dir='ltr'><strong>expectantes</strong></span> <span class='ocrx_word' id='word_1_179' title='bbox 644 1391 924 1441; x_wconf 73' lang='lat' dir='ltr'><strong>promissionem</strong></span> <span class='ocrx_word' id='word_1_180' title='bbox 951 1392 1130 1440; x_wconf 76' lang='lat' dir='ltr'><strong>spiritns,</strong></span> <span class='ocrx_word' id='word_1_181' title='bbox 1166 1403 1273 1441; x_wconf 77' lang='lat' dir='ltr'><strong>qaam</strong></span> <span class='ocrx_word' id='word_1_182' title='bbox 1300 1392 1479 1436; x_wconf 71' lang='lat' dir='ltr'><strong>malassis,</strong></span> <span class='ocrx_word' id='word_1_183' title='bbox 1517 1389 1588 1430; x_wconf 85' lang='lat' dir='ltr'><strong>hoc</strong></span> <span class='ocrx_word' id='word_1_184' title='bbox 1621 1398 1681 1432; x_wconf 83' lang='lat' dir='ltr'><strong>est</strong></span> 
     </span>
     <span class='ocr_line' id='line_1_22' title="bbox 141 1456 1882 1515; baseline 0.001 -18"><span class='ocrx_word' id='word_1_185' title='bbox 141 1457 377 1512; x_wconf 85' lang='lat' dir='ltr'><strong>paracletum</strong></span> <span class='ocrx_word' id='word_1_186' title='bbox 403 1456 505 1497; x_wconf 91' lang='lat' dir='ltr'><strong>illum</strong></span> <span class='ocrx_word' id='word_1_187' title='bbox 530 1457 721 1512; x_wconf 88' lang='lat' dir='ltr'><strong>spiritum,</strong></span> <span class='ocrx_word' id='word_1_188' title='bbox 757 1457 803 1497; x_wconf 89' lang='lat' dir='ltr'><strong>de</strong></span> <span class='ocrx_word' id='word_1_189' title='bbox 828 1471 901 1511; x_wconf 87' lang='lat' dir='ltr'><strong>quo</strong></span> <span class='ocrx_word' id='word_1_190' title='bbox 924 1456 1093 1508; x_wconf 82' lang='lat' dir='ltr'><strong>dixerat,</strong></span> <span class='ocrx_word' id='word_1_191' title='bbox 1127 1460 1175 1497; x_wconf 76' lang='lat' dir='ltr'><strong>Se·</strong></span> <span class='ocrx_word' id='word_1_192' title='bbox 1191 1473 1273 1509; x_wconf 79' lang='lat' dir='ltr'><strong>ego,</strong></span> <span class='ocrx_word' id='word_1_193' title='bbox 1302 1459 1428 1497; x_wconf 76' lang='lat' dir='ltr'><strong>abiero</strong></span> <span class='ocrx_word' id='word_1_194' title='bbox 1452 1460 1516 1497; x_wconf 77' lang='lat' dir='ltr'><strong>ille</strong></span> <span class='ocrx_word' id='word_1_195' title='bbox 1541 1462 1670 1508; x_wconf 77' lang='lat' dir='ltr'><strong>veniet,</strong></span> <span class='ocrx_word' id='word_1_196' title='bbox 1687 1478 1882 1515; x_wconf 64' lang='lat' dir='ltr'><strong>1oam,‚15‚14,</strong></span> 
     </span>
     <span class='ocr_line' id='line_1_23' title="bbox 139 1524 1678 1580; baseline 0.001 -15"><span class='ocrx_word' id='word_1_197' title='bbox 139 1535 175 1565; x_wconf 89' lang='lat' dir='ltr'><strong>et</strong></span> <span class='ocrx_word' id='word_1_198' title='bbox 207 1527 447 1566; x_wconf 75' lang='lat' dir='ltr'><strong>annuntiabit</strong></span> <span class='ocrx_word' id='word_1_199' title='bbox 474 1527 575 1565; x_wconf 80' lang='lat' dir='ltr'><strong>vobis</strong></span> <span class='ocrx_word' id='word_1_200' title='bbox 601 1528 734 1565; x_wconf 86' lang='lat' dir='ltr'><strong>omnia.</strong></span> <span class='ocrx_word' id='word_1_201' title='bbox 800 1524 912 1580; x_wconf 82' lang='lat' dir='ltr'><strong>Quae</strong></span> <span class='ocrx_word' id='word_1_202' title='bbox 938 1525 1088 1580; x_wconf 89' lang='lat' dir='ltr'><strong>quidem</strong></span> <span class='ocrx_word' id='word_1_203' title='bbox 1118 1526 1260 1576; x_wconf 80' lang='lat' dir='ltr'><strong>verba,</strong></span> <span class='ocrx_word' id='word_1_204' title='bbox 1295 1528 1549 1566; x_wconf 76' lang='lat' dir='ltr'><strong>Annuntiabit</strong></span> <span class='ocrx_word' id='word_1_205' title='bbox 1578 1530 1678 1568; x_wconf 76' lang='lat' dir='ltr'><strong>vobis</strong></span> 
     </span>
     <span class='ocr_line' id='line_1_24' title="bbox 139 1594 1674 1650; baseline 0.002 -16"><span class='ocrx_word' id='word_1_206' title='bbox 139 1598 274 1643; x_wconf 79' lang='lat' dir='ltr'><strong>omnia,</strong></span> <span class='ocrx_word' id='word_1_207' title='bbox 310 1594 355 1635; x_wconf 92' lang='lat' dir='ltr'><strong>ad</strong></span> <span class='ocrx_word' id='word_1_208' title='bbox 378 1595 549 1635; x_wconf 84' lang='lat' dir='ltr'><strong>coeleste</strong></span> <span class='ocrx_word' id='word_1_209' title='bbox 574 1595 714 1634; x_wconf 90' lang='lat' dir='ltr'><strong>donum</strong></span> <span class='ocrx_word' id='word_1_210' title='bbox 740 1594 846 1645; x_wconf 84' lang='lat' dir='ltr'><strong>illud,</strong></span> <span class='ocrx_word' id='word_1_211' title='bbox 880 1595 978 1648; x_wconf 88' lang='lat' dir='ltr'><strong>quod</strong></span> <span class='ocrx_word' id='word_1_212' title='bbox 1003 1602 1115 1634; x_wconf 87' lang='lat' dir='ltr'><strong>erant</strong></span> <span class='ocrx_word' id='word_1_213' title='bbox 1136 1595 1311 1649; x_wconf 86' lang='lat' dir='ltr'><strong>adepturi</strong></span> <span class='ocrx_word' id='word_1_214' title='bbox 1335 1609 1404 1650; x_wconf 88' lang='lat' dir='ltr'><strong>par</strong></span> <span class='ocrx_word' id='word_1_215' title='bbox 1431 1602 1489 1635; x_wconf 88' lang='lat' dir='ltr'><strong>est</strong></span> <span class='ocrx_word' id='word_1_216' title='bbox 1513 1596 1674 1648; x_wconf 81' lang='lat' dir='ltr'><strong>referri3</strong></span> 
     </span>
     <span class='ocr_line' id='line_1_25' title="bbox 140 1662 1675 1719; baseline 0.001 -15"><span class='ocrx_word' id='word_1_217' title='bbox 140 1665 239 1719; x_wconf 91' lang='lat' dir='ltr'><strong>quod</strong></span> <span class='ocrx_word' id='word_1_218' title='bbox 278 1663 456 1704; x_wconf 88' lang='lat' dir='ltr'><strong>nimirum</strong></span> <span class='ocrx_word' id='word_1_219' title='bbox 493 1663 734 1703; x_wconf 83' lang='lat' dir='ltr'><strong>habitaturus</strong></span> <span class='ocrx_word' id='word_1_220' title='bbox 769 1662 806 1703; x_wconf 89' lang='lat' dir='ltr'><strong>in</strong></span> <span class='ocrx_word' id='word_1_221' title='bbox 843 1663 936 1718; x_wconf 88' lang='lat' dir='ltr'><strong>ipsis</strong></span> <span class='ocrx_word' id='word_1_222' title='bbox 973 1670 1077 1704; x_wconf 86' lang='lat' dir='ltr'><strong>esset</strong></span> <span class='ocrx_word' id='word_1_223' title='bbox 1106 1663 1264 1718; x_wconf 86' lang='lat' dir='ltr'><strong>spiritus</strong></span> <span class='ocrx_word' id='word_1_224' title='bbox 1297 1670 1480 1714; x_wconf 86' lang='lat' dir='ltr'><strong>sanctus,</strong></span> <span class='ocrx_word' id='word_1_225' title='bbox 1525 1679 1599 1719; x_wconf 90' lang='lat' dir='ltr'><strong>quo</strong></span> <span class='ocrx_word' id='word_1_226' title='bbox 1630 1665 1675 1706; x_wconf 89' lang='lat' dir='ltr'><strong>iis</strong></span> 
     </span>
     <span class='ocr_line' id='line_1_26' title="bbox 137 1731 1676 1789; baseline 0.001 -16"><span class='ocrx_word' id='word_1_227' title='bbox 137 1740 269 1788; x_wconf 86' lang='lat' dir='ltr'><strong>aperte</strong></span> <span class='ocrx_word' id='word_1_228' title='bbox 306 1732 490 1773; x_wconf 86' lang='lat' dir='ltr'><strong>universa</strong></span> <span class='ocrx_word' id='word_1_229' title='bbox 520 1732 757 1782; x_wconf 80' lang='lat' dir='ltr'><strong>declararet,</strong></span> <span class='ocrx_word' id='word_1_230' title='bbox 801 1744 899 1786; x_wconf 85' lang='lat' dir='ltr'><strong>quae</strong></span> <span class='ocrx_word' id='word_1_231' title='bbox 936 1731 1087 1786; x_wconf 75' lang='lat' dir='ltr'><strong>quidem</strong></span> <span class='ocrx_word' id='word_1_232' title='bbox 1119 1746 1257 1787; x_wconf 83' lang='lat' dir='ltr'><strong>capere</strong></span> <span class='ocrx_word' id='word_1_233' title='bbox 1290 1732 1328 1772; x_wconf 90' lang='lat' dir='ltr'><strong>iu</strong></span> <span class='ocrx_word' id='word_1_234' title='bbox 1360 1731 1428 1772; x_wconf 88' lang='lat' dir='ltr'><strong>bac</strong></span> <span class='ocrx_word' id='word_1_235' title='bbox 1458 1734 1536 1773; x_wconf 85' lang='lat' dir='ltr'><strong>vita</strong></span> <span class='ocrx_word' id='word_1_236' title='bbox 1569 1741 1676 1789; x_wconf 87' lang='lat' dir='ltr'><strong>pote-</strong></span> 
     </span>
     <span class='ocr_line' id='line_1_27' title="bbox 136 1799 1675 1856; baseline 0.001 -14"><span class='ocrx_word' id='word_1_237' title='bbox 136 1809 237 1843; x_wconf 90' lang='lat' dir='ltr'><strong>rant.</strong></span> <span class='ocrx_word' id='word_1_238' title='bbox 301 1799 564 1855; x_wconf 83' lang='lat' dir='ltr'><strong>Quamobrem</strong></span> <span class='ocrx_word' id='word_1_239' title='bbox 590 1815 672 1841; x_wconf 89' lang='lat' dir='ltr'><strong>cum</strong></span> <span class='ocrx_word' id='word_1_240' title='bbox 700 1800 744 1840; x_wconf 84' lang='lat' dir='ltr'><strong>ad</strong></span> <span class='ocrx_word' id='word_1_241' title='bbox 773 1814 857 1841; x_wconf 84' lang='lat' dir='ltr'><strong>eum</strong></span> <span class='ocrx_word' id='word_1_242' title='bbox 890 1801 1041 1842; x_wconf 92' lang='lat' dir='ltr'><strong>modum</strong></span> <span class='ocrx_word' id='word_1_243' title='bbox 1067 1800 1249 1855; x_wconf 82' lang='lat' dir='ltr'><strong>paracleti</strong></span> <span class='ocrx_word' id='word_1_244' title='bbox 1281 1801 1441 1856; x_wconf 87' lang='lat' dir='ltr'><strong>spiritus</strong></span> <span class='ocrx_word' id='word_1_245' title='bbox 1473 1809 1606 1843; x_wconf 87' lang='lat' dir='ltr'><strong>essent</strong></span> <span class='ocrx_word' id='word_1_246' title='bbox 1636 1803 1675 1844; x_wconf 90' lang='lat' dir='ltr'><strong>iu</strong></span> 
     </span>
     <span class='ocr_line' id='line_1_28' title="bbox 135 1868 1858 1925; baseline 0 -14"><span class='ocrx_word' id='word_1_247' title='bbox 135 1871 206 1911; x_wconf 87' lang='lat' dir='ltr'><strong>bac</strong></span> <span class='ocrx_word' id='word_1_248' title='bbox 221 1870 299 1910; x_wconf 82' lang='lat' dir='ltr'><strong>vita</strong></span> <span class='ocrx_word' id='word_1_249' title='bbox 318 1878 516 1925; x_wconf 86' lang='lat' dir='ltr'><strong>compotes</strong></span> <span class='ocrx_word' id='word_1_250' title='bbox 531 1870 635 1919; x_wconf 82' lang='lat' dir='ltr'><strong>facti,</strong></span> <span class='ocrx_word' id='word_1_251' title='bbox 656 1869 854 1909; x_wconf 82' lang='lat' dir='ltr'><strong>vaticinati</strong></span> <span class='ocrx_word' id='word_1_252' title='bbox 876 1876 980 1910; x_wconf 87' lang='lat' dir='ltr'><strong>sunt.</strong></span> <span class='ocrx_word' id='word_1_253' title='bbox 1017 1868 1350 1923; x_wconf 82' lang='lat' dir='ltr'><strong>Quemadmodum</strong></span> <span class='ocrx_word' id='word_1_254' title='bbox 1363 1873 1524 1923; x_wconf 77' lang='lat' dir='ltr'><strong>Agabus</strong></span> <span class='ocrx_word' id='word_1_255' title='bbox 1544 1881 1670 1912; x_wconf 80' lang='lat' dir='ltr'><strong>venta·</strong></span> <span class='ocrx_word' id='word_1_256' title='bbox 1691 1880 1858 1915; x_wconf 76' lang='lat' dir='ltr'><strong>Act.11,28.</strong></span> 
     </span>
     <span class='ocr_line' id='line_1_29' title="bbox 133 1938 1670 1992; baseline 0.001 -13"><span class='ocrx_word' id='word_1_257' title='bbox 133 1955 213 1980; x_wconf 84' lang='lat' dir='ltr'><strong>ram</strong></span> <span class='ocrx_word' id='word_1_258' title='bbox 237 1941 369 1990; x_wconf 78' lang='lat' dir='ltr'><strong>famem</strong></span> <span class='ocrx_word' id='word_1_259' title='bbox 391 1942 596 1992; x_wconf 63' lang='lat' dir='ltr'><strong>praedioeit,</strong></span> <span class='ocrx_word' id='word_1_260' title='bbox 631 1938 798 1992; x_wconf 82' lang='lat' dir='ltr'><strong>itemque</strong></span> <span class='ocrx_word' id='word_1_261' title='bbox 816 1940 998 1990; x_wconf 80' lang='lat' dir='ltr'><strong>propbeta</strong></span> <span class='ocrx_word' id='word_1_262' title='bbox 1023 1941 1292 1990; x_wconf 70' lang='lat' dir='ltr'><strong>Hierosolymis</strong></span> <span class='ocrx_word' id='word_1_263' title='bbox 1319 1943 1559 1981; x_wconf 76' lang='lat' dir='ltr'><strong>advenerunt.</strong></span> <span class='ocrx_word' id='word_1_264' title='bbox 1604 1939 1670 1982; x_wconf 86' lang='lat' dir='ltr'><strong>Sic</strong></span> 
     </span>
     <span class='ocr_line' id='line_1_30' title="bbox 133 2005 1855 2064; baseline 0.001 -16"><span class='ocrx_word' id='word_1_265' title='bbox 133 2016 171 2049; x_wconf 86' lang='lat' dir='ltr'><strong>et</strong></span> <span class='ocrx_word' id='word_1_266' title='bbox 213 2010 382 2061; x_wconf 71' lang='lat' dir='ltr'><strong>Philippo</strong></span> <span class='ocrx_word' id='word_1_267' title='bbox 426 2016 586 2061; x_wconf 76' lang='lat' dir='ltr'><strong>quatuor</strong></span> <span class='ocrx_word' id='word_1_268' title='bbox 630 2014 738 2046; x_wconf 87' lang='lat' dir='ltr'><strong>erant</strong></span> <span class='ocrx_word' id='word_1_269' title='bbox 780 2008 893 2059; x_wconf 74' lang='lat' dir='ltr'><strong>fileae</strong></span> <span class='ocrx_word' id='word_1_270' title='bbox 929 2009 1199 2059; x_wconf 75' lang='lat' dir='ltr'><strong>prophetissae.</strong></span> <span class='ocrx_word' id='word_1_271' title='bbox 1287 2005 1472 2049; x_wconf 81' lang='lat' dir='ltr'><strong>Ceterum</strong></span> <span class='ocrx_word' id='word_1_272' title='bbox 1517 2011 1668 2064; x_wconf 87' lang='lat' dir='ltr'><strong>quoties</strong></span> <span class='ocrx_word' id='word_1_273' title='bbox 1689 2024 1750 2050; x_wconf 76' lang='lat' dir='ltr'><strong>Act.</strong></span> <span class='ocrx_word' id='word_1_274' title='bbox 1770 2023 1813 2059; x_wconf 87' lang='lat'><strong>21,</strong></span> <span class='ocrx_word' id='word_1_275' title='bbox 1831 2025 1855 2051; x_wconf 82' lang='grc'><strong>9.</strong></span> 
     </span>
     <span class='ocr_line' id='line_1_31' title="bbox 133 2076 1871 2132; baseline 0.002 -15"><span class='ocrx_word' id='word_1_276' title='bbox 133 2091 268 2117; x_wconf 86' lang='lat' dir='ltr'><strong>omnes</strong></span> <span class='ocrx_word' id='word_1_277' title='bbox 294 2076 345 2117; x_wconf 91' lang='lat' dir='ltr'><strong>illi</strong></span> <span class='ocrx_word' id='word_1_278' title='bbox 372 2076 622 2132; x_wconf 79' lang='lat' dir='ltr'><strong>prophetant,</strong></span> <span class='ocrx_word' id='word_1_279' title='bbox 657 2092 704 2115; x_wconf 68' lang='lat' dir='ltr'><strong>ea·</strong></span> <span class='ocrx_word' id='word_1_280' title='bbox 728 2083 839 2128; x_wconf 82' lang='lat' dir='ltr'><strong>parte</strong></span> <span class='ocrx_word' id='word_1_281' title='bbox 856 2078 1102 2128; x_wconf 82' lang='lat' dir='ltr'><strong>prophetant,</strong></span> <span class='ocrx_word' id='word_1_282' title='bbox 1145 2084 1183 2115; x_wconf 89' lang='lat' dir='ltr'><strong>et</strong></span> <span class='ocrx_word' id='word_1_283' title='bbox 1211 2093 1260 2116; x_wconf 74' lang='lat' dir='ltr'><strong>coe</strong></span> <span class='ocrx_word' id='word_1_284' title='bbox 1285 2085 1397 2130; x_wconf 82' lang='lat' dir='ltr'><strong>parte</strong></span> <span class='ocrx_word' id='word_1_285' title='bbox 1422 2087 1662 2131; x_wconf 79' lang='lat' dir='ltr'><strong>cognoscant.</strong></span> <span class='ocrx_word' id='word_1_286' title='bbox 1681 2094 1704 2120; x_wconf 91' lang='lat'><strong>1.</strong></span> <span class='ocrx_word' id='word_1_287' title='bbox 1717 2093 1836 2129; x_wconf 85' lang='lat' dir='ltr'><strong>cor.13‚</strong></span> <span class='ocrx_word' id='word_1_288' title='bbox 1848 2094 1871 2122; x_wconf 78' lang='grc'><strong>9.</strong></span> 
     </span>
     <span class='ocr_line' id='line_1_32' title="bbox 134 2143 1669 2202; baseline 0.001 -16"><span class='ocrx_word' id='word_1_289' title='bbox 134 2143 247 2200; x_wconf 83' lang='lat' dir='ltr'><strong>Quod</strong></span> <span class='ocrx_word' id='word_1_290' title='bbox 269 2159 364 2186; x_wconf 87' lang='lat' dir='ltr'><strong>vero</strong></span> <span class='ocrx_word' id='word_1_291' title='bbox 390 2147 602 2200; x_wconf 75' lang='lat' dir='ltr'><strong>perfectum</strong></span> <span class='ocrx_word' id='word_1_292' title='bbox 626 2152 684 2185; x_wconf 90' lang='lat' dir='ltr'><strong>est</strong></span> <span class='ocrx_word' id='word_1_293' title='bbox 722 2145 849 2184; x_wconf 85' lang='lat' dir='ltr'><strong>futuro</strong></span> <span class='ocrx_word' id='word_1_294' title='bbox 880 2144 916 2184; x_wconf 89' lang='lat' dir='ltr'><strong>in</strong></span> <span class='ocrx_word' id='word_1_295' title='bbox 940 2145 1073 2185; x_wconf 86' lang='lat' dir='ltr'><strong>seculo</strong></span> <span class='ocrx_word' id='word_1_296' title='bbox 1097 2145 1339 2186; x_wconf 87' lang='lat' dir='ltr'><strong>tribuendum</strong></span> <span class='ocrx_word' id='word_1_297' title='bbox 1365 2160 1431 2201; x_wconf 86' lang='lat' dir='ltr'><strong>spo</strong></span> <span class='ocrx_word' id='word_1_298' title='bbox 1458 2154 1495 2187; x_wconf 86' lang='lat' dir='ltr'><strong>et</strong></span> <span class='ocrx_word' id='word_1_299' title='bbox 1526 2161 1669 2202; x_wconf 84' lang='lat' dir='ltr'><strong>exspe-</strong></span> 
     </span>
     <span class='ocr_line' id='line_1_33' title="bbox 132 2213 1869 2269; baseline 0.002 -15"><span class='ocrx_word' id='word_1_300' title='bbox 132 2214 299 2254; x_wconf 86' lang='lat' dir='ltr'><strong>ctatione.</strong></span> <span class='ocrx_word' id='word_1_301' title='bbox 335 2213 585 2269; x_wconf 84' lang='lat' dir='ltr'><strong>praecipiunt.</strong></span> <span class='ocrx_word' id='word_1_302' title='bbox 650 2215 801 2264; x_wconf 81' lang='lat' dir='ltr'><strong>Quando</strong></span> <span class='ocrx_word' id='word_1_303' title='bbox 838 2215 1082 2266; x_wconf 82' lang='lat' dir='ltr'><strong>corruptibile</strong></span> <span class='ocrx_word' id='word_1_304' title='bbox 1117 2218 1154 2254; x_wconf 78' lang='lat' dir='ltr'><strong>in</strong></span> <span class='ocrx_word' id='word_1_305' title='bbox 1186 2218 1522 2268; x_wconf 79' lang='lat' dir='ltr'><strong>incorruptionem,</strong></span> <span class='ocrx_word' id='word_1_306' title='bbox 1567 2231 1663 2255; x_wconf 89' lang='lat' dir='ltr'><strong>mor·</strong></span> <span class='ocrx_word' id='word_1_307' title='bbox 1676 2230 1869 2265; x_wconf 81' lang='lat' dir='ltr'><strong>1.c0r.i5‚53.</strong></span> 
     </span>
     <span class='ocr_line' id='line_1_34' title="bbox 133 2285 1867 2338; baseline 0 -15"><span class='ocrx_word' id='word_1_308' title='bbox 133 2285 207 2323; x_wconf 86' lang='lat' dir='ltr'><strong>tale</strong></span> <span class='ocrx_word' id='word_1_309' title='bbox 230 2286 267 2322; x_wconf 90' lang='lat' dir='ltr'><strong>in</strong></span> <span class='ocrx_word' id='word_1_310' title='bbox 294 2285 606 2322; x_wconf 85' lang='lat' dir='ltr'><strong>immortalitatem</strong></span> <span class='ocrx_word' id='word_1_311' title='bbox 635 2289 893 2322; x_wconf 68' lang='lat' dir='ltr'><strong>comitatatum</strong></span> <span class='ocrx_word' id='word_1_312' title='bbox 916 2285 1058 2336; x_wconf 81' lang='lat' dir='ltr'><strong>faerit,</strong></span> <span class='ocrx_word' id='word_1_313' title='bbox 1095 2298 1180 2324; x_wconf 88' lang='lat' dir='ltr'><strong>cum</strong></span> <span class='ocrx_word' id='word_1_314' title='bbox 1203 2291 1241 2324; x_wconf 89' lang='lat' dir='ltr'><strong>et</strong></span> <span class='ocrx_word' id='word_1_315' title='bbox 1252 2286 1360 2338; x_wconf 82' lang='lat' dir='ltr'><strong>facie</strong></span> <span class='ocrx_word' id='word_1_316' title='bbox 1382 2287 1432 2324; x_wconf 84' lang='lat' dir='ltr'><strong>ad</strong></span> <span class='ocrx_word' id='word_1_317' title='bbox 1447 2286 1583 2338; x_wconf 85' lang='lat' dir='ltr'><strong>faciem</strong></span> <span class='ocrx_word' id='word_1_318' title='bbox 1607 2288 1867 2330; x_wconf 75' lang='lat' dir='ltr'><strong>in-l.00r.13‚12.</strong></span> 
     </span>
     <span class='ocr_line' id='line_1_35' title="bbox 132 2350 1663 2405; baseline 0.003 -15"><span class='ocrx_word' id='word_1_319' title='bbox 132 2353 327 2391; x_wconf 75' lang='lat' dir='ltr'><strong>tuebimur.</strong></span> <span class='ocrx_word' id='word_1_320' title='bbox 377 2350 492 2392; x_wconf 86' lang='lat' dir='ltr'><strong>Nunc</strong></span> <span class='ocrx_word' id='word_1_321' title='bbox 517 2350 618 2391; x_wconf 86' lang='lat' dir='ltr'><strong>enim</strong></span> <span class='ocrx_word' id='word_1_322' title='bbox 645 2364 707 2390; x_wconf 87' lang='lat' dir='ltr'><strong>res</strong></span> <span class='ocrx_word' id='word_1_323' title='bbox 734 2357 888 2391; x_wconf 84' lang='lat' dir='ltr'><strong>nostrae</strong></span> <span class='ocrx_word' id='word_1_324' title='bbox 912 2366 984 2404; x_wconf 85' lang='lat' dir='ltr'><strong>per</strong></span> <span class='ocrx_word' id='word_1_325' title='bbox 1010 2356 1222 2405; x_wconf 82' lang='lat' dir='ltr'><strong>aenigmata</strong></span> <span class='ocrx_word' id='word_1_326' title='bbox 1250 2361 1286 2394; x_wconf 87' lang='lat' dir='ltr'><strong>et</strong></span> <span class='ocrx_word' id='word_1_327' title='bbox 1312 2353 1513 2394; x_wconf 91' lang='lat' dir='ltr'><strong>involucra</strong></span> <span class='ocrx_word' id='word_1_328' title='bbox 1538 2361 1663 2395; x_wconf 88' lang='lat' dir='ltr'><strong>traus-</strong></span> 
     </span>
     <span class='ocr_line' id='line_1_36' title="bbox 130 2419 1867 2478; baseline -0.001 -17"><span class='ocrx_word' id='word_1_329' title='bbox 130 2421 311 2475; x_wconf 84' lang='lat' dir='ltr'><strong>iguntur:</strong></span> <span class='ocrx_word' id='word_1_330' title='bbox 355 2421 430 2461; x_wconf 87' lang='lat' dir='ltr'><strong>illic</strong></span> <span class='ocrx_word' id='word_1_331' title='bbox 458 2434 501 2460; x_wconf 88' lang='lat' dir='ltr'><strong>ea</strong></span> <span class='ocrx_word' id='word_1_332' title='bbox 525 2426 803 2475; x_wconf 86' lang='lat' dir='ltr'><strong>praeparantur</strong></span> <span class='ocrx_word' id='word_1_333' title='bbox 827 2434 926 2474; x_wconf 84' lang='lat' dir='ltr'><strong>quae</strong></span> <span class='ocrx_word' id='word_1_334' title='bbox 951 2419 1011 2460; x_wconf 80' lang='lat' dir='ltr'><strong>liic</strong></span> <span class='ocrx_word' id='word_1_335' title='bbox 1032 2423 1164 2461; x_wconf 77' lang='lat' dir='ltr'><strong>oculas</strong></span> <span class='ocrx_word' id='word_1_336' title='bbox 1191 2438 1263 2462; x_wconf 81' lang='lat' dir='ltr'><strong>non</strong></span> <span class='ocrx_word' id='word_1_337' title='bbox 1287 2425 1389 2461; x_wconf 75' lang='lat' dir='ltr'><strong>vidit.</strong></span> <span class='ocrx_word' id='word_1_338' title='bbox 1456 2420 1537 2462; x_wconf 88' lang='lat' dir='ltr'><strong>lllic</strong></span> <span class='ocrx_word' id='word_1_339' title='bbox 1570 2437 1655 2478; x_wconf 88' lang='lat' dir='ltr'><strong>per·</strong></span> <span class='ocrx_word' id='word_1_340' title='bbox 1682 2434 1704 2460; x_wconf 94' lang='lat'><strong>1.</strong></span> <span class='ocrx_word' id='word_1_341' title='bbox 1717 2433 1785 2461; x_wconf 85' lang='lat' dir='ltr'><strong>eor.</strong></span> <span class='ocrx_word' id='word_1_342' title='bbox 1799 2434 1825 2468; x_wconf 83' lang='lat'><strong>2,</strong></span> <span class='ocrx_word' id='word_1_343' title='bbox 1842 2435 1867 2462; x_wconf 78' lang='lat'><strong>9.</strong></span> 
     </span>
     <span class='ocr_line' id='line_1_37' title="bbox 132 2489 1664 2543; baseline 0.001 -13"><span class='ocrx_word' id='word_1_344' title='bbox 132 2489 247 2530; x_wconf 76' lang='lat' dir='ltr'><strong>sectio</strong></span> <span class='ocrx_word' id='word_1_345' title='bbox 279 2490 491 2543; x_wconf 86' lang='lat' dir='ltr'><strong>retegitur,</strong></span> <span class='ocrx_word' id='word_1_346' title='bbox 526 2502 623 2543; x_wconf 87' lang='lat' dir='ltr'><strong>quae</strong></span> <span class='ocrx_word' id='word_1_347' title='bbox 653 2491 712 2527; x_wconf 81' lang='lat' dir='ltr'><strong>bie</strong></span> <span class='ocrx_word' id='word_1_348' title='bbox 744 2491 849 2528; x_wconf 75' lang='lat' dir='ltr'><strong>auris</strong></span> <span class='ocrx_word' id='word_1_349' title='bbox 881 2504 1110 2543; x_wconf 73' lang='lat' dir='ltr'><strong>nequaquam</strong></span> <span class='ocrx_word' id='word_1_350' title='bbox 1134 2493 1265 2531; x_wconf 78' lang='lat' dir='ltr'><strong>audiit.</strong></span> <span class='ocrx_word' id='word_1_351' title='bbox 1332 2489 1412 2530; x_wconf 79' lang='lat' dir='ltr'><strong>lllic</strong></span> <span class='ocrx_word' id='word_1_352' title='bbox 1434 2490 1572 2532; x_wconf 89' lang='lat' dir='ltr'><strong>donum</strong></span> <span class='ocrx_word' id='word_1_353' title='bbox 1606 2491 1664 2531; x_wconf 88' lang='lat' dir='ltr'><strong>in-</strong></span> 
     </span>
     <span class='ocr_line' id='line_1_38' title="bbox 129 2557 1661 2612; baseline 0.002 -14"><span class='ocrx_word' id='word_1_354' title='bbox 129 2572 226 2612; x_wconf 88' lang='lat' dir='ltr'><strong>gens</strong></span> <span class='ocrx_word' id='word_1_355' title='bbox 248 2559 394 2599; x_wconf 86' lang='lat' dir='ltr'><strong>sanctis</strong></span> <span class='ocrx_word' id='word_1_356' title='bbox 418 2558 619 2607; x_wconf 83' lang='lat' dir='ltr'><strong>tribuitur,</strong></span> <span class='ocrx_word' id='word_1_357' title='bbox 654 2557 753 2612; x_wconf 92' lang='lat' dir='ltr'><strong>quod</strong></span> <span class='ocrx_word' id='word_1_358' title='bbox 788 2559 849 2597; x_wconf 80' lang='lat' dir='ltr'><strong>lzie</strong></span> <span class='ocrx_word' id='word_1_359' title='bbox 885 2561 922 2598; x_wconf 79' lang='lat' dir='ltr'><strong>in</strong></span> <span class='ocrx_word' id='word_1_360' title='bbox 959 2573 1024 2598; x_wconf 84' lang='lat' dir='ltr'><strong>eor·</strong></span> <span class='ocrx_word' id='word_1_361' title='bbox 1057 2561 1214 2599; x_wconf 79' lang='lat' dir='ltr'><strong>hominis</strong></span> <span class='ocrx_word' id='word_1_362' title='bbox 1245 2574 1317 2599; x_wconf 84' lang='lat' dir='ltr'><strong>non</strong></span> <span class='ocrx_word' id='word_1_363' title='bbox 1351 2562 1530 2599; x_wconf 83' lang='lat' dir='ltr'><strong>ascendit.</strong></span> <span class='ocrx_word' id='word_1_364' title='bbox 1595 2558 1661 2602; x_wconf 83' lang='lat' dir='ltr'><strong>Ex</strong></span> 
     </span>
     <span class='ocr_line' id='line_1_39' title="bbox 129 2626 1661 2683; baseline 0.001 -16"><span class='ocrx_word' id='word_1_365' title='bbox 129 2626 266 2681; x_wconf 88' lang='lat' dir='ltr'><strong>quibus</strong></span> <span class='ocrx_word' id='word_1_366' title='bbox 292 2626 568 2667; x_wconf 84' lang='lat' dir='ltr'><strong>animadvertis</strong></span> <span class='ocrx_word' id='word_1_367' title='bbox 592 2626 810 2666; x_wconf 86' lang='lat' dir='ltr'><strong>uberiorem</strong></span> <span class='ocrx_word' id='word_1_368' title='bbox 844 2626 945 2667; x_wconf 90' lang='lat' dir='ltr'><strong>illam</strong></span> <span class='ocrx_word' id='word_1_369' title='bbox 975 2627 1309 2683; x_wconf 87' lang='lat' dir='ltr'><strong>copiosioremque</strong></span> <span class='ocrx_word' id='word_1_370' title='bbox 1343 2628 1543 2669; x_wconf 84' lang='lat' dir='ltr'><strong>scientiam</strong></span> <span class='ocrx_word' id='word_1_371' title='bbox 1575 2627 1661 2670; x_wconf 83' lang='lat' dir='ltr'><strong>Ma-</strong></span> 
     </span>
     <span class='ocr_line' id='line_1_40' title="bbox 130 2693 1661 2753; baseline 0.003 -18"><span class='ocrx_word' id='word_1_372' title='bbox 130 2695 292 2736; x_wconf 83' lang='lat' dir='ltr'><strong>nicliaeo</strong></span> <span class='ocrx_word' id='word_1_373' title='bbox 316 2703 555 2737; x_wconf 86' lang='lat' dir='ltr'><strong>reservatam</strong></span> <span class='ocrx_word' id='word_1_374' title='bbox 581 2709 656 2735; x_wconf 89' lang='lat' dir='ltr'><strong>non</strong></span> <span class='ocrx_word' id='word_1_375' title='bbox 681 2695 814 2736; x_wconf 80' lang='lat' dir='ltr'><strong>fuisse.</strong></span> <span class='ocrx_word' id='word_1_376' title='bbox 862 2693 1068 2749; x_wconf 82' lang='lat' dir='ltr'><strong>Quomodo</strong></span> <span class='ocrx_word' id='word_1_377' title='bbox 1092 2697 1191 2736; x_wconf 87' lang='lat' dir='ltr'><strong>enim</strong></span> <span class='ocrx_word' id='word_1_378' title='bbox 1214 2696 1287 2736; x_wconf 86' lang='lat' dir='ltr'><strong>ista</strong></span> <span class='ocrx_word' id='word_1_379' title='bbox 1309 2705 1519 2750; x_wconf 83' lang='lat' dir='ltr'><strong>cognoscet</strong></span> <span class='ocrx_word' id='word_1_380' title='bbox 1539 2697 1572 2739; x_wconf 91' lang='lat' dir='ltr'><strong>is</strong></span> <span class='ocrx_word' id='word_1_381' title='bbox 1599 2699 1661 2753; x_wconf 91' lang='lat' dir='ltr'><strong>qui</strong></span> 
     </span>
     <span class='ocr_line' id='line_1_41' title="bbox 128 2762 1659 2820; baseline 0.003 -17"><span class='ocrx_word' id='word_1_382' title='bbox 128 2764 175 2804; x_wconf 90' lang='lat' dir='ltr'><strong>ab</strong></span> <span class='ocrx_word' id='word_1_383' title='bbox 197 2778 245 2805; x_wconf 88' lang='lat' dir='ltr'><strong>eo</strong></span> <span class='ocrx_word' id='word_1_384' title='bbox 267 2765 366 2819; x_wconf 87' lang='lat' dir='ltr'><strong>quod</strong></span> <span class='ocrx_word' id='word_1_385' title='bbox 390 2764 461 2806; x_wconf 90' lang='lat' dir='ltr'><strong>sibi</strong></span> <span class='ocrx_word' id='word_1_386' title='bbox 487 2770 743 2820; x_wconf 86' lang='lat' dir='ltr'><strong>proposuerat</strong></span> <span class='ocrx_word' id='word_1_387' title='bbox 766 2764 938 2805; x_wconf 67' lang='lat' dir='ltr'><strong>excidit?</strong></span> <span class='ocrx_word' id='word_1_388' title='bbox 996 2763 1097 2805; x_wconf 86' lang='lat' dir='ltr'><strong>Nam</strong></span> <span class='ocrx_word' id='word_1_389' title='bbox 1123 2762 1351 2805; x_wconf 84' lang='lat' dir='ltr'><strong>Marcellum</strong></span> <span class='ocrx_word' id='word_1_390' title='bbox 1377 2765 1659 2808; x_wconf 79' lang='lat' dir='ltr'><strong>circumvenire</strong></span> 
     </span>
    </p>
   </div>
   <div class='ocr_carea' id='block_1_5' title="bbox 126 2931 1658 3025">
    <p class='ocr_par' dir='ltr' id='par_1_6' title="bbox 126 2931 1658 3025">
     <span class='ocr_line' id='line_1_42' title="bbox 171 2931 1658 2982; baseline 0.003 -14"><span class='ocrx_word' id='word_1_391' title='bbox 171 2933 202 2966; x_wconf 77' lang='grc'><strong>6.</strong></span> <span class='ocrx_word' id='word_1_392' title='bbox 226 2934 479 2979; x_wconf 78' lang='grc' dir='ltr'>προφητεύωσιν</span> <span class='ocrx_word' id='word_1_393' title='bbox 491 2938 556 2969; x_wconf 87' lang='lat' dir='ltr'><strong>cod.</strong></span> <span class='ocrx_word' id='word_1_394' title='bbox 570 2946 624 2968; x_wconf 87' lang='lat' dir='ltr'><strong>ms.</strong></span> <span class='ocrx_word' id='word_1_395' title='bbox 637 2939 769 2977; x_wconf 82' lang='lat' dir='ltr'><strong>uterque.</strong></span> <span class='ocrx_word' id='word_1_396' title='bbox 798 2938 869 2968; x_wconf 86' lang='lat' dir='ltr'><strong>Vut-</strong></span> <span class='ocrx_word' id='word_1_397' title='bbox 961 2935 990 2968; x_wconf 86' lang='lat'><strong>7.</strong></span> <span class='ocrx_word' id='word_1_398' title='bbox 1017 2931 1194 2979; x_wconf 61' lang='grc' dir='ltr'><strong>ὅφὲἲαλμός</strong></span> <span class='ocrx_word' id='word_1_399' title='bbox 1218 2938 1305 2970; x_wconf 86' lang='lat' dir='ltr'><strong>codd.</strong></span> <span class='ocrx_word' id='word_1_400' title='bbox 1327 2947 1398 2971; x_wconf 83' lang='lat' dir='ltr'><strong>mss.</strong></span> <span class='ocrx_word' id='word_1_401' title='bbox 1442 2935 1460 2972; x_wconf 80' lang='grc' dir='ltr'>ὁ</span> <span class='ocrx_word' id='word_1_402' title='bbox 1479 2934 1658 2982; x_wconf 66' lang='grc' dir='ltr'>σ’φΞαλμές</span> 
     </span>
     <span class='ocr_line' id='line_1_43' title="bbox 126 2980 995 3025; baseline 0 -12"><span class='ocrx_word' id='word_1_403' title='bbox 126 2989 165 3020; x_wconf 79' lang='lat'><strong>90</strong></span> <span class='ocrx_word' id='word_1_404' title='bbox 187 2980 458 3025; x_wconf 76' lang='grc' dir='ltr'>προφητεύουσιν.</span> <span class='ocrx_word' id='word_1_405' title='bbox 915 2982 995 3014; x_wconf 79' lang='lat' dir='ltr'><strong>editi.</strong></span> 
     </span>
    </p>
   </div>
  </div>
 </body>
</html>
