2066 3319
542 231 721 264 PANARtt
746 231 828 263 Ltss.
852 232 892 263 tt.
917 230 1024 263 ΤοΜ.
1046 232 1070 263 1.
1096 231 1228 263 HAER.
1250 231 1372 262 LXtv.
1647 219 1726 260 333

188 327 273 353 vero
301 315 469 364 corporis
498 313 694 350 imbecilla.
762 311 819 350 Ad
848 311 962 350 llaec:
999 314 1085 350 Seio
1108 314 1285 350 hominem
1316 314 1353 349 ιή
1378 312 1526 349 Clu-isto
1553 317 1640 348 (mle
1661 324 1727 348 an·
1746 317 1932 347 2-Cor-12.2-

187 395 254 421 nos
284 382 584 433 quatuordecim,
619 382 695 418 sive
729 381 766 418 iu
801 394 956 431 corpore
988 384 1132 427 neseio,
1167 383 1244 418 sive
1280 387 1389 417 ertra
1421 393 1556 430 corpus
1586 381 1722 417 nescio.

188 446 308 489 Item:
366 451 430 487 Sic
464 449 597 487 debent
623 450 698 486 viri
727 449 886 498 diligere
918 463 1055 487 umores
1088 463 1197 494 snas,
1240 456 1412 499 {musteum
1450 462 1517 485 sna
1549 460 1719 498 corpora.
1746 454 1821 489 Eph.
1843 455 1869 491 ε»,
1891 455 1932 480 25.

187 514 423 557 Praeterea:
466 519 550 568 lpse
578 524 698 555 aulem
726 518 816 554 deus
842 520 950 567 pacis
979 518 1189 567 sanetgsteel
1221 530 1282 554 vos
1311 518 1482 566 penisus,
1517 523 1552 554 et
1583 510 1898 580 1'Jeleg·er¹·5;¹{ffi⁵'·

188 593 309 624 vester
329 587 508 636 spiritus,
544 592 580 623 et
600 587 722 623 (mima
746 593 783 623 et
806 599 941 636 corpas
963 588 1044 624 siue
1069 586 1221 636 querela
1247 586 1284 622 iu
1311 585 1470 622 adventa
1499 586 1640 622 domini
1665 598 1731 623 no-

187 656 264 693 stri
283 656 370 693 Iesu
396 655 543 692 Christi
565 661 748 691 servetur.
812 652 952 706 Atqui
984 653 1077 692 nihil
1110 652 1244 692 ltoruni
1281 658 1462 690 accurate
1494 651 1729 704 intelligunt,

189 721 374 762 fluctuare
408 721 625 776 apostolum
662 735 705 761 ac
740 721 962 776 perturbate
1001 721 1092 760 l'erri
1129 720 1371 769 iudicarunt,
1415 727 1592 772 tanquam
1631 720 1731 759 illins

189 804 328 831 sensus
354 804 399 831 ac
423 789 630 830 verborum
656 789 874 830 sententiae
907 789 1116 829 stabilitate
1149 788 1407 841 firmitateque
1439 787 1591 842 penitus
1624 801 1732 827 care-

188 867 298 909 rent,
333 872 454 913 eaque
482 858 749 912 pronuntiaret
773 871 869 911 quae
893 857 1055 897 subinde
1080 862 1412 905 retractarentur,
1447 856 1508 895 vel
1538 855 1729 896 interdum

188 940 399 983 resurgere
431 940 613 978 carnem,
646 926 839 966 interdum
874 940 950 966 uon
983 939 1208 979 resurgere.

304 1061 567 1117 Quamobrem
604 1078 651 1104 ne
689 1063 751 1104 vel
786 1062 942 1103 minima
979 1077 1068 1118 pars
1107 1076 1240 1103 eorum
1280 1075 1377 1116 quae
1413 1060 1608 1116 proposita
1645 1067 1736 1100 sunt
1761 1062 1922 1105 Cap-LY-

189 1134 543 1188 praetermittatur,
577 1139 689 1186 atque
716 1139 755 1172 ut
784 1132 944 1187 hydram
976 1131 1097 1186 ipsam
1130 1130 1287 1171 omnino
1320 1130 1586 1181 succidamus,
1621 1129 1667 1169 ad
1698 1129 1735 1169 id

192 1201 292 1255 quod
317 1210 400 1242 erat
424 1201 663 1256 propositum
688 1207 881 1241 revertar.
944 1199 1141 1255 Deinceps
1169 1199 1293 1249 enim,
1328 1206 1368 1239 ut
1401 1198 1663 1248 ostendimus,
1699 1204 1737 1237 et

190 1269 229 1309 in
252 1269 337 1309 aliis
363 1270 591 1324 quibusdam
615 1269 805 1324 capitibus
828 1269 1106 1309 dubitationem
1132 1274 1306 1308 movent.
1371 1265 1504 1321 ltaque
1533 1267 1646 1307 simul
1679 1273 1736 1306 at-

191 1352 264 1392 que
289 1338 611 1379 demonstravero
645 1352 833 1392 quaenam
864 1338 1053 1378 adversus
1089 1337 1151 1378 illa
1184 1335 1347 1391 proponi
1382 1336 1569 1387 debeant,
1611 1335 1733 1390 palam

191 1406 293 1447 istud
323 1407 483 1457 faciam,
519 1407 565 1447 de
587 1406 891 1447 resurrectionis
913 1407 1042 1446 carnis
1065 1406 1136 1446 lide
1160 1412 1423 1446 consentanea
1448 1404 1551 1444 illum
1576 1419 1620 1444 ac
1644 1419 1736 1444 con-

194 1475 398 1528 sequentia
427 1475 591 1515 dixisse.
655 1473 827 1515 Primum
851 1475 969 1529 igitur
991 1475 1034 1515 ad
1057 1474 1119 1514 illa
1141 1475 1343 1514 veniamus
1368 1487 1465 1527 quae
1489 1473 1534 1513 de
1559 1473 1735 1528 apostolo

193 1542 413 1584 iniecimus.
475 1542 576 1583 Nam
609 1544 708 1597 quod
738 1543 784 1582 ab
818 1557 864 1583 eo
895 1549 1009 1582 antea
1039 1542 1179 1582 dictum
1214 1549 1297 1592 est,
1339 1545 1424 1593 Ego
1459 1557 1542 1580 vero
1576 1542 1734 1580 vivebam
1755 1553 1922 1586 nonina.

194 1615 274 1651 sine
299 1614 381 1663 lege
402 1614 625 1665 aliquando,
662 1612 780 1652 vitam
804 1612 906 1652 illam
933 1611 1102 1651 ostendit
1132 1625 1241 1664 quam
1265 1610 1303 1650 in
1330 1610 1462 1664 primis
1495 1610 1640 1650 nostris
1672 1625 1737 1664 pa-

196 1680 372 1721 rentibus
397 1689 485 1721 ante
511 1688 775 1735 praeceptum,
811 1687 851 1720 ut
875 1679 985 1719 initio
1012 1679 1227 1730 docuimus,
1263 1679 1300 1718 in
1322 1677 1512 1719 Paradiso
1538 1678 1735 1730 duximus,

197 1765 273 1791 non
296 1758 409 1791 extra
431 1764 587 1804 corpus,
615 1749 682 1789 sed
704 1748 742 1788 in
767 1762 929 1803 corpore
951 1747 1070 1788 fuisse
1092 1753 1342 1788 transactam.
1378 1747 1484 1788 Ante
1502 1748 1603 1788 enim
1625 1762 1735 1802 qnam

197 1819 363 1859 edictum
393 1819 566 1868 daretur,
602 1817 691 1857 limo
715 1817 761 1857 de
786 1823 889 1856 terra
916 1823 1067 1871 sumpto
1095 1815 1288 1856 hominem
1315 1816 1478 1866 effinxit,
1514 1829 1557 1856 ac
1585 1823 1662 1856 tum
1690 1816 1736 1855 ab

197 1888 300 1928 omni
319 1887 526 1942 cupiditate
547 1886 703 1926 liberari
724 1885 968 1935 vivebamus,
998 1899 1082 1925 cnm
1103 1884 1255 1925 ratione
1276 1884 1482 1924 destitutae
1498 1884 1735 1939 cupiditatis,

196 1970 294 2011 quae
318 1970 388 1997 nos
416 1955 566 1995 blandis
593 1954 834 2008 voluptatum
864 1953 1058 1994 illecebris
1086 1953 1131 1993 ad
1156 1953 1351 1993 libidinem
1364 1953 1560 2007 ‚impellit‚
1596 1967 1643 1993 ne
1671 1968 1738 1993 no-

197 2025 319 2065 titiam
345 2024 498 2079 quidem
523 2023 772 2064 haberemus.
836 2021 936 2062 Nam
970 2023 1069 2076 qnod
1100 2029 1204 2062 certa
1237 2035 1281 2061 ac
1308 2021 1463 2062 delinita
1496 2021 1581 2076 lege
1613 2028 1735 2073 caret,

197 2094 242 2134 ad
264 2107 377 2148 quam
402 2092 698 2133 accommodare
721 2091 839 2131 vitam
862 2098 1055 2145 oporteat,
1091 2104 1214 2145 neque
1239 2090 1360 2131 libera
1381 2089 1531 2130 arbitrii
1559 2090 1737 2130 facultate

198 2162 412 2218 praeditum
434 2168 509 2211 est,
539 2167 579 2200 ut
595 2161 640 2200 ad
660 2161 758 2214 quod
782 2160 876 2200 velit
897 2173 939 2199 se
955 2159 1110 2201 vivendi
1126 2173 1249 2214 genus
1268 2159 1446 2214 applicet,
1477 2173 1528 2199 ex
1553 2173 1626 2213 quo
1651 2173 1738 2213 pro-

199 2231 282 2286 prie
306 2231 494 2270 honorem
514 2229 576 2269 vel
600 2229 925 2283 vituperationem
946 2235 1158 2278 mereatur,
1187 2234 1301 2268 extra
1318 2241 1471 2267 omnem
1497 2241 1585 2268 esse
1606 2240 1739 2282 repre-

198 2299 427 2340 hensionem
453 2298 613 2339 concedi
644 2311 807 2338 necesse
836 2303 919 2347 est3
953 2295 1260 2351 quandoquidem
1287 2310 1333 2336 ea
1358 2297 1635 2350 concupiscere
1662 2309 1737 2335 non

199 2375 326 2423 potest
343 2367 480 2422 quibus
497 2366 568 2422 ipsi
587 2381 664 2406 non
685 2365 800 2406 fuerit
818 2366 1078 2405 interdictum.
1116 2363 1230 2418 Quod
1248 2365 1279 2404 si
1300 2364 1583 2419 concupiverit,
1610 2371 1737 2404 tamen

200 2451 276 2477 non
303 2435 339 2476 id
358 2436 392 2476 ei
412 2436 561 2476 crimini
581 2442 772 2475 vertetur.
837 2432 1128 2489 Concupiscere
1161 2433 1298 2488 quippe
1322 2448 1398 2473 non
1423 2434 1468 2472 ad
1498 2447 1542 2472 ea
1570 2433 1740 2473 rel'ertur

200 2519 299 2560 quae
317 2505 471 2554 adsunt,
499 2517 673 2558 quaeque
697 2502 879 2558 potestati
899 2509 1056 2543 nostrae
1078 2501 1294 2553 subiacent,
1322 2502 1390 2542 sed
1415 2502 1459 2540 ad
1484 2515 1527 2540 ea
1552 2501 1740 2542 duntaxat

201 2587 297 2628 qnae
318 2573 371 2613 ita
392 2574 547 2621 adsunt,
576 2579 611 2612 ut
635 2572 672 2612 in
697 2572 877 2612 l'acnltate
899 2578 1031 2611 nostra
1056 2570 1211 2611 minime
1231 2571 1307 2610 sint
1329 2570 1468 2625 posita.
1505 2567 1618 2622 Quod
1638 2570 1738 2609 enim

201 2641 315 2682 alicui
351 2655 476 2695 neque
509 2647 569 2681 est
597 2641 783 2692 vetitum,
818 2653 944 2694 neque
977 2639 1041 2679 itto
1074 2639 1106 2678 is
1132 2639 1300 2693 indiget,
1336 2638 1526 2692 quomodo
1559 2645 1740 2693 appetere

201 2710 291 2751 illud
331 2723 375 2750 ac
409 2709 570 2764 diligere
607 2710 760 2764 potest?
821 2706 1017 2762 Quocirca
1053 2707 1236 2762 scriptum
1274 2714 1354 2747 est:
1401 2710 1927 2761 Concupzkcente'am110m,7‚7,

205 2834 385 2877 (pa9.91‘.¹.
411 2837 457 2867 ed.
481 2836 661 2875 Rothomay.
687 2833 809 2875 1653.)
858 2836 947 2874 Quod
993 2844 1031 2875 9⁰
1057 2833 1109 2866 ἵνα
1136 2832 1229 2870 ἰδίως
1252 2827 1275 2874 ἦ
1300 2832 1442 2876 τιμηθῇ.

201 2883 301 2920 placet
327 2882 480 2912 Gutahero
504 2883 523 2912 l.
548 2883 566 2912 l.
1044 2880 1092 2910 13.
1119 2878 1248 2910 λεκτέον
1274 2879 1339 2909 cod.
1363 2880 1462 2910 renel.
1508 2879 1653 2913 δεικτέον
1673 2881 1740 2911 cod.

262 2928 310 2958 ll.
345 2926 428 2969 ποίῳ
463 2928 519 2960 δεῖ
548 2926 698 2969 χρῆσὲαι
732 2922 949 2967 πολιτεύματι
998 2926 1124 2963 Rliediy.
1159 2927 1184 2954 et
1221 2924 1293 2954 edili
1325 2925 1404 2955 libri.
1470 2924 1620 2958 λέλεκται
1655 2927 1741 2956 habet

206 2972 332 3003 photius
356 2974 375 3003 l.
395 2974 415 3003 l.
995 2971 1132 3002 Pliolius.
1180 2967 1314 3001 δεκτέῡν
1337 2971 1455 3008 placuit
1478 2972 1614 3002 Petavio.

255 3018 304 3048 1²3.
327 3017 380 3050 ἵνα
398 3016 537 3054 δικαίως
555 3011 579 3058 ἦ
602 3017 732 3060 tumbas}
756 3018 882 3049 Pholius
897 3019 916 3048 l.
929 3019 948 3048 l.
1046 3014 1095 3047 14.
1120 3011 1244 3046 τούτων
1267 3025 1316 3052 τις
1339 3013 1549 3058 έπιῖυμῆσαι
1573 3017 1708 3048 Pholius.

206 3061 260 3095 ἵνα
279 3062 446 3106 δικαιωὲῐῇ
466 3057 489 3104 η’
512 3062 642 3106 τιμηὲᾖ
666 3064 732 3095 cod.
748 3064 847 3094 l'enet.
881 3064 950 3094 Vul-
