2030 3324
511 223 689 255 PANAuu
720 223 800 255 Lis.
822 224 861 254 u.
883 223 990 255 Tou.
1014 224 1053 254 u.
1081 222 1210 254 HAER.
1234 222 1361 253 inx.
1643 213 1723 253 729

167 312 284 340 unum
310 299 538 356 principium
566 316 757 356 unamque
781 302 1021 342 divinitatem
1049 302 1195 342 retulit.
1261 299 1359 342 Cum
1388 300 1489 340 enim
1527 308 1606 341 tres
1635 314 1722 356 per-

167 368 291 408 fectae
317 367 397 408 sint
425 369 675 424 hypostases,
712 385 784 410 una
810 378 938 410 tamen
967 369 1151 410 divinitas
1176 376 1252 418 est,
1287 369 1407 422 patris
1433 376 1470 408 et
1493 368 1557 408 tilii
1583 375 1619 409 et
1644 370 1720 424 spi-

164 435 262 476 ritus
287 437 428 476 sancti.
492 436 674 478 Hominis
698 452 814 491 porro
841 452 860 478 a
886 438 1007 479 verbo
1033 443 1214 490 suscepta
1243 445 1380 476 natura
1408 450 1482 476 una
1512 451 1597 476 eum
1621 437 1718 477 divi-

163 503 284 544 nitate
312 518 486 545 summae
508 506 709 559 dignitatis
737 520 756 546 a
784 513 892 561 patre
917 506 1070 559 {ilioque
1099 505 1351 553 beneficium,
1388 517 1459 544 uec
1486 518 1562 544 non
1588 512 1627 544 et
1650 519 1717 558 po—

162 578 341 612 testatem
366 574 727 627 perfectionemque
751 588 794 613 ae
820 574 1034 628 spiritalem
1069 573 1104 611 in
1130 585 1244 611 unam
1279 571 1520 611 divinitatem
1554 571 1716 612 coniun-

160 639 329 680 ctionem
361 642 525 696 aceepit.

272 706 351 749 Sed
385 708 459 749 iam
495 710 620 750 locum
660 711 759 750 hunc
783 709 1015 749 difficillimis
1050 708 1169 747 maris
1195 707 1489 762 tempestatibus
1514 708 1715 757 infestum,
1737 700 1889 777 ιξζζῐῖχ

160 782 278 830 atque
306 791 458 817 omnem
496 778 594 818 illam
626 778 766 818 veneni
797 777 900 828 vim,
944 776 1029 816 sive
1062 777 1188 831 potius
1222 782 1415 815 tumentes
1448 790 1492 815 ac
1525 776 1716 830 procello-
1772 768 1781 776 ³
1897 770 1903 776 ”

163 858 228 885 sos
262 846 425 896 fluctus,
471 854 509 885 et
541 860 746 901 spumosos
780 846 969 885 undarum
1012 845 1184 884 vortices
1218 851 1255 883 et
1287 843 1520 883 iactationes
1553 844 1716 883 horren-

158 914 250 964 das,
285 927 402 967 aegre.
435 915 639 954 admodum
674 914 886 953 evasimus.
951 911 1052 953 Nam
1088 919 1125 952 et
1151 912 1317 952 hostium
1342 912 1416 951 tela
1442 918 1631 965 scutaque
1653 926 1715 951 re-

158 989 218 1022 cta
251 981 405 1022 ratione
438 996 483 1021 ac
516 989 644 1021 mente
681 982 766 1021 freti
801 980 1108 1029 combussimus,
1150 987 1188 1020 et
1220 980 1372 1019 iliorum
1406 993 1520 1019 arcus
1552 979 1714 1033 infregi-

157 1063 264 1100 mus,
313 1063 357 1089 ac
395 1056 539 1089 tautam
574 1049 759 1089 divinitus
791 1050 867 1089 vim
910 1056 945 1088 et
979 1049 1166 1103 gratiam,
1211 1048 1306 1088 ‹lieet
1344 1047 1621 1098 immerentes,
1667 1048 1713 1087 ad

156 1118 246 1158 ittud
280 1124 495 1158 monstrum
531 1117 704 1172 pluribus
745 1117 936 1172 capitibus
977 1117 1237 1170 turpissimam
1272 1116 1318 1155 ad
1353 1115 1499 1170 hydrae
1533 1115 1713 1156 similitu-

154 1187 281 1226 dinem
315 1186 532 1240 praeditum
564 1186 850 1226 conficiendum
886 1185 1105 1235 hausimus,
1155 1191 1193 1223 nt
1225 1185 1360 1223 eodem
1395 1183 1524 1224 divina
1558 1198 1630 1239 ope
1656 1185 1713 1224 vi-

155 1261 218 1294 cto
249 1267 294 1294 ac
326 1253 530 1308 profligato
565 1255 793 1309 triumphale
826 1254 915 1294 iilud
952 1266 1109 1293 carmen
1143 1251 1325 1292 accinere
1359 1251 1579 1307 possimus,
1616 1256 1916 1300 Cau-Exod.15‚i.

155 1331 272 1362 temus
303 1325 471 1369 domino,
505 1325 675 1374 gloriose
705 1326 799 1362 em'm
834 1324 1100 1373 magnffiealas
1130 1329 1207 1369 est,
1249 1335 1381 1373 equam
1412 1328 1450 1359 et
1478 1334 1710 1360 ascensorem

153 1394 289 1431 deiecit
317 1394 354 1430 in
388 1405 502 1430 mare.
571 1388 698 1446 Caput.
741 1392 858 1443 igitur
890 1390 1072 1430 draconis
1111 1403 1228 1444 supra
1260 1402 1396 1442 aquam
1430 1388 1530 1428 illam
1565 1389 1711 1428 contri-

153 1459 306 1508 vimus,
341 1474 436 1511 qaae
462 1462 612 1511 placide
643 1461 798 1507 labitur,
835 1459 1022 1513 cuiusque
1057 1459 1146 1499 novi
1181 1458 1230 1498 itti
1267 1463 1353 1512 post
1378 1454 1545 1496 ludaeos
1574 1456 1710 1497 haere-

154 1527 284 1568 ditatis
318 1541 572 1583 possessores
605 1529 813 1583 participes
847 1541 935 1567 esse
970 1527 1204 1576 noluerunt;
1239 1532 1374 1565 eontra
1401 1538 1497 1579 quos
1526 1525 1708 1580 propheta

151 1597 208 1636 sic
238 1596 459 1637 invehitur:
506 1600 686 1647 Quoniam
728 1599 903 1635 noluistis
933 1610 1066 1648 aquam
1101 1598 1222 1642 Se'loe,
1269 1609 1363 1647 qaae
1401 1596 1536 1632 lem‘lcr
1567 1597 1851 1643 cam‘z‘l‚1;-ai.e,
1871 1608 1898 1635 6.

150 1667 217 1704 εει]
245 1667 433 1704 maluistis
466 1668 561 1703 Base
590 1680 737 1716 regem.
783 1673 818 1703 et
854 1667 886 1704 T
883 1666 990 1704 abeel
1006 1666 1137 1716 filiam
1171 1665 1377 1703 Romelz'ae.
1424 1677 1507 1701 eece
1538 1665 1711 1701 z'mmz'llet

151 1736 322 1772 dominus
353 1737 390 1772 ill
422 1748 485 1772 vos
515 1748 648 1785 aquam
669 1737 790 1787 stam'e'
819 1735 1035 1781 violentam,
1072 1747 1196 1784 regem
1220 1736 1470 1782 Assyriorum
1499 1737 1575 1770 etc.
1619 1728 1708 1770 Nos

150 1808 278 1841 autem
312 1815 422 1855 opem
447 1817 466 1842 a
494 1802 650 1842 domino
672 1802 898 1852 consecuti,
942 1801 1013 1841 hoc
1039 1809 1099 1842 est,
1122 1809 1269 1853 spatum
1296 1802 1392 1838 z'llad
1422 1813 1442 1839 a
1468 1812 1561 1839 vera
1586 1806 1914 1842 earne10mm.5,ss.

150 1869 188 1909 in
214 1876 359 1910 terram
385 1870 593 1920 emissum,
630 1878 667 1910 et
699 1873 816 1909 latam
849 1886 897 1909 ex
921 1872 986 1909 illo
1006 1878 1114 1922 spato
1136 1872 1300 1921 sactum,
1337 1875 1452 1922 atque
1481 1867 1604 1908 oculis
1637 1881 1706 1908 no-

149 1939 242 1979 stris
264 1938 426 1988 illitum,
461 1946 502 1979 ut
530 1939 591 1993 qui
619 1940 655 1978 in
681 1952 829 1979 summa
864 1938 952 1978 olim
988 1938 1210 1992 ignorantia
1245 1936 1524 1986 versabamur,
1560 1936 1706 1977 verita-

149 2014 225 2047 tem
266 2007 380 2047 modo
420 2007 704 2062 percipiamus,
750 2007 964 2057 abeuntes,
1008 2015 1044 2045 e!
1075 2011 1111 2046 ίη
1144 2008 1246 2045 5ίίοο
1285 2008 1385 2058 qaod
1414 2008 1701 2056 2'ale77n'elatar,

147 2079 303 2124 missus,
350 2075 421 2115 hoc
462 2082 520 2116 est
559 2075 596 2115 in
639 2076 802 2115 humana
837 2073 984 2116 Christi
1027 2082 1165 2115 natura
1207 2088 1251 2114 ac
1285 2074 1488 2113 divinitate
1529 2074 1703 2127 perfecta

148 2144 232 2195 loti,
254 2151 489 2199 recuperato
511 2144 595 2184 visu
616 2144 812 2184 dominum
838 2158 1083 2198 nequaquam
1105 2143 1268 2198 amplius
1285 2142 1548 2195 abnegamus3
1571 2155 1704 2195 quam-

146 2213 207 2252 vis
232 2213 278 2252 ab
307 2212 392 2252 Arii
430 2213 600 2252 factione
632 2220 669 2253 et
696 2211 929 2253 iudaeorum
955 2211 1254 2253 suecessoribus
1290 2210 1337 2250 ab
1374 2210 1554 2250 omnibus
1587 2223 1704 2265 syna-

145 2281 258 2335 gogis
289 2281 614 2321 exterminemur.
677 2278 878 2335 Siquidem
911 2288 947 2321 et
976 2281 1036 2320 isti
1064 2281 1216 2321 illorum
1244 2279 1371 2320 instar
1395 2282 1642 2318 decreverunt
1665 2286 1706 2317 a!
1742 2289 1818 2318 thid.
1837 2290 1879 2317 22.

147 2352 215 2401 qui
240 2351 425 2388 dominam
458 2351 704 2401 cotfilet‘elm·
734 2351 780 2389 ab
806 2353 970 2402 ipsoram
995 2350 1236 2389 conventibus
1259 2350 1550 2395 &cluderetur-,-
1587 2353 1629 2386 ut
1655 2347 1702 2387 ab

146 2430 193 2456 eo
226 2416 285 2456 eui
322 2416 429 2457 visus
462 2416 666 2457 restitutus
701 2418 828 2458 fuerat
865 2418 958 2458 nihil
991 2418 1170 2458 videntes
1202 2430 1244 2456 se
1277 2415 1459 2457 convinci
1491 2429 1536 2455 ac
1567 2415 1702 2456 redar—

146 2485 211 2540 gui
245 2491 526 2525 monstrarent.
593 2484 747 2526 Etenim
777 2487 850 2526 uisi
886 2493 1006 2527 totum
1042 2486 1193 2526 illorum
1221 2483 1537 2525 conventiculum
1559 2497 1703 2525 excae-

146 2561 272 2594 catum
301 2560 421 2603 esset,
459 2567 652 2607 uunquam
681 2554 786 2594 illum
810 2555 920 2596 cuius
949 2555 1072 2609 aperti
1099 2555 1253 2594 fuerant
1277 2552 1377 2593 oculi
1400 2552 1445 2592 ab
1472 2551 1576 2592 omni
1597 2566 1702 2593 com-

144 2621 330 2662 munione
358 2621 664 2674 proscriberent.
713 2622 903 2676 Agendae
929 2623 1090 2678 proinde
1113 2622 1270 2662 domino
1291 2620 1442 2675 gratiae
1469 2626 1574 2671 sunt,
1601 2621 1702 2675 quod

145 2698 184 2730 et
205 2689 362 2729 videndi
392 2703 549 2729 sensum
579 2691 970 2743 recuperaverimus,
1006 2699 1043 2731 et
1069 2692 1168 2731 huuc
1195 2689 1318 2745 ipsum
1349 2688 1607 2738 confitemur,
1643 2695 1701 2729 at-

144 2771 218 2812 que
244 2757 500 2798 incommodis
524 2757 704 2799 omnibus
727 2759 940 2798 remedium
970 2759 1237 2808 adhibuimu83
1272 2758 1304 2797 si
1329 2763 1458 2796 tamen
1482 2757 1700 2811 praeceptis

143 2825 244 2866 iltius
269 2839 416 2866 morem
445 2839 652 2879 geramuS,
688 2834 725 2866 et
747 2834 970 2882 serpentem
1001 2826 1339 2882 proculcavimus,
1375 2824 1555 2865 draconis
1587 2833 1701 2880 eaput

146 2953 271 2993 Rhedi9.
298 2957 349 2983 est
375 2951 543 2994 ραασσών.
990 2952 1022 2986 6.
1048 2951 1086 2986 τὸ
1118 2952 1176 2985 τοῦ
1211 2949 1297 2994 μετὰ
1333 2953 1423 2984 codd.
1457 2961 1526 2984 mss.
1562 2956 1697 2995 uterque.

152 2997 218 3073 1⁵5.
248 2995 394 3039 ἀσυρίων
410 2999 476 3029 cod.
491 2999 549 3029 len.
589 2997 710 3040 συρίων
735 2999 803 3032 cod.
817 2999 896 3031 Rhe·
945 3000 1087 3031 Fortasse
1111 2997 1208 3031 τοῦτο
1231 2994 1326 3040 μετὰ.

141 3053 204 3083 ‘¹9-

211 3098 329 3138 Corpue
349 3097 528 3126 naeres-eol.
552 3098 588 3126 11.
609 3098 633 3126 2.
1371 3103 1422 3144 47
