2066 3319
551 239 733 273 PANARu
757 239 841 270 Lm.
858 239 898 270 11,
921 237 1029 270 ΤοΜ.
1048 240 1071 271 1.
1097 238 1368 272 HAER.LX1V.
1653 237 1733 278 339

189 321 291 361 vitos
310 319 470 360 infinitis
492 319 540 359 de
557 318 674 359 rebus
697 318 868 358 infinitae
886 318 1142 372 cogitationes
1163 319 1364 371 invadunt,
1394 335 1491 375 quae
1512 337 1582 364 nos
1605 326 1733 366 curio-

189 389 302 429 sitate
342 394 457 442 atque
490 401 510 427 a
545 387 696 427 ratione
729 387 1019 427 abhorrentium
1053 388 1294 441 negotiorum
1333 390 1574 432 multitudine
1610 393 1733 448 impli-

189 464 291 498 cant.
357 454 551 509 Quocirca
588 456 861 496 eiusmodi'ne
894 455 1065 509 cogitare
1104 457 1254 510 quidem
1292 458 1392 498 velle
1430 461 1635 513 potestatis
1675 470 1734 502 est

190 533 364 575 nostrae,
396 525 433 564 id
458 531 586 565 autem
609 523 781 578 assequi,
811 532 852 564 ut
873 525 1025 579 penitus
1048 524 1344 577 extinguantur,
1375 541 1500 580 neque
1522 530 1632 570 nobis
1655 545 1734 570 am-

189 594 287 650 plius
311 600 541 644 occurrant,
576 607 653 633 non
677 600 737 633 est
764 592 983 642 facultatis,
1019 592 1070 632 uti
1097 592 1289 643 diximus,
1326 602 1500 646 nostrae,
1535 598 1602 637 sed
1625 606 1733 639 certo

188 662 302 703 modo
335 662 524 702 duntaxat
554 661 635 712 uti,
669 661 732 701 vel
757 675 834 701 non
869 661 946 712 uti,
990 668 1029 701 ut
1060 661 1154 701 haec
1193 661 1242 701 sit
1275 661 1348 701 loci
1381 663 1482 703 illins
1515 667 1730 707 sententia:

188 733 274 770 Non
299 733 394 770 enim
416 733 516 783 qnod
534 732 615 769 volo
638 732 749 782 fite-io
775 731 920 769 bonum.
990 728 1090 769 Volo
1117 729 1218 768 enim
1250 730 1405 771 minime
1433 733 1605 786 cogitare
1638 749 1734 789 quae

190 799 280 840 1111111
302 806 494 849 noceant,
528 799 707 853 quoniam
737 799 877 839 bonum
901 798 1001 838 istud
1029 804 1103 849 est,
1138 812 1183 837 116
1207 799 1513 851 reprehensione
1538 811 1660 852 611161,
1697 811 1737 843 111

188 868 279 909 illud
309 868 451 909 dictum
477 874 666 917 testatur,
702 870 793 906 Sine
817 870 1089 918 vituperatione
1107 868 1257 919 filetum
1283 870 1524 921 manibusque
1549 885 1594 908 ae
1620 880 1736 910 mente

189 939 426 990 quadratum.
492 935 599 990 Ergo
625 936 716 976 illud
747 936 846 989 quod
885 938 964 974 volo
997 937 1129 974 bonum
1165 951 1237 975 non
1266 938 1389 989 facio,
1433 940 1500 976 sed
1525 942 1624 990 qnod
1652 942 1736 978 nolo

183 1007 286 1060 facio
309 1008 458 1044 malum.
522 1002 712 1059 Cogitare
736 1004 836 1044 enim
863 1004 968 1054 nolo,
1003 1011 1041 1044 et
1065 1018 1162 1058 quae
1187 1005 1276 1044 nolo
1301 1012 1427 1046 tamen
1454 1006 1599 1060 cogito.
1664 1007 1737 1048 At-

190 1089 263 1130 que
285 1074 374 1115 illud
401 1073 530 1114 videte
556 1087 717 1127 quaeso,
753 1087 800 1112 an
828 1087 904 1113 non
933 1073 1094 1113 eandem
1120 1073 1166 1113 ob
1190 1088 1367 1114 caussam
1392 1072 1519 1114 David
1550 1076 1621 1115 deo
1648 1090 1737 1131 sup-

190 1144 367 1199 plicaret,
401 1143 556 1197 indigne
585 1143 730 1192 ferens,
765 1142 864 1196 quod
891 1155 936 1181 ea
957 1155 1054 1195 quae
1078 1141 1206 1182 minus
1229 1143 1347 1183 vellet
1371 1142 1500 1183 animo
1525 1151 1738 1198 pertracta-

190 1219 266 1253 ret.
328 1213 391 1252 Ab
415 1214 591 1259 occultis,
627 1211 773 1265 inquit,
808 1213 897 1249 meis
923 1212 1059 1249 munda
1085 1225 1160 1258 me,
1195 1219 1233 1250 et
1257 1213 1303 1250 ab
1325 1214 1458 1251 alienis
1483 1228 1601 1264 parce
1629 1228 1736 1252 servo
1755 1223 1803 1250 ΡΞ,
1823 1224 1865 1257 le,
1887 1224 1927 1251 13.

193 1289 279 1320 tuo.-
313 1283 442 1320 simei
460 1295 532 1319 non
547 1281 703 1333 suerint
722 1282 915 1326 dominati,
951 1287 1038 1319 tanc·
1060 1282 1320 1319 immaculatus
1343 1296 1421 1328 ero,
1456 1289 1495 1320 et
1512 1283 1740 1321 emundabor

191 1365 213 1389 a
239 1352 373 1389 delicto
407 1364 555 1401 niagno.
623 1346 700 1389 Sed
741 1355 779 1388 et
813 1348 1009 1403 apostolus
1045 1347 1122 1387 alio
1157 1348 1195 1388 in
1234 1348 1344 1390 loco:
1393 1352 1647 1402 Cogitationes
1677 1354 1738 1390 de·
1757 1360 1944 1396 ².00r.10,5.

191 1426 378 1458 struentes
404 1426 440 1457 et
469 1432 609 1457 omnem
639 1419 896 1464 altitudinem,
938 1432 1032 1468 quae
1057 1419 1256 1456 emollitur
1280 1421 1460 1457 adversus
1490 1423 1739 1471 cognitionem

193 1490 272 1535 dei,
307 1495 346 1526 et
373 1490 602 1539 captivantes
633 1501 771 1525 omnem
804 1488 1030 1525 intellectum
1062 1488 1099 1524 in
1131 1487 1343 1538 obsequium
1376 1489 1531 1526 Christi.

306 1554 386 1596 Iam
411 1569 506 1595 vero
538 1555 568 1595 si
594 1554 678 1609 quis
702 1553 895 1608 refragari
926 1553 983 1594 his
1008 1554 1119 1595 dictis
1145 1568 1262 1595 ausus
1289 1554 1465 1606 obiiciat,
1500 1556 1632 1597 doceri
1665 1557 1737 1598 1106
1787 1557 1866 1609 Cap.

194 1624 241 1665 ab
264 1624 457 1679 apostolo,
492 1637 569 1663 non
595 1623 641 1663 ad
666 1623 938 1677 cogitationem
965 1623 1077 1663 modo
1102 1623 1208 1674 mali,
1243 1623 1342 1677 qnod
1365 1638 1596 1666 aversamur
1619 1626 1738 1680 quod·
1764 1603 1883 1635 Ltttl.

194 1707 266 1748 que
294 1693 482 1746 sugimus,
517 1693 583 1732 sed
611 1692 715 1732 etad
745 1705 839 1746 opus
863 1692 987 1746 ipsum
1014 1698 1053 1732 et
1075 1691 1266 1731 actionem
1293 1692 1357 1731 illa
1382 1693 1539 1744 referri,
1575 1709 1660 1734 cum
1683 1694 1740 1734 516

193 1761 386 1816 loquitur,
420 1764 505 1801 Non
531 1764 625 1800 enim
652 1763 752 1813 qnod
774 1762 855 1799 voto
874 1762 977 1813 facio
1005 1761 1159 1808 bonum,
1193 1763 1261 1799 sed
1281 1763 1381 1813 quod
1399 1763 1484 1800 nolo
1510 1765 1645 1801 malurn
1670 1765 1739 1802 leve

191 1831 314 1882 facio,
359 1830 459 1870 1111116
489 1829 628 1884 igitur,
663 1829 724 1883 qni
751 1829 807 1869 sic
832 1828 1109 1879 ratiocinetur,
1145 1829 1176 1869 si
1204 1830 1317 1869 modo
1343 1843 1437 1870 vera
1464 1830 1578 1881 dicit,
1614 1831 1739 1886 expli-

195 1912 285 1939 care
307 1898 523 1948 iubeamus,
558 1898 749 1952 quodnam
778 1912 866 1938 esse
894 1897 1033 1938 malum
1059 1897 1149 1938 illud
1176 1899 1276 1952 quod
1300 1912 1385 1938 cum
1411 1898 1559 1939 odisset
1583 1907 1740 1954 aposto-

196 1967 277 2019 lns,
312 1980 439 2022 neque
475 1968 604 2007 1116616
629 1966 770 2017 vellet,
806 1966 1053 2006 nibilominus
1088 1967 1259 2017 faceret,
1293 1975 1357 2007 aut
1380 1967 1470 2007 illud
1498 1981 1518 2007 e
1544 1968 1741 2008 contrario

195 2035 361 2087 bonum,
405 2035 503 2090 quod
540 2049 624 2076 cum
661 2034 829 2076 maxime
864 2035 981 2075 vellet
1018 2043 1244 2090 praestare,
1289 2049 1531 2090 nequaquam
1571 2044 1739 2091 poterat.

197 2102 279 2144 lmo
310 2119 406 2145 vero
441 2103 594 2159 quoties
628 2111 783 2158 patrare
816 2104 955 2144 bonum
984 2103 1124 2154 vellet,
1158 2118 1234 2144 non
1263 2105 1361 2158 quod
1393 2105 1549 2145 volebat
1580 2105 1738 2155 bonum,

197 2174 264 2214 sed
288 2173 388 2228 quod
411 2173 567 2214 volebat
591 2173 731 2213 malum
757 2187 797 2212 re
822 2173 904 2227 ipsa
930 2172 1168 2228 perficiebat.
1233 2171 1464 2214 Utrumnam
1485 2174 1642 2213 deorum
1672 2188 1742 2214 ex-

198 2242 310 2297 empli
345 2242 471 2297 gratia
495 2242 677 2283 venerari
712 2241 918 2281 simulacra
951 2241 1110 2292 nolens,
1146 2241 1213 2282 sed
1240 2255 1335 2283 vero
1361 2243 1432 2282 deo
1461 2243 1604 2282 cultum
1636 2242 1743 2282 adlii-

198 2311 314 2362 bere,
349 2312 420 2352 1106
445 2312 545 2366 quod
579 2310 758 2366 cupiebat
781 2309 936 2364 assequi
965 2323 1043 2350 non
1070 2317 1246 2364 poterat,
1281 2311 1380 2365 quod
1408 2310 1564 2350 nolebat
1595 2317 1739 2361 autem,

197 2388 239 2421 ut
261 2381 466 2421 simulacra
493 2380 656 2431 coleret,
692 2379 763 2419 1106
789 2392 883 2418 vero
909 2380 1087 2433 poterat?
1136 2378 1200 2418 Α11
1225 2393 1311 2419 611111
1339 2386 1602 2433 1611111611111161
1624 2379 1744 2419 vellet

198 2450 349 2501 vivere,
383 2463 626 2504 nequaquam
649 2448 685 2488 id
714 2446 894 2496 faciebat,
932 2446 1112 2488 libidines
1135 2461 1230 2488 vero
1259 2461 1303 2487 ac
1328 2447 1488 2502 flagitia,
1523 2446 1658 2500 quibus
1686 2448 1742 2487 01-

200 2518 451 2569 tendebatur,
487 2517 566 2558 vita
598 2531 642 2557 ac
674 2516 784 2556 factis
818 2515 1091 2570 exprimebat?
1150 2517 1280 2570 Atque
1314 2523 1354 2556 ut
1385 2515 1603 2556 summatim
1636 2515 1743 2555 colli-

200 2601 302 2642 gam,
336 2586 530 2642 crapulam
555 2599 599 2625 ac
621 2585 779 2636 luxum,
811 2585 931 2636 iram,
965 2584 1216 2636 iniustitiam,
1250 2592 1459 2638 ceteraque
1483 2583 1742 2638 improbitatis

200 2656 321 2696 officia
344 2670 428 2696 cum
457 2654 577 2695 nollet
601 2653 835 2708 usurpabat,
871 2667 968 2708 quae
994 2653 1114 2694 vellet
1138 2660 1289 2703 autem,
1323 2652 1507 2692 iustitiam
1533 2659 1572 2692 et
1598 2651 1742 2692 sancti-

201 2725 367 2765 moniam
389 2723 609 2765 consectari
635 2736 711 2762 non
738 2724 918 2777 poterat?
976 2722 1098 2776 Atqui
1125 2721 1224 2761 idem
1248 2721 1312 2761 ille
1336 2720 1472 2761 mediis
1503 2721 1540 2760 111
1565 2720 1743 2761 666165115

202 2807 349 2833 summa
379 2806 514 2834 omnes
545 2791 662 2832 animi
695 2791 945 2831 contentione
973 2791 1018 2831 ad
1048 2790 1229 2830 evitanda
1251 2790 1400 2830 scelera
1424 2789 1634 2830 cohortans
1666 2803 1742 2830 non

203 2874 270 2902 eos
295 2862 416 2903 solum
442 2861 504 2915 qui
531 2861 703 2901 facinora
730 2866 1014 2914 perpetrarent,
1048 2858 1172 2912 iisque
1197 2858 1414 2909 studerent,
1447 2859 1492 2898 ad
1518 2859 1681 2899 exitium
1705 2865 1745 2899 61

203 2929 299 2970 1111111
324 2930 384 2970 (161
404 2929 668 2971 reservandos
691 2929 915 2978 admonuit,
949 2928 1017 2969 sed
1043 2934 1081 2967 et
1103 2926 1190 2966 illos
1220 2926 1380 2981 insuper
1411 2927 1473 2981 qui
1505 2940 1590 2967 cum
1623 2926 1671 2967 iis
1701 2927 1741 2966 in
1764 2934 1886 2965 Roml.
1905 2934 1945 2961 32·

205 2997 390 3038 eiusmodi
428 2997 643 3039 sceleribus
678 2997 961 3038 consentirent.
1023 2995 1136 3035 Adeo
1169 3008 1263 3049 pura
1297 3008 1341 3034 ac
1375 2994 1528 3035 sincera
1560 2995 1607 3036 ab
1640 2996 1742 3035 omni

206 3065 290 3106 labe
310 3066 479 3107 iustitiae
502 3080 522 3107 a
546 3065 658 3107 nobis
681 3066 802 3106 officia
826 3065 1016 3120 praestari
1037 3077 1274 3118 magnopere
1297 3063 1574 3104 contendebat.
1621 3062 1744 3117 Quip-

1378 3133 1472 3175 22*
