2066 3319
496 234 677 265 PANAau
703 234 784 265 [ΑΒ.
804 234 844 265 11.
869 235 977 267 τοΜ.
999 236 1023 266 1.
1049 235 1179 266 HAER.
1201 234 1290 266 Lix.
1589 224 1666 265 189

127 314 166 354 in
200 319 359 368 peccata
395 312 599 353 humanum
632 327 754 367 genus
791 314 985 363 incidere,
1028 315 1079 354 ita
1115 328 1264 354 rursum
1301 314 1489 368 loquitur,
1524 315 1662 365 Surge,

127 385 232 429 vem',
270 382 438 420 columba
469 395 568 428 mea,
605 394 676 421 nec
700 382 844 433 semel,
879 383 946 422 sed
975 383 1147 422 secundo
1175 383 1292 437 ipsam
1321 382 1509 437 appellat,
1543 382 1593 421 ita
1628 388 1668 421 ut

128 449 322 504 posterior
349 448 467 503 priori
497 449 650 489 vocatio
683 464 757 489 non
788 450 839 490 sit
867 450 1054 504 aequalis.
1117 448 1220 490 ‘Nam
1255 450 1291 489 in
1327 450 1445 504 priori
1478 449 1534 490 sic
1565 449 1666 489 illam

127 517 358 571 alloquitur:
393 520 519 569 Surge
537 521 748 570 propinqua
771 533 871 565 mea,
904 520 1070 570 formosa
1101 533 1200 565 mea,
1236 519 1403 556 columba
1425 533 1516 557 mea.
1581 515 1668 557 Pri·
1688 526 1811 560 Caum,
1833 527 1870 553 13.

127 600 229 626 mum
251 585 389 640 igitur,
423 587 562 637 Surge,
598 589 693 633 veni,
729 587 848 636 dixit,
885 601 960 626 nou
984 594 1109 626 autem
1137 593 1195 635 et,
1232 588 1326 624 Veni
1349 594 1401 624 tu.
1466 587 1521 625 At
1543 586 1580 625 in
1608 600 1669 626 se-

127 654 250 694 cunda
273 653 478 694 articulum
504 653 667 704 adiecit,
703 661 742 694 ut
767 654 959 694 diversam
988 654 1034 693 ab
1064 654 1185 694 altera
1218 653 1461 693 vocationem
1497 668 1585 693 esse
1617 654 1669 694 si-

126 721 353 776 gnificaret,
389 735 485 775 quae
510 729 635 762 tamen
662 729 746 776 pust
768 722 934 777 priorem
970 722 1071 761 illam
1105 721 1308 775 benignam
1334 736 1486 762 manum
1512 736 1556 761 ac
1580 736 1668 762 coc-

127 790 264 830 lestem
288 789 531 830 clementiam
561 791 801 830 ostenderet.
868 789 939 840 Et,
976 793 1086 837 Heni,
1123 790 1267 843 iuquit,
1301 791 1468 829 columba
1496 805 1595 837 mea,
1630 795 1667 830 ιἰι

127 866 270 910 tegmen
301 866 433 910 petrae
456 873 574 911 prope
604 861 847 898 autemurale.
912 856 955 898 ln
990 865 1141 912 tegmen
1177 865 1309 912 petrae
1343 857 1472 909 dixit,
1508 859 1578 898 hoc
1610 866 1670 899 est

128 923 274 967 Christi
307 926 586 981 benignitatem
622 926 1006 980 misericordiamque
1040 925 1199 966 domini.
1265 925 1349 966 Hoc
1378 927 1478 966 enim
1512 935 1572 966 est
1605 941 1668 981 pe—

127 1001 210 1034 trae
235 1001 414 1048 tegmen,
450 1002 628 1049 tegmen,
663 995 842 1049 inquam,
876 995 983 1050 spei,
1020 995 1106 1034 lidei
1142 1001 1255 1048 atque
1285 995 1478 1037 veritatis.
1542 994 1669 1051 Prope

127 1063 367 1104 antemurale
390 1077 510 1114 vero,
545 1063 615 1103 hoc
641 1073 700 1103 est
723 1071 931 1117 antequam
956 1070 1066 1118 porta
1096 1062 1320 1114 claudatur,
1356 1070 1561 1118 antequam
1597 1079 1669 1104 rex

125 1130 392 1185 introgressus
417 1145 493 1171 non
527 1131 691 1186 amplius
723 1139 807 1187 post
837 1132 984 1172 exitum
1012 1131 1058 1172 ab
1090 1131 1161 1171 hac
1192 1132 1269 1171 vita
1296 1139 1537 1186 mortemque
1571 1132 1670 1173 reci-

127 1199 218 1255 piat.
282 1197 380 1240 Cum
409 1213 484 1239 nou
510 1200 673 1254 amplius
700 1214 818 1255 prope
842 1200 1082 1240 antemurale
1106 1214 1263 1251 sumus,
1298 1201 1364 1240 sed
1394 1201 1550 1242 clausae
1581 1208 1672 1242 sunt

126 1275 284 1323 portae,
319 1281 391 1308 nec
423 1267 522 1308 ullus
556 1269 786 1309 emendandi
818 1269 875 1309 sui
909 1268 1017 1309 locus
1049 1276 1123 1309 est.

240 1335 397 1377 Etenim
420 1335 460 1376 iu
485 1338 612 1377 futuro
635 1337 767 1378 seculo
793 1344 879 1392 post
902 1337 1067 1377 hominis
1091 1337 1235 1376 obitum
1265 1337 1390 1377 nullus
1422 1337 1584 1392 amplius
1616 1338 1670 1378 ie·
1697 1340 1775 1383 Cap.
1800 1341 1841 1372 X-

126 1404 220 1445 iunii
242 1412 426 1459 quaestus
449 1412 524 1455 est,
555 1420 630 1445 non
655 1405 916 1461 poenitentiae
938 1405 1110 1455 vocatio,
1141 1419 1217 1445 uon
1241 1405 1516 1461 eleemosynae
1537 1413 1669 1447 osten-

126 1473 185 1514 sio
218 1479 292 1513 est.
357 1471 436 1514 Sed
469 1487 594 1527 neque
622 1474 847 1514 criminibus
883 1474 968 1514 ullis
994 1474 1124 1523 locus,
1160 1487 1237 1513 non
1263 1473 1427 1525 bellum,
1462 1489 1538 1515 non
1563 1476 1669 1516 adul-

128 1540 291 1591 terium,
334 1556 410 1581 non
446 1540 649 1592 libidines,
692 1556 816 1596 neque
856 1556 875 1582 e
913 1543 1110 1582 contrario
1144 1541 1290 1581 iustitia
1322 1542 1383 1582 vel
1415 1543 1666 1597 poenitentia.

126 1608 230 1650 Nam
254 1610 354 1650 sicut
378 1610 556 1650 demessa
581 1610 687 1665 spica
710 1625 873 1665 granum
900 1624 970 1651 nec
993 1617 1150 1665 turgere
1173 1610 1371 1665 deinceps,
1403 1626 1526 1666 neque
1552 1619 1669 1653 vento

129 1678 322 1733 corrumpi
347 1685 460 1733 atque
485 1692 740 1727 evanescere,
776 1693 847 1719 nec
872 1678 968 1720 affici
995 1678 1156 1732 amplius
1180 1686 1321 1733 potest.
1374 1678 1461 1720 Nec
1485 1687 1544 1720 est
1569 1681 1668 1734 quod

127 1747 232 1787 illam
258 1746 350 1787 mihi
374 1747 633 1802 corruptelam
660 1747 844 1799 obiicias,
880 1761 978 1802 quae
1008 1748 1046 1787 in
1081 1747 1232 1788 horreis
1258 1747 1421 1799 accidit,
1456 1749 1670 1789 cuiusmodi

127 1822 217 1856 sunt
240 1828 395 1855 vermes
422 1829 466 1856 ac
491 1816 636 1856 tineae.
701 1814 808 1856 Haec
843 1817 945 1857 enim
977 1816 1023 1856 ad
1055 1830 1101 1855 ea
1134 1830 1232 1869 quae
1261 1815 1297 1855 in
1322 1817 1453 1857 seculo
1482 1823 1671 1870 geruntur

127 1883 391 1924 adumbranda
423 1891 613 1938 spectant.
679 1882 791 1938 Quod
825 1893 953 1926 autem
980 1883 1229 1925 similitudine
1264 1884 1327 1924 illa
1354 1885 1597 1936 declaratur,
1634 1893 1671 1926 et

127 1952 165 1993 in
191 1952 312 2008 portis
333 1966 421 1993 esse
444 1952 608 2004 dicitur,
643 1960 757 2008 atque
778 1954 815 1994 in
841 1953 992 1994 horreis
1017 1953 1236 2003 conditum,
1271 1954 1315 1993 ad
1340 1955 1558 2010 exemplum
1585 1955 1671 1994 fidei

128 2035 172 2062 ac
195 2021 496 2062 delineationem
525 2023 710 2062 rel'ertur.
778 2023 849 2062 L‘bz‘
871 2037 988 2075 neque
1023 2023 1131 2074 fures
1165 2023 1371 2077 effodiunt,
1407 2038 1523 2076 neque
1549 2026 1668 2063 tineae
1680 2030 1874 2068 Matth.6,2o.

128 2098 393 2142 corrumpunt,
429 2098 470 2129 ut
493 2090 677 2145 scriptum
710 2097 783 2130 est.
845 2088 923 2132 Sed
951 2104 1075 2145 neque
1097 2090 1251 2145 pietatis
1276 2090 1393 2130 ullum
1419 2091 1566 2131 lucrum
1593 2099 1666 2143 est,

128 2165 194 2199 aut
216 2158 477 2214 poenitentiae
503 2159 555 2199 uti
580 2159 763 2210 diximus,
799 2166 886 2214 post
906 2166 1085 2199 mortem.
1147 2157 1240 2199 Non
1267 2159 1368 2200 enim
1389 2157 1566 2200 Lazarus
1594 2161 1671 2201 illic

128 2227 174 2268 ad
200 2226 356 2267 divitem
384 2227 522 2282 pergit,
557 2241 681 2282 neque
705 2227 814 2267 dives
839 2228 884 2267 ad
912 2225 1127 2268 Lazarum.
1190 2226 1332 2282 Neque
1358 2228 1552 2268 Abraham
1578 2243 1670 2283 pau-

129 2309 261 2351 perem
298 2295 438 2347 mittit,
481 2303 547 2336 aut
581 2296 614 2335 ei
647 2296 816 2336 laborem
850 2296 1005 2348 indicit,
1049 2302 1090 2336 ut
1123 2304 1256 2350 postea
1291 2297 1468 2337 ditescat.
1530 2295 1670 2351 Neque

130 2363 238 2405 dives
270 2377 315 2404 ea
347 2378 443 2418 quae
478 2364 746 2419 postulaverat
782 2363 986 2419 impetrat,
1031 2364 1183 2405 tametsi
1222 2363 1512 2404 misericordem
1541 2364 1669 2405 Abra-

129 2432 280 2473 hamum
306 2432 457 2487 magnis
486 2432 665 2488 precibus
696 2432 890 2473 obsecrat.
953 2431 1154 2488 Siquidem
1187 2432 1391 2487 obsignata
1422 2439 1513 2473 sunt
1542 2447 1670 2487 prom-

130 2501 305 2556 ptuaria,
340 2508 455 2556 atque
481 2501 678 2555 expletum
706 2508 854 2556 tempus
889 2508 970 2552 est,
1005 2509 1202 2542 certamen
1228 2503 1471 2551 confectum,
1506 2515 1669 2542 vacuum

129 2569 318 2620 stadium,
352 2569 581 2610 distributae
613 2582 807 2621 coronae,
850 2570 1018 2611 athletae
1052 2570 1171 2625 quieti
1205 2583 1248 2610 se
1284 2570 1494 2620 dederunt,
1537 2577 1575 2610 at
1605 2570 1668 2625 qui

130 2644 328 2679 certamen
356 2652 431 2678 nou
458 2638 684 2693 attigerunt,
718 2638 858 2679 nullam
883 2639 1045 2694 amplius
1071 2639 1154 2679 eius
1180 2637 1329 2692 copiam
1354 2637 1509 2690 habent,
1544 2645 1583 2679 et
1605 2639 1668 2693 qui

130 2751 255 2784 pauper
289 2747 416 2792 postea.
468 2740 605 2792 Neque
627 2740 718 2772 dives
755 2741 875 2784 accipit
944 2745 1027 2775 εῖτια
1062 2743 1149 2784 >apsi
1154 2737 1209 2774 ὤεα
1257 2741 1324 2771 cod
1360 2741 1495 2772 Venetus.
1550 2742 1670 2781 Reliqui

131 2797 212 2829 quae
229 2787 322 2829 petit,
349 2786 476 2818 etiamsi
498 2785 622 2829 magnis
644 2786 792 2830 precibus
811 2787 876 2818 mi-
922 2789 991 2819 libri
1021 2789 1131 2818 habent
1165 2752 1225 2818 xli:
1230 2783 1320 2823 dam
1355 2784 1444 2819 αἰτεῖ
1442 2797 1496 2819 τια
1509 2810 1519 2826 ,
1566 2789 1671 2818 ceteris

130 2831 331 2863 sericordem
368 2831 531 2863 Abraham
551 2811 672 2874 t’rogen
732 2831 875 2866 Σκύὶων
923 2835 1052 2865 omissis.

131 2873 253 2910 ἀποστε
246 2876 324 2911 ’λλε.
359 2881 444 2910 verto
484 2889 523 2909 ex
566 2877 683 2919 pannis
728 2877 876 2909 dimittit.
968 2878 998 2911 7.
1022 2876 1126 2919 ταμία
1149 2877 1216 2908 cod.
1247 2878 1342 2908 Venel.

131 2923 211 2954 Nam
226 2921 344 2956 extimo
364 2924 532 2963 Hesychzus
549 2925 768 2964 interpretatur
784 2926 877 2956 etiam
968 2925 999 2954 ὅ.
1037 2922 1066 2956 οἵ.
1098 2923 1190 2962 vulgo
1222 2923 1423 2954 desideratur.
1490 2925 1597 2955 Adieci
1631 2932 1668 2954 ex

135 2991 155 3007 „
149 2965 262 3008 ,ῥάκος
282 2963 306 3010 η’
330 2978 387 3009 τρι
374 2988 404 3012 3
387 2967 462 3001 ἰών
457 2971 536 3002 .σν.“
922 2969 1010 3000 codd.
1037 2969 1215 3006 Rhed19.et
1244 2969 1360 2999 Veneto.

177 3013 207 3043 ὀ.
233 3011 440 3054 mour-00:0³7
444 3025 464 3046 α
486 3012 520 3051 ἐς
542 3009 621 3047 ύστε
607 3025 676 3055 :pov
695 3015 761 3046 cod
772 3016 876 3070 lene!
968 3012 998 3044 ἱ).
1024 3024 1080 3045 ανε
1084 3023 1212 3045 :ze-mero
1237 3011 1425 3054 (ἱη1ε11.τὸν
1448 3009 1579 3055 ἀγῶνα)
1604 3023 1667 3053 e90.

177 3056 209 3089 ὓ.
242 3055 395 3096 ’πλούσιος
417 3058 520 3101 πένης
550 3056 672 3101 γενόμε
675 3070 727 3096 -ςνο
756 3052 801 3092 ὦν
827 3058 877 3091 α”-
924 3054 979 3091 α’ν;
982 3056 1115 3100 ποίησαν
1139 3059 1228 3090 codd.
1251 3059 1380 3099 Rhediy.
1401 3062 1428 3090 et
1451 3060 1549 3090 tenet.
1592 3056 1650 3092 <ai-ea
