2030 3324
477 226 659 260 PANAnu
685 227 810 259 man
847 226 956 260 ΤοΜ.
974 229 1013 261 u.
1038 227 1169 261 naen.
1187 229 1317 261 inx.
1599 220 1675 262 651

127 305 274 347 retulit.
339 302 530 346 Similiter
558 313 597 346 et
624 305 726 346 filius
757 307 877 362 patris
905 307 1057 362 quidem
1086 309 1188 349 lilius
1215 309 1300 349 sine
1336 309 1412 350 ulla
1440 307 1680 350 dubitatione

127 374 173 415 ab
196 374 271 414 illis
301 374 473 414 creditur
506 380 545 414 et
579 375 765 415 adoratur
795 376 857 429 qui
890 375 1008 416 vitam
1042 364 1220 416 obtinere
1256 378 1428 431 cupiunt.
1493 375 1681 417 Pontil'ex

125 455 222 482 vero
259 441 405 481 idcirco
439 442 558 481 fuisse
593 443 692 496 quod
730 443 766 483 in
801 458 873 483 suo
902 457 1067 499 corpore
1098 459 1166 498 pro
1201 444 1367 484 humano
1398 458 1546 497 genere
1581 444 1678 499 patri

126 510 376 563 semetipsum
416 509 616 551 obtulerit.
682 509 787 550 ldem
818 519 857 551 et
880 512 1065 552 sacerdos
1094 512 1207 551 simul
1247 519 1285 550 et
1316 512 1441 551 liostia
1473 526 1539 564 pro
1575 512 1678 552 omni

126 584 307 618 creatura
341 578 589 632 pontificatus
626 579 751 618 officio
786 581 951 632 fungens
987 579 1158 633 seipsum
1192 579 1352 628 obtulit,
1400 586 1477 618 tuin
1513 580 1678 634 spiritali

126 646 291 700 quodam
316 646 428 685 modo
461 653 499 685 et
523 645 672 700 ingenti
701 661 785 686 eum
814 647 937 700 gloria
970 647 1181 687 subvectus
1211 661 1295 685 cum
1323 647 1458 686 eodem
1496 647 1561 686 illo
1594 661 1681 687 cor-

127 726 222 768 pore
247 713 293 753 ad
321 713 440 768 patris
467 715 669 754 dexteram
695 715 896 765 consedit,
941 718 1168 753 constitutas
1199 718 1236 753 1⁶11
1267 722 1459 753 aeternum
1487 718 1675 767 pontilec,

125 795 171 822 ac
197 780 391 821 coelestes
414 781 530 822 orbes
555 783 675 822 semel
704 796 957 837 permensus,
994 789 1033 822 ut
1058 782 1156 822 idem
1186 783 1386 837 apostolus
1415 783 1452 822 in
1479 783 1679 837 sequenti-

125 850 197 890 bus
220 849 405 890 declarat.
471 848 583 890 Unde
608 857 685 890 tota
714 851 808 890 llaec
834 851 985 890 illorum
1010 851 1054 890 ad
1081 851 1311 890 calumniam
1340 851 1680 905 captationemque

126 917 341 972 composita
374 918 419 957 de
447 918 652 972 scripturis
680 918 890 972 disputatio
925 919 1099 968 corruit,
1147 933 1246 972 quae
1273 919 1424 972 quidem
1459 920 1678 974 scripturae

126 1000 210 1026 cnm
238 986 341 1026 vitae
377 985 658 1040 impertiendae
694 986 768 1025 vim
807 986 973 1037 liabent,
1020 994 1097 1026 tum
1133 987 1225 1026 nihil
1262 987 1463 1026 coiitinent
1499 988 1543 1027 ad
1579 987 1679 1041 quod

127 1054 262 1094 sidetes
289 1054 503 1104 offendant,
524 1061 591 1093 aut
609 1054 708 1107 qnod
733 1055 778 1093 ad
806 1055 918 1094 ullam
946 1054 1056 1094 verbi
1081 1055 1355 1094 contumeliam
1381 1055 1542 1108 eiusque
1556 1054 1682 1108 digni-

126 1123 217 1163 tatis
249 1121 558 1162 imminutionem
591 1122 879 1162 accommodari
913 1122 997 1162 iure
1031 1123 1168 1176 possit.

237 1190 368 1230 Alium
399 1197 602 1244 praeterea
637 1191 763 1230 locum
796 1190 916 1230 Arius
955 1197 1261 1239 commemorat,
1308 1190 1344 1230 in
1382 1205 1457 1244 quo
1493 1188 1677 1240 loannes,

125 1273 211 1299 cum
246 1258 283 1298 in
317 1259 475 1298 deserto
509 1266 631 1298 staret
658 1265 697 1298 et
723 1259 973 1298 accedentem
1001 1258 1106 1298 illum
1136 1259 1308 1308 videret,
1353 1259 1504 1299 dixisse
1539 1260 1678 1308 l'ertur,

124 1330 197 1367 ΙΙίι·
228 1335 287 1366 est
316 1341 421 1379 quem
459 1330 545 1366 delta·
574 1328 695 1374 vobis,
747 1330 919 1379 qnoniam
958 1330 1058 1366 veuit
1082 1335 1171 1379 post
1200 1342 1255 1365 me
1286 1330 1366 1374 vir,
1415 1330 1483 1380 qui
1509 1335 1596 1366 ante
1626 1341 1682 1365 me

120 1397 249 1449 suetus
279 1403 356 1442 est,
405 1398 493 1447 quia
519 1399 630 1447 prior
660 1410 715 1434 me
745 1403 840 1434 erat.
906 1393 1079 1435 Primum
1119 1395 1237 1449 igitur
1271 1409 1390 1435 voees
1420 1396 1551 1450 ipsas,
1595 1402 1681 1434 tau-

125 1478 237 1518 quam
267 1464 424 1517 crapula
451 1470 488 1502 et
512 1464 701 1503 ebrietate
726 1463 918 1517 correpti,
955 1464 1054 1517 quod
1088 1464 1132 1503 ad
1159 1477 1315 1502 sensnm
1348 1464 1511 1513 attinet,
1545 1463 1681 1502 immu-

126 1538 223 1571 tant.
288 1529 336 1571 Et
366 1531 583 1585 quomodo,
629 1531 830 1585 inquiunt,
875 1531 921 1571 de
958 1531 1228 1571 incarnatione
1257 1532 1398 1572 dictum
1433 1532 1522 1571 illud
1559 1530 1682 1585 accipi

124 1606 268 1654 potest,
295 1614 380 1639 cum
407 1606 496 1639 ante
523 1597 707 1639 loannem
734 1599 770 1638 iu
784 1597 939 1639 Mariae
964 1606 1075 1639 utero
1098 1599 1255 1654 genitus
1283 1614 1358 1638 nou
1383 1600 1526 1639 suerit?
1559 1598 1677 1647 Nam,

1707 1196 1786 1240 Cap.
1812 1197 1887 1232 XL.

1702 1331 1802 1359 loaun.

1714 1367 1737 1401 1,
1757 1367 1799 1393 2⁴1.

122 1676 163 1708 ut
194 1668 436 1720 evangelista
467 1675 621 1717 narrat,
665 1670 782 1706 Seoelo
803 1683 925 1706 mense
947 1671 1081 1706 nassas
1115 1676 1171 1706 es!
1194 1670 1354 1719 angelus
1380 1669 1534 1706 Gabriel
1555 1671 1593 1706 1⁸12
1625 1670 1677 1706 ci·
1699 1673 1768 1702 Luc.
1785 1675 1869 1713 l,26.

124 1739 272 1776 vt'lalem
297 1738 464 1774 Galt'leue
484 1739 534 1775 ad
563 1739 745 1787 virginem
777 1738 1035 1787 desponsalam
1068 1739 1169 1783 viro,
1206 1739 1272 1774 em·
1297 1750 1427 1775 nomen
1455 1738 1610 1787 Ioseph.-
1645 1743 1681 1774 et

125 1808 322 1856 ingressus
344 1807 394 1843 ad
415 1819 493 1843 eam
514 1807 636 1851 cle'oee't,
671 1808 755 1843 Ave
773 1807 903 1855 gralia
921 1807 1051 1855 plena,
1087 1807 1257 1843 dominus
1278 1812 1411 1851 lecum,
1443 1813 1513 1843 ele.
1559 1802 1679 1844 Cum-

123 1886 197 1927 que
223 1872 336 1926 virgo
363 1871 411 1911 ob
441 1886 524 1911 eam
553 1872 828 1912 salutationem
856 1872 1008 1911 turbata
1035 1874 1155 1921 l'oret,
1190 1871 1378 1922 subiecit,
1426 1876 1525 1912 Eece
1555 1875 1680 1911 conci-

117 1944 202 1994 pies
233 1944 270 1980 ιή
303 1948 409 1979 utero
429 1942 584 1992 filium,
629 1948 665 1978 e!
694 1941 843 1979 vocabis
875 1955 1005 1979 nomen
1037 1943 1117 1979 eius
1147 1942 1292 1980 lesam.-
1339 1949 1375 1979 et
1404 1955 1488 1980 eece
1518 1948 1680 1991 cognata

125 2017 189 2048 tua
221 2010 415 2048 Elisabeth
449 2012 621 2060 concepit
633 2010 765 2060 fillum
797 2012 834 2047 z'll
861 2016 1050 2047 senectnle
1079 2023 1171 2056 scm,
1221 2017 1260 2047 et
1285 2011 1348 2048 hie
1384 2012 1520 2048 mensis
1549 2016 1680 2047 sea-tas

123 2086 180 2117 est
209 2079 271 2115 ille·
297 2092 392 2129 quae
422 2085 579 2115 vocatur
607 2079 764 2116 sterilis.
830 2077 1126 2116 Animadvertis
1163 2083 1202 2117 ut
1229 2090 1300 2117 sex
1336 2085 1426 2118 aute
1461 2076 1677 2126 mensibus,

124 2159 236 2200 quam
267 2143 420 2185 Mariae
451 2145 648 2185 nuntiaret
680 2145 780 2184 istud
815 2145 1002 2198 angelus,
1051 2143 1218 2186 loannes
1251 2145 1441 2185 extiterit.
1506 2143 1677 2197 Quinam

124 2213 244 2268 igitur
267 2213 361 2253 llaec
386 2213 528 2262 verba,
562 2217 665 2253 Ante
688 2228 744 2252 me
763 2215 899 2267 sactus
929 2221 1006 2260 est,
1042 2212 1079 2253 in
1104 2213 1205 2253 illius
1229 2213 1501 2253 incarnatione
1527 2213 1675 2267 impleri

125 2282 362 2337 potuerunt?
405 2279 504 2334 Quis
532 2289 591 2321 est
616 2295 636 2321 e
661 2281 881 2321 rudioribus
904 2295 948 2321 ae
974 2281 1236 2335 simplicibus,
1272 2281 1413 2335 quique
1442 2281 1537 2321 satis
1565 2281 1675 2320 lirino

127 2364 172 2391 ac
198 2349 457 2389 corroborato
494 2349 653 2403 ingenio
687 2364 763 2389 nou
800 2348 967 2399 l'uerint,
1014 2349 1075 2403 qui
1110 2364 1187 2389 non
1222 2349 1350 2390 audita
1387 2349 1449 2388 illa
1481 2349 1678 2388 sententia

127 2418 403 2473 perturbetur?
462 2416 619 2457 Etenim
654 2417 891 2458 necessariis
918 2432 962 2457 ac
986 2417 1152 2457 sinceris
1184 2424 1221 2457 et
1248 2418 1292 2457 ad
1320 2417 1438 2456 vitam
1466 2417 1679 2456 concilian-

127 2487 210 2525 dam
240 2485 390 2525 idoneis
414 2486 631 2540 scripturae
654 2485 786 2526 verbis
815 2486 948 2534 utitur,
978 2499 1075 2539 qnae
1100 2486 1274 2540 profecto
1303 2485 1347 2525 iis
1371 2484 1464 2539 ipsis
1490 2485 1552 2538 qui
1578 2484 1677 2524 mala

125 2562 263 2609 sponte
287 2552 359 2593 sibi
384 2553 477 2607 ipsis
503 2561 709 2594 arcessunt
736 2555 860 2594 maius
885 2555 1074 2607 quoddam
1101 2553 1375 2593 detrimentum
1409 2553 1675 2601 consciscunt,

125 2636 210 2662 cum
237 2621 379 2675 alioqui
405 2635 541 2661 omnes
565 2622 650 2661 illae
674 2622 895 2661 sententiae
922 2621 1080 2675 spiritus
1111 2621 1232 2662 sancti
1261 2621 1346 2660 luce
1381 2620 1674 2661 collustrentur.

124 2688 227 2730 Nam
253 2690 342 2743 quid
371 2697 430 2729 est
463 2689 499 2728 in
532 2689 598 2729 illo
631 2690 677 2729 de
705 2704 780 2743 quo
813 2689 963 2742 agimus
989 2689 1076 2729 loco
1111 2690 1156 2729 ad
1183 2689 1402 2729 cautionem
1429 2688 1679 2743 praetermis-

126 2758 239 2797 sum?
299 2760 398 2796 Eece
427 2761 537 2804 em'm,
573 2757 718 2811 iuquit,
753 2760 814 2796 hic
837 2765 906 2804 est,
942 2764 982 2796 nt
1010 2756 1284 2810 aspectabilem
1311 2757 1415 2797 illum
1441 2769 1530 2796 esse
1556 2756 1678 2810 signi-

127 2824 215 2864 ficet
247 2833 285 2865 et
315 2825 556 2865 intuentibus
593 2831 889 2865 commonstret.
966 2827 1078 2874 Quem
1109 2827 1196 2863 ιΙιζτί
1223 2825 1345 2871 vobis,
1389 2828 1562 2876 quoniam
1588 2833 1883 2877 posttoann.1.27.

126 2907 183 2931 me
212 2896 324 2932 venit.
389 2892 489 2947 Quis
516 2893 579 2933 ille
602 2893 711 2933 venit
735 2899 1006 2947 praeterquam
1030 2893 1117 2932 vir?
1173 2890 1253 2932 Sed
1279 2906 1393 2933 nemo
1418 2893 1676 2947 intelligentia

170 2993 202 3025 ’2.
227 2993 284 3027 καὶ
307 2997 518 3035 particulam,
543 3005 622 3035 qnae
644 2997 737 3035 vulgo
756 2996 876 3025 deside·
920 2996 1068 3034 proximi.

126 3042 236 3079 ratur,
267 3043 410 3072 revocavi
442 3050 481 3072 ex
511 3043 635 3080 syllaba
666 3042 710 3073 ῐᾱ
733 3041 876 3072 vocabuli·
967 3041 999 3072 ὃ.
1024 3040 1111 3071 Libri
1132 3041 1224 3081 vulgo
1250 3038 1516 3085 βλαβλεριότερα.
