2056 3298
370 238 420 277 12
930 243 1089 275 SANCTl
1113 243 1336 276 EPIPHANH

365 325 470 363 στίαν
501 320 548 362 τά
572 319 816 375 πρωτοτόκια
842 318 1033 369 ἀπολέσας
1054 325 1194 374 μᾶλλον
1220 318 1317 376 ὑπὲρ
1344 319 1413 362 τόν
1435 318 1543 363 οἶνον
1565 320 1754 375 ἠδίκηται.
1816 323 1897 363 Καὶ

366 388 480 431 οὐδὲν
503 387 620 441 ἰσχύει
644 386 760 443 ἐγγυς
779 393 847 441 τῆς
868 386 1054 441 ἀληθείας
1072 388 1420 444 παραπεποιημένη
1439 389 1557 440 λέξις,
1590 387 1682 431 οὐδὲ
1703 388 1896 442 μυθώδης

366 475 423 507 τις
453 456 731 509 ἐπινενοημένη
762 458 1062 512 δραματουργία.

195 533 281 576 Κεφ.
301 532 341 576 γ’.
479 522 745 577 Σεμνύνονται
775 524 815 566 δὲ
845 527 970 578 δῆθεν
1000 523 1242 579 ἐγκράτειαν,
1284 528 1486 579 σφαλερῶς
1515 523 1562 564 τά
1591 525 1718 565 πάντα
1744 525 1895 580 ἐργαζό-

366 609 494 645 μενοι,
537 592 653 645 μέσον
681 597 879 647 γυναικῶν
910 590 1176 647 εὑρισκόμενοι
1207 592 1273 633 καὶ
1307 597 1493 646 γυναῖκας
1522 591 1767 645 πανταχόθεν
1797 590 1896 634 ἀπα-

364 664 521 710 τῶντες,
564 661 712 714 γυναιξὶ
745 660 785 701 δὲ
808 659 1082 708 συνοδεύοντες
1112 661 1177 700 καὶ
1202 658 1522 712 συνδιαιτώμενοι
1552 660 1618 701 καὶ
1643 659 1896 715 ἐξυπηρετού-

363 744 471 780 μενοι
500 725 577 769 fiad
609 733 684 769 τῶν
706 727 914 778 τοιούτων,
956 729 1028 777 ἔξω
1051 727 1119 779 μὲν
1147 732 1217 780 τῆς
1242 725 1427 780 ἀληθείας
1450 725 1578 777 ὄντες,
1623 726 1827 782 μόρφωσιν
1856 728 1897 769 δὲ

365 800 509 847 μᾶλλον
542 797 788 849 κεκτημένοι,
831 794 902 848 τήν
932 796 973 836 δὲ
1004 794 1168 847 δύναμιν
1200 792 1318 847 αὐτῆς
1350 799 1419 847 τῆς
1453 793 1646 850 εὐσεβείας
1675 793 1895 850 ἠρνημένοι.

362 860 527 904 Ὁποίου
556 863 629 918 γάρ
660 862 708 904 ἄν
730 881 786 912 τις
811 865 927 918 ἔργου
952 865 1166 920 καταλείψῃ
1192 863 1328 917 μέρος,
1368 861 1412 903 vd
1441 866 1521 903 πᾶν
1546 861 1736 917 πλήρωμα
1768 860 1896 915 ἀφῆκε

363 929 428 971 διά
455 935 526 972 τοῦ
550 930 636 979 ἕνὸς
661 932 803 986 μέρους
827 935 899 972 τοῦ
924 931 1277 983 καταλελειμμένου.
1323 929 1453 971 ’Όθεν
1483 928 1529 970 vo}
1556 928 1647 985 παρ’
1669 928 1803 979 αὐτοῖς
1825 947 1895 983 μυ-

362 996 498 1052 στήρια
525 997 572 1040 δι’
595 999 738 1047 ὕδατος
760 997 882 1052 μόνον
901 1001 1064 1054 γίνεται,
1106 999 1171 1039 καὶ
1195 996 1284 1039 οὔτε
1306 996 1499 1053 μυστήρια
1523 996 1636 1048 ὄντα,
1677 995 1770 1039 ἀλλά
1795 995 1896 1039 κατά

361 1068 521 1119 μίμησιν
540 1071 618 1107 τῶν
643 1064 843 1119 ἀληθινῶν
872 1065 919 1107 τοὶ
943 1065 1073 1119 ψεύδη
1095 1064 1289 1121 γινόμενα.
1338 1064 1467 1107 1’Ὀθεν
1492 1066 1557 1107 καὶ
1583 1066 1623 1107 ἐν
1646 1064 1770 1123 τούτῳ
1797 1067 1893 1122 ἐλεγ-

359 1132 574 1186 χθήσονται
607 1133 684 1176 ἀπὸ
717 1139 788 1176 τοῦ
810 1133 961 1182 εὐθέως
986 1139 1058 1175 τοῦ
1081 1137 1252 1188 σωτῆρος
1274 1132 1391 1189 λόγου
1417 1138 1487 1175 τοῦ
1510 1133 1709 1188 λέγοντος,
1756 1131 1814 1175 Οὕ
1841 1133 1894 1188 μή

200 1229 268 1257 pag.
286 1222 344 1250 ⁴102.
364 1203 442 1242 πίω
464 1200 541 1243 ἀπὸ
564 1206 634 1243 τοῦ
655 1201 892 1257 γεννήματος
911 1207 979 1255 τῆς
999 1201 1173 1254 ἀμπέλου
1194 1203 1348 1255 ταύτης,
1380 1203 1452 1250 ἕως
1473 1200 1521 1243 ‹321›
1545 1204 1621 1243 πίω
1642 1199 1737 1243 αὐτὸ
1759 1200 1895 1244 καινόν

361 1271 402 1311 ἐν
430 1274 478 1327 τῇ
507 1272 681 1327 βασιλεία
710 1274 788 1311 τῶν
818 1268 999 1325 οὐρανῶν
1029 1268 1116 1323 μεθ’
1145 1268 1268 1323 ὑμῶν.

475 1337 603 1378 Πάλιν
631 1336 684 1386 ὥς
711 1337 856 1390 ταύτην
888 1337 1163 1393 παρωσάμενοι
1190 1339 1286 1393 χειρὶ
1312 1342 1475 1394 κραταιᾷ
1502 1342 1571 1391 τῆς
1592 1336 1798 1390 ἀληθείας,
1842 1335 1896 1386 ὦς

359 1403 560 1446 κνώδαλον
582 1403 775 1460 ὀδυνηρόν
797 1404 970 1447 ὀδόντων
996 1404 1271 1463 ἀφῃρημένον,
1313 1407 1376 1447 ἐπὶ
1399 1404 1467 1454 τοὶς
1488 1407 1574 1458 ἑξῆς
1596 1408 1736 1458 ἰ’ωμεν,
1777 1403 1893 1458 συνή-

358 1479 445 1521 θως
471 1471 538 1514 τόν
562 1471 661 1514 θεόν
684 1479 761 1514 τῶν
782 1472 884 1515 ὅλων
905 1473 1227 1526 ἐπικαλούμενοι,
1270 1471 1416 1528 όδηγόν
1439 1489 1479 1514 τε
1501 1474 1567 1515 καὶ
1592 1471 1792 1528 ἀμυντῆρα
1817 1478 1894 1515 τῶν

360 1542 516 1590 δεινῶν,
559 1540 771 1595 ἐπίκουρόν
804 1558 842 1582 τε
873 1547 943 1595 τῆς
971 1540 1218 1596 φρονήσεως,
1263 1541 1381 1594 δότην
1414 1558 1452 1582 τε
1476 1540 1569 1582 ὄντα
1593 1539 1714 1583 αὐτόν
1739 1546 1808 1594 τῆς
1831 1555 1892 1583 σο-

360 1610 466 1659 φίας,
496 1606 545 1648 ’ὶ’ν’
567 1606 678 1662 ἡμεῖς
700 1607 791 1663 παρ’
811 1607 933 1650 αὐτοῦ
953 1608 1106 1662 τάληθῆ
1130 1608 1396 1662 μανθάνοντες
1417 1608 1485 1658 τοὶς
1505 1613 1582 1650 τῶν
1604 1607 1727 1650 ἄλλων
1745 1607 1893 1651 ἀποκα-

358 1674 515 1717 λύπτειν
536 1678 813 1730 δυνηθείημεν,
835 1679 901 1718 καὶ
923 1676 994 1730 τὴν
1013 1675 1093 1718 κατ’
1115 1675 1245 1718 αὐτῶν
1267 1675 1467 1719 ἀντίδοτον
1487 1675 1665 1732 ἰατρικὴν
1685 1679 1726 1719 ἐκ
1745 1682 1895 1720 πολλῶν

359 1748 590 1798 μυρεψικῶν
620 1746 735 1786 εἰδῶν
766 1743 841 1786 ἀπὸ
873 1749 942 1786 τοῦ
967 1744 1084 1800 λόγου
1108 1749 1177 1797 τῆς
1201 1743 1386 1798 ἀληθείας
1406 1744 1691 1787 κατασκευάσαι
1713 1751 1796 1794 τοῖς
1816 1744 1893 1798 ἤδη

359 1812 661 1866 πεπληγμένοις,
701 1814 756 1861 εἰς
791 1815 895 1854 ἴασιν
927 1814 991 1853 καὶ
1023 1815 1238 1867 θεραπείαν
1269 1819 1350 1862 τοῖς
1381 1812 1675 1868 ἐντυγχάνουσι,
1715 1814 1782 1855 καὶ
1810 1819 1893 1862 τοῖς

359 1879 535 1931 μέλλουσι
559 1879 760 1934 γινώσκειν
789 1880 814 1921 ἃ
844 1879 896 1933 μή
927 1879 1082 1938 ᾔδεισαν
1105 1883 1160 1929 εἰς
1182 1886 1326 1922 παθῶν
1347 1880 1669 1936 προκατάληψιν,
1711 1883 1778 1923 καὶ
1797 1879 1892 1935 ἡμῖν

361 1948 414 1995 εἰς
444 1950 639 2002 σωτηρίαν
668 1949 735 1989 καὶ
763 1953 863 1989 θεοῦ
894 1947 1041 2001 μισθὸν
1071 1947 1265 2001 ἀφθόνως
1294 1948 1637 2004 δωρηθησόμενον.

727 2226 969 2270 *KATA
1023 2227 1527 2279 ΦΡΥΓΑΣΤΩΝ,

404 2301 475 2349 εἶτ’
516 2299 587 2350 οὖν
616 2307 916 2350 Μοντανιστῶν
952 2306 1250 2365 καλουμένων,
1286 2303 1315 2366 ἡ
1351 2306 1430 2352 καὶ
1464 2307 1856 2369 Τασκοδρουγιτῶν.

939 2380 1006 2443 κη’
1046 2381 1075 2444 ἦ
1110 2385 1189 2430 καὶ
1224 2381 1309 2444 μή.

180 2490 268 2533 Κεφ.
296 2487 338 2523 α’.
473 2478 567 2521 ’Ano‘
590 2479 740 2522 τούτων
763 2481 872 2535 ἑτέρα
900 2479 1015 2522 πάλιν
1045 2483 1189 2536 αἵρεσις
1214 2480 1426 2523 ἀνακόπτει
1455 2486 1534 2524 τῶν
1558 2486 1729 2538 Φρυγῶν
1752 2488 1890 2525 καλου-

361 2549 478 2600 μένη,
520 2547 731 2602 σύγχρονος
757 2549 941 2603 γενομένη
967 2549 1143 2600 τούτοις,
1186 2551 1252 2590 καὶ
1276 2548 1421 2598 αὐτούς
1443 2552 1704 2604 διαδεχομένη,
1769 2547 1890 2594 Οὗτοι

359 2615 430 2669 γάρ
454 2615 630 2670 γεγόνασι
655 2618 743 2671 περὶ
774 2616 816 2658 vd
843 2618 1183 2659 ἐννεακαιδέκατον
1211 2619 1294 2666 ἔτος
1316 2616 1548 2660 Ἀντωνίνου
1575 2623 1646 2660 τοῦ
1670 2617 1889 2673 Εὐσεβοῦς,

367 2688 379 2711 ¹
397 2683 491 2736 μετὰ
513 2682 728 2738 Ἀδριανόν.
789 2686 869 2725 Καὶ
892 2682 914 2726 ὁ
936 2688 1134 2739 Μαρκίων
1159 2686 1220 2736 δὲ,
1259 2687 1325 2727 καὶ
1346 2687 1493 2741 οἱπερὶ
1525 2686 1714 2728 Τατιανὸν
1736 2688 1800 2728 καὶ
1823 2685 1888 2728 ἀπ’

362 2749 482 2792 αὐτοῦ
500 2750 766 2805 διαδεξάμενοι
778 2750 1018 2807 Ἐγκρατῖται
1037 2754 1075 2794 ἐν
1093 2752 1246 2808 χρόνοις
1259 2752 1465 2809 Ἀδριανοῦ
1482 2755 1547 2796 καὶ
1563 2752 1656 2807 μετά
1670 2752 1887 2809 Ἀδριανόν.

478 2813 597 2860 Οὗτοι
620 2818 692 2874 γάρ
719 2822 759 2861 οἵ
777 2819 877 2862 κατά
904 2819 1063 2876 Φρύγας
1087 2820 1316 2874 καλούμενοι
1337 2823 1512 2876 δέχονται
1533 2823 1598 2864 καὶ
1623 2820 1735 2863 αὐτοὶ
1758 2827 1890 2864 πᾶσαν

361 2885 516 2942 γραφὴν
550 2886 716 2929 παλαιάν
746 2890 812 2929 καὶ
842 2890 933 2930 νέαν
965 2890 1183 2942 διαθήκην,
1222 2890 1289 2930 καὶ
1320 2895 1469 2945 νεκρῶν
1505 2888 1712 2932 ἀνάστασιν
1743 2887 1888 2943 ὁμοίως

404 2990 421 3068 ἶ
443 2992 518 3067 ἹΙἾηιο
541 2992 732 3023 scribendum
755 2991 852 3027 Κατὰ
875 2993 941 3027 τῶν
963 2991 1061 3026 Κατὰ
1085 2990 1243 3036 Φρύγας,
1280 2993 1346 3027 τῶν
1381 2991 1440 3029 εἴτ’
1473 2986 1528 3028 οὖν
1551 2993 1781 3028 Μοντανιστῶν
1805 3006 1836 3028 κ.
1861 2989 1886 3038 ἦ

363 3046 406 3068 κα
476 3045 550 3068 ασκ.
