2066 3319
490 156 667 189 PANARH
693 157 772 189 LlB.
796 158 835 188 ll.
862 157 968 190 TOM.
993 157 1014 188 l.
1041 157 1169 189 HAER.
1190 157 1312 188 LXIV.
1595 148 1673 185 375

135 237 281 293 reptilis
311 237 499 288 insidias,
541 237 611 277 boc
638 244 699 277 est
724 236 854 277 varias
885 236 1098 277 haereseon
1133 238 1299 287 formas,
1334 243 1370 276 et
1399 235 1509 276 huius
1534 233 1676 288 Orige-

135 307 273 346 niauae
302 305 567 360 potissimum,
602 318 699 359 quac
725 304 849 344 instar
880 305 1037 345 rubetae
1063 306 1181 345 multo
1212 320 1261 345 ex
1295 305 1454 344 humore
1489 305 1673 344 formatae

134 374 270 414 miscet
297 372 449 424 omnia,
491 387 535 413 ac
565 373 697 412 maiori
731 373 899 413 clamore
933 375 1153 423 contendit,
1189 371 1336 413 Christi
1369 372 1511 412 domini
1544 386 1673 412 resur-

132 442 305 482 rectione
325 449 492 497 sumpta,
526 441 629 481 velut
649 441 805 495 potione
826 442 985 496 quadam
1009 442 1054 481 ad
1079 441 1387 496 praecavendum
1411 449 1560 494 parata,
1592 441 1673 480 len--

131 517 207 550 tum
232 524 276 550 ac
299 509 494 550 viscosum
520 509 626 549 virus
649 523 902 564 exspuamuS,
939 511 1115 550 nimirum
1139 510 1296 549 rubetae
1323 511 1422 550 illius
1448 524 1491 550 ac
1515 523 1673 564 serpen-

131 578 177 617 tis
202 577 427 632 nequissimi
457 578 682 632 perniciem.
748 577 832 617 Hoc
858 578 957 618 euim
985 579 1054 633 ipsi
1082 579 1125 617 ad
1153 578 1250 617 alias
1278 578 1516 619 calamitates
1542 591 1673 617 acres-

129 646 193 686 sit.
256 644 366 687 Unde
390 646 490 686 illius
515 661 654 687 caussa
681 647 791 686 doleo
819 661 862 685 ac
887 647 1139 686 veliementer
1167 647 1395 700 ingemisco.
1458 645 1530 686 Hei
1556 645 1667 686 mibi!

129 715 320 768 quomodo
361 714 489 755 laesus
525 715 632 769 ipsae
669 715 766 755 alios
803 715 1007 769 plerosque
1046 714 1217 763 laesisti,
1262 721 1375 768 atque
1413 714 1458 754 ab
1495 714 1670 754 externis

127 782 255 823 mundi
285 782 397 823 huius
426 783 662 835 disciplinis,
706 783 813 837 quasi
848 782 893 822 ab
927 782 1101 822 horribili
1134 782 1296 836 quadam
1333 782 1467 837 vipera
1500 797 1667 831 morsus,

126 850 268 891 ceteris
301 851 442 891 veneni
474 851 598 891 instar
631 865 671 892 es
705 852 850 892 factus!

240 916 426 960 Ceterum
450 921 682 960 naturalium
710 934 838 960 rerum
867 919 1079 974 scriptores
1102 925 1282 959 asserunt
1305 917 1497 974 Myoxum
1524 919 1561 958 in
1586 918 1671 958 lati-

126 987 226 1028 bulis
257 987 338 1028 suis
366 989 466 1029 fetus
489 989 624 1028 eodem
653 995 762 1043 partu
792 988 922 1043 plures
947 987 1089 1037 edere,
1124 987 1290 1042 quinque
1315 987 1519 1037 videlicet,
1555 993 1594 1026 et
1625 1001 1669 1026 eo

123 1056 288 1111 amplius
312 1056 436 1111 iisque
463 1057 637 1097 insidiari
662 1057 851 1112 viperam.
915 1054 1027 1111 Quae
1056 1056 1263 1096 universos
1295 1056 1332 1095 iu
1365 1055 1524 1095 latibulo
1558 1062 1668 1095 nacta

123 1139 208 1165 cum
237 1125 428 1165 devorare
459 1125 572 1165 simul
606 1139 741 1165 omues
776 1132 965 1179 nequeat,
1000 1132 1079 1165 tum
1105 1124 1256 1179 quidem
1283 1139 1399 1165 unum
1428 1124 1667 1178 alterumque

123 1194 170 1233 ad
204 1193 422 1234 satietatem
458 1194 648 1244 absumit,
683 1201 838 1234 ceteros
861 1194 1054 1234 confossis
1087 1194 1211 1233 oculis
1242 1193 1287 1233 ad
1317 1193 1493 1247 pabulum
1526 1193 1666 1242 aufert,

122 1275 338 1317 caecosque
370 1262 512 1314 nutrit,
547 1263 669 1303 donec
700 1262 897 1318 prolatos,
941 1262 1003 1302 ubi
1037 1261 1185 1302 libitum
1219 1269 1302 1313 est,
1343 1261 1519 1315 singulos
1551 1261 1667 1315 depa-

121 1337 267 1371 scatur.
329 1329 390 1370 Ac
414 1330 446 1370 si
473 1332 572 1371 forte
599 1331 723 1386 ignari
748 1331 898 1386 quidam
924 1330 961 1370 iu
987 1331 1083 1371 tales
1108 1330 1336 1382 inciderint,
1371 1338 1410 1371 et
1434 1331 1481 1370 ad
1503 1343 1667 1370 vescen-

120 1399 206 1439 ‹lum
240 1400 437 1454 ceperint,
482 1401 675 1441 letiferum
713 1414 762 1440 ex
795 1400 840 1440 iis
869 1413 1062 1440 venenum
1095 1399 1300 1450 hauriunt,
1343 1406 1475 1454 utpote
1507 1399 1664 1454 viperae

121 1481 274 1508 veneno
299 1469 470 1509 nutritis.
535 1467 592 1509 lta
615 1476 652 1508 et
676 1475 738 1518 tu,
775 1465 987 1522 Origenes,
1022 1483 1042 1508 a
1067 1466 1322 1509 Graecanicis
1347 1468 1422 1508 illis
1451 1466 1664 1522 disciplinis

121 1536 261 1577 mentis
283 1537 405 1578 oculis
427 1544 677 1588 excaecatus,
707 1537 743 1576 in
769 1551 836 1577 eos
859 1537 922 1591 qui
942 1536 1007 1576 tibi
1033 1536 1296 1577 adhaeserunt
1316 1543 1420 1576 tuum
1442 1536 1550 1576 virus
1572 1550 1664 1575 evo-

120 1604 271 1655 muisti,
313 1605 527 1661 iisdemque
561 1606 731 1646 exitialis
765 1604 838 1646 cibi
875 1605 961 1646 loco
996 1605 1124 1657 fuisti,
1165 1612 1280 1659 atque
1311 1606 1358 1646 iis
1396 1605 1490 1660 ipsis
1527 1604 1660 1655 rebus,

120 1687 219 1728 quae
253 1673 486 1716 detrimento
519 1674 587 1715 tibi
620 1675 798 1726 fuerunt,
834 1673 1106 1715 detrimentum
1139 1673 1214 1713 illis
1247 1674 1423 1714 attulisti.

480 1755 595 1787 FthS
622 1755 791 1787 PRtoRtS
816 1755 928 1787 TOMI
952 1754 1068 1786 LIBRI
1094 1753 1299 1786 SECUNDI.

116 1903 217 1932 σατο,
253 1891 311 1926 καὶ
335 1887 404 1926 ἄνω
436 1889 729 1947 πλημμεΛησασαν
755 1891 803 1925 εἰς
826 1904 863 1926 το
911 1891 1006 1926 νωνοὶ
1027 1888 1129 1926 αυτοῦ
1153 1890 1282 1925 ἔσονται
1304 1890 1336 1924 ἐν
1359 1896 1401 1935 τῇ
1422 1892 1503 1939 βασι
1492 1889 1575 1935 λείᾳ
1593 1890 1658 1924 τῶ)

116 1938 217 1992 σῶμα
250 1938 444 1992 κατῆχ..αι,
486 1937 544 1972 καὶ
577 1934 629 1972 ἅτ.
662 1951 677 1972 0
712 1890 865 1992 διάβολοξ
911 1934 1068 1980 ου’ρανῶν.
1117 1937 1186 1971 Καὶ
1211 1933 1443 1991 οἷλληγορικῶς
1474 1933 1557 1969 εἶναι
1578 1935 1656 1968 Πα-

113 1979 479 2037 ἅποκατασταὲήσεται
511 1983 560 2022 εἰς
587 1982 658 2037 τήν,
689 1983 774 2018 ἰδίαν
806 1979 863 2026 εἰρ-
911 1983 1005 2025 ράδει
1009 1994 1084 2025 σον,
1118 1995 1177 2016 και
1198 1981 1240 2017 τὰ
1263 1979 1373 2017 ὕδατα
1395 1979 1506 2015 ἐπάνω
1524 1982 1582 2015 τοῦ
1604 1994 1657 2015 ου-

113 2041 187 2074 χηο.
234 2024 477 2084 Ἐμακαρίσὲη
511 2029 615 2062 τοίω)
649 2025 811 2083 Ἰωάυης
846 2027 864 2063 ὁ
911 2030 1016 2083 ρανοῦ
1023 2054 1031 2070 ,
1066 2028 1124 2062 καὶ
1145 2027 1188 2063 τὰ
1211 2025 1368 2063 υποκάτω
1393 2028 1457 2071 τῆς
1479 2027 1565 2070 γῆς,
1600 2027 1657 2061 καὶ

115 2072 302 2118 βαπτιστὴς
326 2074 385 2109 καὶ
416 2075 445 2109 οἱ
476 2076 524 2109 λοι
515 2070 616 2109 not
604 2086 692 2117 αγιο.
715 2070 767 2109 ότι
795 2086 864 2109 κοι-
911 2087 971 2108 ουκ
996 2070 1148 2119 ἀληὲείᾳ.
