2035 3309
565 177 744 209 PANAau
770 177 850 210 [ΑΒ.
875 178 914 210 11.
939 179 1045 211 Tou.
1071 180 1094 213 ι.
1120 179 1249 211 ΗΑΕιι.
1267 180 1318 211 LI.
1661 172 1712 211 63

170 263 244 296 ret.
310 253 442 310 Itaque
467 254 708 307 Matthaeus,
743 272 828 297 cum
850 257 885 298 id
907 273 1022 298 unum
1044 260 1315 314 exposuisset,
1349 260 1394 299 (le
1417 260 1554 314 spiritu
1576 267 1712 300 sancto

169 331 391 378 susceptum
424 325 526 365 illum
569 340 614 365 ac
645 326 840 379 genitum,
889 327 934 365 de
970 327 1266 368 circumcisione
1304 329 1441 379 tacuit,
1491 342 1561 369 nec
1602 329 1713 368 ullam

170 406 303 433 earum
335 407 464 433 rerum
494 393 620 447 attigit
652 408 748 448 quae
781 402 870 434 aute
899 395 1096 435 biennium
1124 396 1368 446 acciderunt,
1413 396 1480 436 sed
1506 395 1712 451 Magorum

170 461 321 502 demum
346 463 546 503 enarravit
567 463 792 513 adveutum,
827 465 1148 517 quemadmodum
1172 465 1398 504 verissimus
1422 465 1482 505 dei
1505 480 1635 505 sermo
1659 474 1714 506 te-

169 536 315 582 statur3
359 545 443 570 cum
472 531 622 571 scilicet
647 539 788 583 tempus
818 547 839 570 a
864 535 993 583 Magis
1018 536 1218 585 eaeqm'se’rt'l
1242 536 1423 580 llos-mles,
1459 548 1501 573 ac
1534 535 1579 573 (lc
1603 535 1713 575 stella
1735 543 1913 578 Matura?

169 613 267 653 quae
291 606 526 654 apparuerat
549 608 730 640 accurate
750 600 971 640 sciscitatus
994 608 1069 640 est.
1118 601 1179 640 Ad
1204 601 1294 640 haec
1317 599 1522 655 Magorum
1546 618 1714 644 comme—

169 675 319 708 morata
345 668 573 722 responsio,
609 669 654 708 de
679 670 821 707 duobus
845 672 954 707 ακιηὼ·
977 677 1015 707 et
1034 670 1159 721 infin.-
1194 676 1233 709 ut
1257 669 1449 710 diversum
1474 671 1520 709 ab
1547 685 1593 711 eo
1619 679 1713 711 tem-

168 750 238 791 pus
273 750 361 777 esse
395 744 549 776 constet
585 737 684 791 quod
716 736 846 777 Lucas
882 737 1107 777 narratione
1141 751 1210 777 sua
1244 738 1469 792 complexus
1502 747 1575 779 est.
1640 740 1712 780 Hic

169 803 271 844 enim
302 819 400 859 quae
433 813 520 846 aute
549 805 743 846 bienniiun
773 806 863 846 illud
890 813 1002 859 gesta
1024 806 1103 845 sint
1128 806 1302 860 exponit.
1363 796 1417 845 A't
1441 805 1665 848 Matthaeus
1690 824 1710 848 a

169 873 372 914 nativitate
395 874 524 914 statim
549 875 594 913 ad
621 874 832 914 secuudum
859 889 1000 914 annum
1026 889 1068 914 se
1095 875 1278 925 contulit,
1313 881 1351 914 et
1376 889 1473 928 quae
1498 883 1584 930 post
1606 876 1712 916 bieu-

169 941 271 981 nium
297 942 512 982 acciderint
534 943 717 982 declarat.
781 942 893 996 Quod
921 942 1099 983 Herodes
1122 943 1250 983 animo
1273 950 1476 998 reputans,
1513 953 1712 999 postquam

167 1007 278 1063 Magi
303 1010 376 1050 alia
405 1010 468 1050 via
493 1011 775 1062 discesserunt,
810 1012 847 1051 in
872 1012 933 1052 illa
957 1011 1160 1052 infantium
1187 1012 1295 1052 turba
1318 1012 1551 1067 deprehendi
1575 1028 1713 1068 pueru-

167 1078 244 1118 lum
277 1078 380 1118 illum
414 1086 529 1133 atque
563 1079 726 1120 interfici
764 1094 878 1135 posse
912 1080 1146 1121 crediderat..
1219 1079 1391 1121 Infantes
1423 1082 1523 1121 enim
1557 1093 1914 1133 omnes,Maut1.2‚us.

168 1153 356 1201 quotquot
376 1148 412 1187 in
437 1162 529 1202 agro
554 1146 852 1189 Bethleemitico
879 1150 1021 1199 forent,
1056 1163 1075 1189 a
1097 1149 1240 1189 bimatu
1262 1156 1298 1189 et
1318 1149 1416 1189 iufra
1438 1150 1550 1190 iussit
1570 1151 1710 1202 occidi,

167 1216 214 1256 ad
246 1216 346 1256 illam
384 1230 503 1271 usque
531 1217 630 1257 diem
661 1232 734 1271 qua
757 1218 854 1272 apud
886 1231 928 1257 se
954 1215 1059 1272 Magi
1091 1217 1268 1258 fuissent.
1331 1217 1397 1259 Ex
1423 1233 1496 1273 quo
1524 1220 1608 1272 quis
1636 1235 1712 1260 non

166 1285 297 1326 videat
321 1293 397 1325 tum
426 1300 511 1326 cum
538 1284 647 1340 Magi
677 1293 869 1326 venerunt
895 1286 1078 1326 hinnulum
1115 1286 1233 1327 fuisse
1265 1288 1450 1342 puerum?
1511 1286 1710 1341 Siquidem

167 1367 212 1394 ea
234 1354 291 1394 rei
313 1362 449 1408 gestae
469 1355 639 1394 narratio
661 1355 865 1395 veritatem
888 1355 1007 1410 ipsam
1029 1354 1320 1396 accuratissime
1341 1357 1596 1397 demonstrat.
1641 1355 1712 1397 Et-

166 1422 266 1463 enim
290 1421 418 1463 Lucas
450 1437 634 1477 puerum,
669 1423 830 1464 simulac
855 1430 967 1464 natus
991 1431 1074 1475 est,
1111 1424 1239 1464 fasciis
1263 1423 1475 1465 involutum
1502 1439 1589 1465 esse
1614 1427 1711 1466 scri-

166 1491 242 1542 bit,
286 1498 325 1532 et
354 1491 391 1530 in
421 1492 597 1546 praesepi
631 1506 675 1531 ac
701 1492 885 1546 spelunca
910 1491 1101 1542 iacuisse,
1146 1493 1244 1546 quod
1274 1493 1398 1533 nullus
1424 1493 1460 1533 in
1491 1494 1709 1535 diversorio

167 1559 276 1601 locus
300 1567 419 1600 esset.
481 1559 581 1599 Tum
608 1560 707 1599 euim
733 1574 873 1601 census
899 1560 1134 1611 habebatur,
1170 1561 1290 1615 etqui
1314 1561 1502 1602 bellorum
1528 1563 1711 1614 tempori-

165 1628 263 1679 bus,
298 1642 395 1683 quae
419 1628 488 1668 sub
513 1627 786 1669 Macchabaeis
810 1629 1046 1680 extiterant,
1081 1630 1244 1685 dispersi
1270 1631 1436 1681 fuerant,
1471 1631 1608 1685 quovis
1633 1638 1711 1671 ter·

165 1711 296 1738 rarum
330 1704 611 1752 pervaserant,
655 1698 752 1737 adeo
790 1704 828 1737 ut
861 1698 969 1751 pauci
1007 1698 1163 1738 omnino
1198 1697 1408 1738 Bethleemi
1443 1707 1707 1740 remanerent.

167 1764 302 1819 Quare
335 1766 373 1806 in
407 1766 570 1820 quodam
607 1766 935 1820 evangelistarum
976 1766 1191 1821 exemplari
1224 1765 1385 1807 Davidis
1418 1767 1508 1807 urbs
1547 1768 1708 1820 dicitur,

165 1834 204 1875 iu
235 1835 312 1875 alio
348 1847 443 1874 vero
477 1834 585 1875 vicus
617 1834 851 1889 appellatur,
898 1836 998 1889 quod
1025 1850 1160 1890 agrum
1191 1835 1349 1876 haberet
1375 1835 1707 1890 angustissimum.

166 1901 265 1944 Cum
290 1902 409 1957 igitur
429 1902 599 1957 Augusti
627 1902 874 1958 imperatoris
894 1904 1059 1944 edictum
1085 1911 1192 1945 esset
1213 1904 1389 1955 allatum,
1425 1905 1489 1959 qui
1511 1905 1582 1945 huc
1602 1905 1710 1945 illue-

165 1986 238 2028 que
264 1972 437 2027 dissipati
462 1979 597 2023 erant,
631 1986 715 2011 cum
746 1971 898 2012 familiis
919 1973 1000 2013 suis
1028 1973 1073 2013 ad
1099 1973 1203 2013 illum
1231 1973 1354 2013 locum
1378 1973 1562 2014 censendi
1584 1974 1709 2027 gratia

166 2041 301 2082 venire
328 2040 452 2081 coacti
479 2040 590 2080 facile
619 2040 933 2095 compleverunt,
980 2048 1018 2081 ut
1047 2048 1202 2097 propter
1228 2042 1422 2082 hominum
1451 2041 1707 2096 frequentiam

165 2110 260 2151 nihil
284 2117 390 2150 esset
418 2109 455 2149 in
482 2109 700 2150 diversorio
722 2109 794 2149 loci
819 2109 1010 2150 relictum.
1072 2108 1170 2150 Post
1195 2124 1351 2151 censum
1378 2125 1472 2151 vero
1502 2110 1708 2165 unusquis-

166 2192 240 2233 que
272 2192 318 2219 eo
352 2178 414 2218 ubi
441 2178 675 2219 domicilium
699 2178 908 2218 collocarat
932 2193 1116 2219 reversus
1141 2186 1214 2219 est.
1275 2177 1386 2220 Unde
1411 2179 1538 2219 laxius
1569 2180 1614 2219 ad
1641 2180 1707 2220 ha-

164 2246 361 2287 bitandum
387 2246 550 2302 spatium
578 2247 660 2287 fuit.
725 2245 861 2301 ltaque
888 2247 1016 2302 priore
1041 2248 1114 2288 iam
1143 2262 1244 2288 {tuno
1270 2248 1398 2299 linito,
1441 2255 1478 2288 et
1502 2247 1624 2288 altero
1648 2248 1706 2289 in-

164 2329 307 2371 super,
353 2315 400 2356 ob
435 2329 567 2355 eorum
599 2330 697 2369 quae
727 2322 839 2369 gesta
872 2316 948 2356 illic
981 2324 1092 2357 eraut
1116 2317 1339 2357 memoriam
1375 2331 1421 2356 eo
1455 2330 1497 2356 se
1524 2324 1705 2370 parentes

164 2382 388 2435 Nazareto,
433 2383 541 2424 velut
571 2384 615 2424 ad
650 2384 810 2424 eandem
837 2385 1125 2436 celebritatem,
1168 2385 1429 2426 contulerunt.
1493 2383 1581 2438 Quo
1611 2392 1705 2426 tem·

165 2466 259 2508 pore
289 2451 495 2507 Magorum
536 2453 726 2493 adventus
767 2453 955 2494 eiusmodi
997 2454 1156 2508 quadam
1196 2453 1483 2509 opportunitate
1524 2454 1701 2509 contigit.

166 2520 344 2561 Tametsi
371 2535 447 2561 non
471 2521 509 2561 in
537 2521 671 2561 eodem
700 2521 762 2561 illo
792 2522 968 2562 fortassis
996 2522 1212 2564 diversorio
1240 2521 1517 2573 versabantur,
1563 2522 1600 2562 in
1629 2537 1703 2576 quo

163 2586 329 2629 Mariam
361 2604 406 2632 ac
430 2587 636 2645 losephum
660 2590 932 2645 descriptionis
965 2598 1137 2646 tempore
1169 2590 1358 2631 mansisse
1382 2588 1512 2630 Lucas
1540 2597 1704 2631 testatus

164 2664 239 2698 est.
299 2656 441 2712 Neque
468 2658 570 2699 euim
594 2656 761 2698 Mariam
790 2659 827 2699 in
854 2659 1061 2714 spelunca,
1108 2659 1170 2700 ubi
1194 2665 1421 2714 pepererat,
1456 2667 1700 2714 repererunt,

163 2727 255 2778 sed,
290 2733 330 2767 ut
353 2727 597 2781 evangelium
624 2734 775 2778 narrat,
815 2728 927 2768 stella
951 2727 1037 2769 illos
1065 2729 1111 2768 ad
1136 2742 1219 2768 eum
1244 2727 1368 2767 locum
1393 2729 1596 2783 perduxit,
1640 2730 1706 2768 ubi

163 2886 182 2907 a
195 2874 300 2917 Magis
319 2880 458 2918 tempus,
479 2874 668 2907 declarabat
683 2874 791 2919 ipsum
809 2887 908 2909 exor-
999 2875 1030 2908 3.
1055 2873 1140 2909 κατὰ
1161 2872 1202 2908 τὰ
1221 2877 1331 2915 scripsi
1349 2885 1418 2908 cum
1439 2877 1576 2909 Petavio.
1613 2879 1646 2909 In
1667 2879 1703 2908 li-

164 2926 217 2951 tae
242 2920 357 2952 stellae
384 2932 422 2952 ac
445 2921 615 2964 Magorum
636 2921 817 2964 responsio,
843 2926 908 2954 cett.
956 2923 1017 2953 bris
1034 2925 1097 2952 tam
1117 2922 1230 2960 scripto
1249 2931 1342 2961 quam
1362 2923 1449 2954 edilis
1466 2926 1549 2954 extat
1571 2922 1628 2955 καὶ
1648 2921 1699 2956 τὰ.

208 2965 241 2997 2.
263 2961 524 3000 ἀποκτέννυσζται
539 2969 749 3008 cod.Rhedi9.
764 2969 912 3008 eted.pr.
1003 2964 1034 2998 4.
1060 2968 1255 3000 Particulam
1283 2966 1341 3001 καὶ
1364 2968 1527 3000 delendam
1556 2978 1619 3001 esse
1649 2979 1701 3000 su-

166 3005 422 3045 dnoxrtwuonm
444 3013 490 3044 ed.
510 3015 618 3046 petav.
957 3014 1068 3053 spicer.
