2066 3319
498 199 678 232 PANARH
703 199 785 231 Liss.
807 200 846 231 u.
868 199 974 231 Toni.
997 200 1021 230 t.
1047 198 1177 230 men.
1198 197 1322 229 inv.
1603 185 1676 224 271

143 280 312 323 iustitiae
330 280 458 334 aliquo
477 279 591 319 modo
614 293 702 319 esse
724 292 862 320 caussa
888 278 1027 327 videri,
1056 279 1122 319 sed
1145 291 1165 317 e
1189 275 1384 317 contrario
1407 273 1685 328 temperantiae

143 358 258 403 atque
283 347 523 402 disciplinae.
582 344 650 387 Sic
673 353 800 387 autem
830 347 928 387 istud
952 347 1073 401 ipsum
1100 346 1320 396 considera,
1356 359 1430 399 quo
1451 343 1572 397 magis
1597 340 1686 395 quid

142 416 257 458 velim
281 430 510 469 assequare.
561 413 639 468 Qui
663 415 781 468 igitur
805 415 979 469 corporis
1007 414 1250 469 aegritudine
1280 413 1471 461 laborant,
1505 425 1580 465 qno
1603 418 1687 450 tan-

142 485 227 525 dem
257 483 510 524 deducimus?
567 482 714 523 Nonne
739 483 784 523 ad
812 483 1010 523 medicos?
1070 483 1269 536 Apparet,
1304 481 1442 534 inquit.
1506 478 1686 532 Quonam

142 566 237 594 vero
273 567 341 593 eos
375 552 439 608 qui
465 552 740 606 peccaverint?
801 550 946 592 Nonne
978 551 1022 591 ad
1056 550 1228 590 indices?
1288 547 1468 588 *Necesse
1501 555 1583 597 est,
1617 546 1684 586 ait.

141 619 361 673 Nimirum,
404 621 583 675 inquam,
626 627 667 660 ut
702 634 771 675 pro
805 620 851 659 iis
887 633 985 673 quae
1019 617 1287 658 commiserint
1318 617 1418 656 inste
1456 615 1690 670 puniantur?

142 687 304 730 Fateor.
369 687 515 729 lustum
541 702 658 743 porro
682 703 795 728 omne
821 688 961 728 honum
984 693 1099 740 atque
1124 685 1327 725 honestum
1356 691 1430 724 cst.
1486 683 1689 724 Assensns

143 765 218 798 est.
284 756 363 798 lam
399 757 462 812 qni
498 757 598 797 iuste
636 756 803 806 iudicat,
846 754 1046 810 praeclare
1087 753 1199 803 facit,
1241 760 1347 792 recte
1379 752 1479 791 enim
1521 752 1688 791 iudicat?

141 824 235 867 Non
261 826 431 880 negavit.
496 823 609 878 Quod
636 831 762 864 autem
791 825 932 863 bonum
962 830 1038 872 est,
1072 821 1188 861 etiam
1213 821 1307 861 utile
1329 820 1495 860 videtur.
1555 818 1688 872 Quare

144 895 206 950 qni
240 894 460 935 iudicantur
496 893 700 933 utilitatem
735 892 914 946 capiunt,
957 891 1093 931 borum
1131 889 1270 943 quippe
1305 902 1486 942 repressa
1519 887 1689 941 nequitia

143 962 378 1004 cruciatibus
399 962 596 1012 evellitur,
627 968 706 1001 uta
729 960 889 1000 medicis
911 958 1150 1000 sectionibus
1167 973 1212 998 ac
1234 956 1528 997 medicamentis
1550 969 1690 1010 aegro-

145 1031 312 1073 tationes
345 1030 546 1071 tolluntur.
610 1027 765 1069 Etenim
802 1042 887 1069 eum
922 1028 984 1082 qui
1019 1027 1198 1067 iniuriam
1236 1026 1373 1066 fecerit
1404 1039 1550 1080 poenas
1581 1024 1689 1064 luere

143 1100 243 1141 idem
271 1106 329 1140 est
358 1107 473 1153 atque
501 1098 630 1138 animo
668 1097 836 1151 corrigi,
871 1103 910 1136 et
936 1096 1133 1149 ingentem
1164 1094 1361 1145 morbum,
1399 1094 1469 1134 lioc
1503 1100 1563 1133 est
1594 1093 1692 1133 iniu-

145 1168 312 1220 stitiam,
347 1169 558 1222 deponere.
622 1164 716 1206 Non
740 1165 986 1205 diffitebatur.
1050 1162 1153 1217 Quid
1188 1170 1264 1202 tum
1297 1163 1459 1217 postea?
1519 1162 1582 1202 An
1616 1176 1692 1201 non

146 1251 214 1293 pro
235 1236 363 1278 delicti
388 1236 539 1276 ratione
565 1235 648 1275 iure
669 1234 715 1274 iis
741 1234 803 1288 qui
827 1233 1036 1289 puniuntur
1055 1230 1176 1286 infligi
1197 1245 1343 1286 poenas
1365 1231 1584 1280 existimas,
1614 1244 1691 1270 non

146 1305 258 1347 aliter
282 1312 396 1359 atque
418 1303 591 1358 aegrotis
622 1317 690 1358 pro
717 1304 922 1342 vulnerum
950 1301 1102 1341 ratione
1129 1300 1278 1340 medica
1303 1314 1439 1339 manus
1465 1299 1694 1340 adhibetur?

148 1373 299 1415 Annuit
323 1374 402 1414 ille.
467 1371 589 1426 lgitur
612 1371 675 1425 qui
701 1377 826 1411 morte
847 1370 960 1424 digna
984 1369 1244 1418 commiserit,
1278 1375 1500 1408 extremum
1524 1368 1561 1408 in
1587 1367 1691 1408 illum

146 1442 376 1498 supplicium
402 1440 641 1481 decernitur.
704 1437 780 1492 Qui
809 1439 975 1479 verbera
999 1437 1186 1478 meruerit
1211 1444 1278 1477 aut
1304 1436 1483 1488 vincula,
1517 1436 1692 1476 verberi-

147 1510 219 1552 bus
246 1518 312 1550 aut
335 1509 500 1550 vinculis
524 1514 745 1549 coercetur.
810 1506 918 1547 Haec
946 1506 1009 1546 ille
1040 1508 1165 1546 fassus
1192 1512 1266 1546 est.
1332 1504 1434 1545 Tum
1464 1518 1558 1558 ego,
1595 1503 1692 1544 vin-

149 1580 218 1619 clis
245 1578 398 1632 itaque,
434 1576 686 1627 verberibus,
721 1583 836 1629 atque
863 1575 897 1615 id
928 1588 1052 1629 genus
1080 1573 1277 1628 suppliciis
1307 1574 1369 1627 qui
1397 1574 1602 1614 convictus
1634 1580 1694 1614 est

150 1647 326 1697 afficitur,
361 1653 401 1687 ut
423 1646 469 1686 ab
492 1644 706 1686 sceleribus
729 1644 809 1684 suis
834 1642 1077 1698 resipiscat,
1094 1657 1140 1682 ae
1163 1642 1242 1692 sic,
1278 1650 1457 1696 tanquam
1487 1642 1690 1682 distortum

148 1716 315 1770 lignum,
349 1714 552 1754 tormentis
579 1713 802 1766 corrigitur.
866 1710 1082 1752 Verissime
1106 1711 1141 1751 id
1169 1711 1319 1765 quidem
1353 1724 1516 1759 narras,
1551 1710 1689 1764 inquit.

147 1783 240 1825 Non
268 1792 344 1824 tam
371 1783 470 1823 enim
496 1783 543 1822 ob
569 1781 821 1836 praeteritum
846 1780 991 1821 crimen
1018 1794 1128 1834 quam
1160 1779 1275 1819 futuri
1302 1778 1462 1818 cavendi
1486 1778 1610 1832 gratia
1637 1778 1694 1818 iu-

149 1853 226 1894 dex
249 1852 287 1892 in
310 1852 415 1894 illum
444 1849 733 1891 animadvertit.
798 1849 995 1904 Apparet,
1028 1847 1167 1902 inquit.
1230 1845 1382 1902 Quippe
1408 1847 1561 1888 vincula
1590 1846 1693 1887 illius

148 1922 194 1962 ad
222 1921 394 1962 facinora
421 1920 605 1973 impetum
638 1918 875 1973 reprimunt,
910 1918 996 1957 dum
1021 1930 1120 1971 quae
1148 1916 1244 1957 velit
1271 1930 1339 1970 pro
1372 1916 1532 1956 arbitrio
1566 1916 1694 1956 facere

148 2004 224 2030 non
248 1988 490 2044 permittunt.
546 1986 672 2028 Recte
694 1987 866 2027 omnino.
922 1984 1030 2039 Ergo
1051 2000 1073 2025 a
1097 1985 1294 2040 peccando
1318 1984 1558 2039 prohibetur,
1594 1984 1694 2039 quod

150 2071 236 2099 eum
273 2057 428 2098 vincula
463 2056 586 2097 libere
618 2056 657 2095 in
692 2055 910 2110 voluptates
944 2054 1194 2109 praecipitem
1232 2053 1323 2094 ferri
1357 2053 1582 2109 probibent,
1627 2053 1694 2093 sed

149 2132 402 2181 compescunt
429 2124 580 2180 potius,
621 2138 667 2165 ac
698 2124 882 2164 iustitiam
917 2123 1047 2163 colere
1076 2123 1310 2177 perdocent,
1351 2123 1474 2162 donec
1506 2121 1695 2162 eiusmodi

149 2194 404 2249 castigatione
441 2191 737 2248 temperantiam
774 2192 990 2232 condiscat.
1055 2189 1138 2241 lta,
1181 2190 1327 2245 inquit,
1371 2191 1538 2232 videtur.
1600 2188 1693 2230 Non

150 2263 267 2318 igitur
294 2262 441 2317 peccati
474 2276 652 2302 caussam
686 2261 841 2301 vincula
869 2261 1065 2301 sustinere
1099 2260 1303 2309 videntur,
1338 2260 1404 2300 scd
1439 2259 1533 2299 llaec
1566 2258 1695 2313 potius

150 2331 195 2371 ad
230 2330 394 2371 officium
432 2337 645 2380 revocant,
680 2344 724 2370 ac
755 2329 938 2370 iustiores
967 2328 1157 2378 efficiunt,
1199 2343 1284 2369 cum
1317 2329 1422 2368 velut
1451 2326 1695 2381 praesidiarii

151 2399 348 2440 cuiusdam
379 2399 650 2439 medicamenti
678 2398 763 2438 loco
789 2397 888 2449 sint,
922 2397 1069 2438 austeri
1096 2397 1248 2451 quidem
1276 2397 1378 2437 illius
1411 2410 1454 2436 ac
1486 2395 1694 2446 mordacis,

151 2468 217 2509 sed
243 2475 370 2508 tamen
395 2467 721 2522 praesentissimi.
783 2465 1038 2522 Perspicuum
1061 2465 1152 2506 illud
1177 2472 1252 2516 est,
1286 2464 1424 2518 inquit.
1479 2462 1580 2517 Quid
1608 2478 1696 2519 por-

152 2537 222 2577 ro?
262 2550 359 2591 age,
393 2550 547 2576 rursum
575 2549 671 2590 quae
704 2535 882 2590 superius
915 2535 1039 2590 posita
1070 2541 1160 2575 sunt
1189 2534 1468 2587 expendamus.
1532 2531 1623 2573 Non
1657 2540 1696 2573 tu

152 2619 292 2660 corpus
315 2604 362 2645 ob
388 2604 567 2645 delictum
599 2604 787 2658 quoddam
822 2603 975 2644 animae
1001 2602 1196 2644 vinculum
1230 2615 1319 2643 esse
1355 2600 1549 2641 statuisti?
1609 2599 1695 2655 Ego

152 2686 247 2714 vero
270 2680 416 2724 statuo,
450 2672 588 2726 inquit.
652 2673 713 2712 Ad
739 2672 833 2713 baec
856 2686 1020 2728 peccare
1044 2686 1129 2712 cum
1152 2684 1315 2724 corpore
1340 2669 1523 2719 animam,
1558 2669 1590 2710 si
1614 2671 1696 2725 qui-

154 2742 238 2782 dem
273 2742 530 2792 adulterium,
573 2741 820 2796 parricidium
854 2749 892 2782 et
926 2740 1104 2795 impietas
1137 2745 1294 2794 peccata
1325 2745 1438 2788 sunt,
1479 2752 1578 2792 quae
1610 2753 1696 2779 cum

155 2823 316 2863 corpore
341 2810 467 2850 anima
491 2811 713 2865 perpetrat?
772 2808 1100 2857 Annuenteil10‚
1137 2807 1277 2860 Atqui,
1313 2806 1490 2859 inquam,
1526 2807 1695 2847 vinctum

155 2878 281 2918 scelus
313 2878 456 2918 nullum
491 2878 734 2918 committere
768 2891 884 2933 posse
920 2877 1150 2917 fatebamur.
1213 2873 1325 2915 Fassi
1355 2874 1512 2916 omnino
1544 2889 1694 2927 sumus,

156 2945 292 2999 inquit,
327 2947 568 2987 vinculorum
595 2947 732 3001 quippe
758 2946 891 2986 dolore
914 2945 1164 2998 cruciatuque
1191 2943 1384 2998 prohiberi
1410 2943 1542 2985 etiam.
1597 2942 1697 2985 Cor-

159 3028 228 3068 pus
253 3027 347 3055 vero
375 3029 465 3055 num
494 3015 643 3056 animae
670 3014 866 3056 vinculum
892 3015 976 3055 est?
1037 3011 1271 3053 Affirmavit.
1332 3010 1559 3054 Utrumnam
1584 3012 1699 3067 igitur
