2056 3298
301 209 382 239 xvi
949 195 1205 227 PRAEFATro.

302 287 421 337 vitia,
454 297 628 337 quorum
659 283 818 324 leviora
847 283 974 325 tacite
1006 285 1238 326 correxisse
1270 285 1375 326 satis
1405 285 1553 337 habui,
1583 298 1667 327 non
1689 285 1844 339 ubique

301 372 396 402 esse
429 371 453 400 a
484 369 550 398 me
581 357 739 398 diserte
771 356 972 399 distincta
1001 370 1093 399 cum
1133 361 1248 399 recte
1281 358 1333 399 de
1373 371 1456 399 uno
1498 362 1540 399 et
1578 359 1710 400 altero
1750 359 1843 400 loco

301 432 460 474 moneri
489 430 813 481 intellexissem,
858 430 1064 472 eiusmodi
1104 434 1281 483 peccata
1309 443 1395 472 una
1426 443 1518 472 cum
1549 432 1610 473 eis
1641 444 1749 484 quae
1779 434 1844 484 ty-

302 503 510 558 pographi
542 507 584 544 et
605 503 869 556 pagellarum
893 507 1151 545 correctores
1178 503 1451 555 admiserunt,
1482 516 1590 556 quae
1617 505 1844 546 admodum

303 589 400 619 rara
428 589 504 630 pro
527 577 667 630 operis
691 577 967 630 amplitudine
1000 578 1177 619 inveniri
1206 578 1427 630 spopondi,
1459 577 1585 618 etiam
1611 578 1654 618 in
1675 578 1846 619 Adden-

303 652 450 693 dorum
476 654 549 692 aut
576 649 927 703 Corrigendorum
961 651 1152 703 syllogen
1179 651 1423 693 conicienda
1447 663 1543 692 esse
1566 651 1717 702 statui,
1747 650 1846 692 inde

303 738 400 767 vero
427 737 452 766 a
475 737 570 778 pag.
584 725 677 766 605.
700 724 763 765 ed.
787 724 930 765 Petav.
957 736 1090 776 usque
1120 725 1173 765 ad
1205 724 1345 776 operis
1375 723 1501 765 finem
1528 736 1636 776 quae
1667 726 1847 776 utraque

304 799 431 840 editio
463 799 542 840 sibi
572 798 745 851 propria
775 802 817 839 et
847 797 1078 850 peculiaria
1107 798 1261 840 habeat
1294 798 1396 839 vitia
1427 797 1539 839 omni
1570 800 1730 849 quanta
1759 808 1847 838 ma—

304 872 416 914 xima
444 872 563 925 potui
595 872 817 925 diligentia
846 871 889 912 in
922 871 1194 912 annotatione
1224 871 1419 913 indicavi.

416 946 636 999 Reliquum
669 949 734 987 est
762 948 810 986 ut
845 957 979 996 aequo
1010 945 1192 986 virorum
1223 945 1441 986 doctorum
1478 943 1633 985 iudicio
1675 955 1848 996 operam

303 1019 368 1062 his
398 1019 516 1061 libris
548 1032 572 1060 a
602 1032 668 1060 me
691 1019 938 1071 praestitam
964 1019 1248 1060 commendem
1272 1022 1398 1070 atque
1418 1029 1564 1070 rogem
1584 1029 1637 1059 ne
1655 1017 1699 1059 in
1722 1029 1850 1070 opere

304 1097 391 1135 tam
423 1093 541 1146 gravi
571 1095 740 1145 tamque
767 1092 923 1133 difficili
947 1104 1038 1134 meo
1060 1092 1205 1133 labore
1230 1095 1356 1143 atque
1379 1090 1570 1133 sollertia
1588 1091 1724 1143 magis
1748 1090 1849 1143 quid

305 1179 389 1209 non
420 1179 545 1219 quam
576 1165 676 1217 quid
706 1164 991 1218 praestiterim
1023 1165 1171 1206 malint
1200 1166 1475 1218 perpendere.

419 1240 530 1282 Viris
562 1239 818 1281 Clarissimis
851 1243 892 1280 et
922 1239 1232 1280 Eruditissimis
1265 1239 1307 1280 (¹.
1331 1238 1576 1291 Goettlingo
1607 1237 1777 1279 lenensi
1808 1240 1851 1279 et

305 1314 349 1356 F.
369 1315 416 1356 A.
435 1313 678 1355 Ecksteinio
702 1312 897 1354 Halensi.
930 1316 1056 1364 atque
1086 1313 1131 1353 R.
1154 1312 1347 1353 Fickerto
1371 1312 1717 1363 Vratislaviensi,
1749 1323 1850 1364 quo-

305 1400 397 1428 rum
429 1386 630 1428 beneficio
661 1386 794 1427 debeo
825 1390 871 1427 ut
902 1386 1089 1427 codicum
1122 1386 1371 1438 scriptorum
1404 1385 1594 1427 lenensis
1622 1388 1664 1426 et
1684 1385 1850 1426 Vratis-

306 1460 509 1502 laviensis
543 1459 805 1512 amplissima
842 1459 942 1499 mihi
974 1459 1094 1511 copia
1124 1459 1261 1509 fieret,
1300 1460 1329 1499 I.
1356 1459 1502 1501 Geelio
1533 1459 1753 1509 Leidensi‚
1784 1470 1853 1500 cu-

306 1533 372 1575 ius
395 1533 657 1574 humanitate
681 1532 838 1574 factum
865 1535 930 1573 est
952 1535 1000 1572 ut
1021 1533 1102 1574 Ios.
1126 1532 1327 1582 Scaligeri
1349 1532 1680 1583 emendationes,
1713 1544 1850 1573 exem-

307 1607 366 1660 pli
408 1606 605 1648 editionis
645 1607 751 1658 Opp.
781 1605 1008 1658 Epiphanii
1039 1606 1320 1647 Basileensis.
1362 1605 1474 1658 quod
1514 1605 1558 1646 in
1599 1604 1855 1646 bibliotheca

308 1680 562 1722 Academiae
591 1679 815 1721 Leidensis
848 1680 901 1731 (v.
925 1680 1056 1721 Catal.
1080 1692 1175 1732 pag.
1197 1680 1261 1720 39.
1294 1679 1492 1731 Theolog.
1517 1679 1630 1729 378.)
1662 1690 1855 1720 asserva-

307 1757 395 1805 tm,
424 1752 683 1805 marginibus
716 1753 977 1806 adscriptae,
1008 1755 1334 1805 excerperentur
1364 1755 1673 1805 excerptaeque
1704 1752 1759 1794 ad
1787 1764 1854 1793 me

309 1826 709 1875 transmitterentur,
732 1827 814 1867 Ios.
830 1826 1141 1877 Valentinellio,
1172 1826 1451 1868 bibliothecae
1477 1825 1719 1867 Marcianae
1742 1824 1856 1878 apud

309 1900 496 1941 Venetos
521 1899 754 1952 praefectm
786 1899 874 1940 viro
904 1912 1066 1941 morum
1097 1899 1308 1941 suavitate
1339 1898 1752 1940 commendatissimo
1779 1897 1855 1939 mi-

311 1973 437 2026 hique
468 1973 743 2017 amicissimo.
775 1973 844 2025 qui
868 1973 1100 2026 scripturas
1119 1972 1273 2014 codicis
1288 1972 1493 2015 Marciani
1511 1972 1554 2014 in
1571 1984 1695 2014 usum
1713 1983 1853 2013 meum

312 2047 508 2088 sollerter
537 2046 835 2088 exscribendas
868 2046 1047 2096 curavit,
1091 2046 1156 2087 his
1189 2046 1381 2088 omnibus
1417 2049 1584 2098 gratum
1613 2057 1773 2097 meum,
1809 2049 1857 2086 ut

312 2131 390 2172 par
421 2123 509 2171 est,
554 2120 634 2161 hac
671 2120 1067 2162 commemoratione
1106 2120 1289 2162 animum
1331 2119 1497 2173 publice
1533 2122 1686 2171 testor,
1727 2121 1858 2171 utque

315 2205 483 2246 semper
512 2192 614 2233 mihi
643 2192 814 2234 faveant
846 2193 971 2235 etiam
1005 2197 1131 2246 atque
1162 2194 1289 2235 etiam
1318 2206 1434 2246 rogO.

477 2293 637 2347 Scripsi
664 2293 801 2336 Halae
833 2295 1045 2337 Saxonum

371 2379 516 2409 mense
545 2367 717 2409 Octobri
741 2368 840 2410 anni
866 2368 1159 2412 MDCCCLIX.

1248 2488 1554 2537 Franciscus
1591 2488 1789 2536 Oehler.
