2035 3309
548 186 728 218 PANAan
753 187 835 218 ΜΒ.
854 187 892 219 11.
917 187 1022 219 Tou.
1047 191 1069 220 i.
1095 188 1225 221 ΗΑΕΡ..
1245 190 1296 221 [Α.
1637 185 1688 222 49

154 268 212 308 lus
237 279 414 321 serpens,
449 266 509 319 qui
533 265 729 313 dictamni,
764 266 824 306 vel
845 268 1027 321 styracis,
1063 276 1123 307 aut
1150 269 1372 315 libanitidis,
1408 278 1472 309 ant
1495 271 1687 321 abrotoni,

155 343 220 376 aut
246 333 465 383 bituminis,
500 341 565 374 aut
591 335 762 383 suffitus,
796 342 861 374 aut
881 343 1041 388 gagatae
1068 336 1226 390 lapidis,
1273 346 1336 376 ant
1359 340 1522 392 «leuique
1546 339 1690 378 cervini

155 418 276 444 cornu
304 403 459 442 odorem
486 417 560 442 non
586 403 766 442 sustinet.
830 401 900 442 His
924 403 1022 442 enim
1051 404 1164 444 relius
1187 414 1387 458 serpentes
1413 422 1456 446 ac
1483 416 1693 448 venenatas

155 472 299 512 bestias
323 470 422 524 abigi
446 471 634 525 proditum
658 471 703 510 ab
726 471 771 511 iis
796 479 854 511 est
877 471 937 524 qui
964 472 996 511 id
1025 486 1093 512 usu
1121 473 1438 528 experientiaque
1461 477 1689 516 didit-erunt.

156 539 269 594 Quod
303 554 396 581 vero
428 540 472 579 ad
508 539 739 579 dictamnum
774 542 961 594 pertinet,
1005 541 1091 580 inde
1123 555 1211 580 esse
1238 541 1376 580 dietum
1406 543 1574 597 plerique
1604 559 1693 584 een-

155 617 265 659 sent,
311 609 408 662 quod
441 608 484 648 ad
513 608 803 661 parturientium
838 608 1005 647 remedia
1039 623 1058 648 a
1094 609 1252 648 medicis
1278 610 1495 652 adhibetur.
1560 612 1692 666 Quare

156 678 294 718 merito
319 677 354 716 id
380 676 510 716 divino
538 676 680 726 verbo,
727 677 798 716 deo
824 676 974 730 inquam
1001 676 1062 730 qui
1088 678 1132 715 de
1155 678 1263 716 coelo
1288 678 1464 732 delapsus
1487 688 1566 730 est,
1614 689 1651 721 et
1675 697 1694 721 a

156 754 263 802 patre
289 746 373 786 sine
400 745 475 784 nllo
502 752 673 799 tempore
705 752 764 784 est
789 752 854 784 aut
883 744 991 784 initio
1023 745 1200 797 genitus,
1246 760 1265 785 a
1297 747 1407 786 nobis
1431 751 1694 789 aet-unimoda-

158 823 234 856 tur.
297 812 409 867 Quod
438 827 531 852 vero
558 812 742 853 Salomon
766 814 811 853 de
835 813 972 853 stolida
996 827 1039 852 ac
1061 828 1222 867 nequam
1247 816 1408 854 muliere
1432 817 1544 866 dicit,
1579 821 1697 855 (ulisse

158 886 260 923 illam
281 885 496 921 securitatis
514 896 730 929 sermonem,
767 882 837 921 boc
860 882 905 921 ad
929 882 1024 921 istos
1050 884 1248 922 transferri
1275 890 1416 938 potest,
1447 884 1512 938 *qui
1537 887 1695 924 solidam

159 966 204 992 ac
237 958 479 992 constantem
516 949 728 990 doctrinam
765 951 917 1004 penitus
948 951 1127 991 oderunt.
1192 950 1344 991 Terrae
1378 953 1564 1006 siquidem
1596 954 1696 993 allixi

159 1027 306 1060 suntet
329 1034 349 1058 a
371 1019 605 1058 coelestibus
631 1019 856 1058 abhorrent.
921 1016 1089 1073 Ideoque
1113 1034 1247 1059 vocem
1271 1021 1372 1060 illam
1396 1022 1517 1061 sancti
1541 1022 1698 1076 spiritus

159 1088 483 1144 perhorrescunt:
531 1090 612 1126 1⁷0oe
636 1090 778 1126 domz'm'
792 1091 1056 1139 praeparantis
1084 1103 1224 1127 ceruos.
1290 1087 1367 1141 Qui
1396 1090 1546 1143 quidem
1571 1091 1696 1130 servis
1720 1097 1829 1156 {3³¹4ss-

160 1158 239 1198 suis
265 1164 302 1197 et
323 1156 508 1211 apostolis
534 1155 632 1196 dixit
646 1187 656 1207 ,
701 1159 800 1195 Eece
821 1159 908 1195 dede·
928 1158 1027 1195 vobss
1047 1165 1266 1208 potestateve
1290 1160 1465 1197 calcandi
1482 1174 1594 1211 snper·
1618 1174 1696 1197 ser·
1718 1150 1843 1200 Eu'csio,
1862 1165 1902 1192 19.

154 1234 285 1278 pentes
305 1234 343 1264 et
361 1228 588 1277 scorpiones,
624 1233 661 1264 et
680 1240 793 1277 snper
815 1240 953 1264 omnem
978 1228 1148 1264 virtutem
1169 1229 1324 1267 inimici.
1387 1226 1495 1267 Haec
1517 1228 1616 1267 enim
1639 1228 1701 1267 illa

160 1308 241 1334 vox
266 1301 350 1334 erat
372 1309 499 1333 cervos
518 1308 774 1346 praeparans,
819 1307 916 1347 quae
943 1308 1011 1348 per
1035 1302 1192 1334 sanctos
1219 1296 1415 1349 apostolos
1444 1303 1482 1336 et
1506 1296 1702 1349 evangeli-

162 1370 241 1403 stas
276 1377 345 1417 per
375 1363 506 1403 orbem
540 1370 599 1403 est
621 1362 803 1417 dissipata
835 1362 886 1402 uti
916 1362 1054 1402 diaboli
1080 1363 1228 1403 hostilis
1257 1364 1300 1403 ad
1329 1365 1617 1418 repugnandum
1643 1365 1701 1404 vis

161 1438 200 1472 et
234 1431 392 1471 audacia
428 1432 735 1485 proculcaretur.
807 1429 884 1471 Sed
919 1444 971 1470 ex
1004 1432 1264 1485 apostolorum
1302 1447 1463 1472 numero
1499 1433 1702 1487 praecipue

162 1497 330 1540 Ioannes
357 1500 508 1550 extitit,
543 1499 605 1554 qui
635 1502 800 1539 animum
827 1499 1033 1539 intendens
1056 1514 1261 1541 caecorum
1289 1502 1449 1541 istorum
1475 1515 1520 1541 ac
1544 1514 1704 1556 serpen-

163 1568 263 1609 tibus
295 1567 475 1608 similium
509 1568 717 1622 potentiam
751 1568 994 1622 reprimeret.

274 1634 516 1691 Quamquam
537 1637 627 1677 niliil
645 1637 833 1677 adversus
853 1651 979 1677 arcam
1001 1644 1163 1678 conatus
1182 1637 1342 1677 istorum
1364 1638 1528 1692 proficit.
1578 1635 1702 1690 Quam
1732 1648 1807 1691 Cap.
1835 1649 1872 1679 ΙΙ.

163 1704 251 1746 ideo
274 1705 423 1745 munire
455 1720 499 1745 ac
528 1705 680 1746 lirmare
706 1712 862 1746 sanctus
888 1703 979 1746 No&
1011 1705 1138 1745 divina
1166 1720 1264 1746 voce
1293 1713 1575 1746 commonetur.
1638 1704 1705 1746 Sic

166 1775 267 1815 enim
293 1774 387 1814 deus
414 1774 620 1829 praecipit:
655 1777 782 1813 Lz'm'es
806 1788 882 1812 eam
909 1775 1084 1814 bitumine
1109 1778 1209 1813 intus
1234 1782 1272 1813 et
1292 1776 1404 1827 foris.
1469 1772 1522 1815 Ut
1543 1780 1701 1814 sanctae
1722 1789 1832 1822 cene,
1850 1789 1890 1816 14.

166 1842 228 1883 dei
250 1843 441 1883 eeclesiae
463 1843 630 1897 speciem
653 1842 881 1897 praeberet,
916 1856 1011 1896 qnae
1035 1842 1233 1882 bituminis
1255 1843 1329 1882 vim
1353 1842 1489 1893 habet,
1525 1857 1597 1896 qua
1621 1856 1706 1897 per-

167 1911 315 1953 niciosa
356 1926 401 1952 ac
443 1911 595 1951 letifera
634 1918 855 1963 serpentum
895 1911 1072 1965 dogmata
1110 1911 1397 1966 propulsantur.
1466 1909 1706 1965 Ubicumque

168 1980 267 2020 enim
295 1979 466 2020 bitumen
492 1981 668 2030 suffiunt,
702 1979 827 2019 nullus
853 1979 902 2019 ibi
929 1993 1090 2034 serpeus
1115 1987 1303 2020 moratur.
1368 1977 1591 2033 Quinetiam
1618 1994 1707 2020 san-

169 2055 229 2089 cto
255 2048 423 2104 styracis
450 2048 584 2089 nidore
612 2048 836 2102 sopiuntur,
872 2048 979 2088 cuius
1005 2049 1162 2089 odorem
1193 2049 1366 2103 fugiunt,
1400 2056 1441 2089 ut
1466 2056 1503 2089 et
1530 2048 1706 2088 abrotoni

169 2118 252 2158 sive
276 2117 484 2158 libanitidis
509 2117 585 2157 vim
602 2149 611 2167 ‚
646 2117 677 2157 si
701 2131 815 2171 supra
841 2117 1034 2172 serpentis
1059 2117 1255 2158 latibulum
1280 2117 1428 2157 consita
1452 2117 1567 2185 fuerit
1594 2124 1706 2171 atque

168 2186 376 2241 pullularit.
440 2184 594 2226 Etenim
626 2185 759 2225 iisdem
784 2185 858 2226 illis
885 2186 921 2225 in
950 2186 1066 2237 locis,
1099 2186 1136 2226 in
1163 2185 1299 2240 quibus
1326 2186 1465 2225 nudum
1495 2185 1703 2235 hominem,

170 2261 285 2295 etex
316 2253 516 2309 utriusque
552 2268 672 2294 sexus
705 2254 979 2295 coniunctione
1012 2262 1136 2296 satum
1172 2269 1259 2294 esse
1285 2251 1483 2295 Christum
1512 2253 1635 2293 Ebion
1671 2260 1708 2292 et

171 2321 381 2364 Cerintbus
407 2337 491 2363 cum
517 2323 597 2363 suis
619 2336 797 2363 asserere
821 2323 903 2363 ausi
927 2331 1039 2374 sunt,
1075 2323 1147 2363 hoc
1171 2330 1231 2363 est
1252 2323 1290 2363 in
1314 2323 1433 2372 Asia,
1466 2321 1605 2361 ibidem
1631 2321 1708 2375 spi-

170 2391 267 2432 ritus
290 2398 449 2432 sanctus
474 2391 575 2432 illam
600 2391 706 2431 velut
731 2391 885 2431 herbam
908 2391 1193 2432 sanctissimam
1219 2398 1283 2431 aut
1309 2391 1484 2430 fruticem
1511 2390 1547 2429 in
1576 2389 1707 2429 orbem

171 2460 332 2510 extulit,
378 2474 452 2515 quo
485 2467 524 2500 et
553 2474 715 2514 serpeus
744 2459 967 2513 abigeretur
996 2468 1034 2501 et
1065 2461 1292 2516 tyrannicus
1324 2458 1462 2498 diaboli
1490 2458 1707 2498 dominatus

171 2536 430 2570 everteretur.
494 2527 575 2568 lllic
599 2528 785 2582 siquidem
810 2529 848 2569 b.
874 2527 1041 2570 Ioannes
1064 2530 1200 2570 affecta
1230 2527 1303 2568 iam
1334 2533 1460 2567 aetate
1484 2526 1706 2581 praedicare

172 2598 294 2638 sancti
319 2597 477 2652 spiritus
505 2597 657 2637 hortatu
683 2597 859 2648 iubetur,
903 2605 941 2638 et
967 2605 1143 2638 errantes
1172 2611 1193 2637 a
1219 2597 1280 2636 via
1304 2608 1515 2646 revocare3
1558 2609 1634 2635 non
1668 2601 1707 2634 ut

172 2667 209 2706 vi
233 2680 276 2706 ac
301 2666 535 2706 necessitate
560 2672 741 2718 cogeret,
784 2667 850 2706 sed
875 2673 917 2706 ut
940 2674 1076 2720 sponte
1104 2680 1150 2706 ac
1173 2665 1349 2704 volentes
1372 2663 1594 2713 induceret,
1639 2662 1706 2702 iis-

173 2736 336 2790 demque
358 2741 491 2789 postea
512 2734 680 2774 divinum
707 2733 887 2775 coelestis
909 2735 1108 2775 doctrinae
1132 2734 1258 2774 lumen
1283 2731 1511 2786 impertiret.
1540 2724 1704 2772 ’Verum

174 2803 261 2858 quid
289 2817 360 2856 ego
383 2803 428 2843 de
449 2816 495 2843 ea
520 2816 562 2843 re
586 2802 727 2843 diutius
752 2803 930 2858 disputo?
990 2801 1234 2856 Quicumque
1258 2800 1357 2840 enim
1384 2800 1420 2839 in
1447 2813 1492 2840 eo
1515 2799 1600 2840 loco
1628 2814 1707 2839 ma-

175 2879 263 2923 net,
296 2871 361 2912 ubi
386 2871 616 2912 abrotonum
643 2871 833 2912 consitum
857 2878 939 2922 est,
974 2871 1099 2911 nullus
1121 2868 1173 2909 ibi
1200 2868 1368 2908 manebit
1391 2868 1599 2922 latebitque
1626 2881 1708 2908 ser-

175 2953 285 2995 pens.
349 2937 417 2980 Sic
440 2938 503 2980 ubi
531 2952 623 2980 vera
649 2947 708 2981 est
732 2939 792 2981 dei
819 2940 1015 2989 doctriua,
1060 2937 1163 2978 nulla
1187 2943 1403 2977 venenatae
1429 2936 1627 2978 doctrinae
1654 2936 1707 2976 la-

177 3007 286 3048 tebra
316 3007 393 3047 vim
426 3006 580 3047 habebit
609 3008 796 3062 aliquam,
829 3009 895 3048 sed
928 3006 1097 3047 funditus
1130 3005 1293 3046 occidet.

254 3072 369 3108 Corpus
388 3071 565 3100 Βᾶθι-65001.
584 3072 621 3099 11.
640 3075 665 3101 2.
1413 3078 1438 3115 4
