2056 3298
526 199 704 232 PANARII
731 199 813 230 LlB.
831 199 868 230 ll.
893 200 999 231 TOM.
1019 201 1040 231 1.
1067 200 1195 231 HAER.
1212 200 1367 230 XLVlll.
1667 189 1714 229 31

188 278 298 333 quale
328 276 540 318 Montanus
575 278 710 328 linxit,
745 279 811 318 sed
848 278 918 317 hoc
950 293 1064 318 unum
1096 280 1318 333 pollicetur:
1365 279 1576 329 Fulgebunt
1603 279 1721 329 facies

187 354 331 385 vestrae
353 349 453 384 sicut
470 347 539 384 sol.
589 344 723 399 ltaque
746 361 830 386 cum
856 346 887 385 is
913 360 1030 400 penes
1052 361 1162 400 quem
1186 347 1310 386 omnis
1338 354 1395 385 est
1420 353 1605 400 potestas,
1640 345 1723 399 qui-

187 428 259 468 que
292 427 386 455 vere
419 413 587 454 omnium
623 413 800 454 dominus
834 421 915 463 est,
950 412 1154 463 Christus,
1191 415 1366 468 inquam,
1405 413 1513 454 lesus
1545 414 1720 454 dominus

187 490 344 534 noster,
377 482 471 522 solis
503 482 628 521 instar
659 482 906 522 illustrandos
941 496 1028 521 esse
1062 482 1248 521 iustorum
1276 482 1404 521 vultus
1439 482 1615 531 deliniat,
1649 496 1723 534 qua

188 552 315 590 fronte
342 549 520 604 centuplo
549 550 737 590 clariores
773 552 854 590 sore
881 548 1093 589 Montanus
1122 551 1310 589 affirmat?
1369 549 1456 589 Nisi
1492 552 1590 589 l'orte
1623 551 1722 590 illius

188 632 230 659 es
262 618 423 668 similis,
464 618 525 671 qui
561 617 596 657 id
631 618 762 672 primis
796 617 1013 657 hominibus
1047 616 1321 671 pollicebatur:
1366 620 1486 655 Erilis
1521 621 1618 656 sicu!
1650 621 1715 665 (lii,

188 685 328 740 quique
354 693 393 726 ut
415 685 462 726 ab
489 700 534 725 ea
561 700 672 739 quam
698 686 896 726 consecuti
922 687 1071 725 l'uerant
1096 686 1219 739 gloria
1242 699 1285 724 ac
1309 686 1485 739 paradiso
1510 686 1723 726 deiiceren-

188 761 250 795 tur
275 761 313 795 et
336 754 373 794 in
397 754 506 794 exitii
536 754 792 809 corruptelam
817 754 1063 794 incurrerent
1087 753 1295 793 calliditate
1318 767 1386 793 sua
1413 753 1588 806 perfecit.

307 820 385 863 Sed
414 823 508 862 haec
529 822 686 876 insuper
707 820 919 862 Montanus
941 822 1092 862 adiicit:
1127 824 1211 873 Ego
1233 819 1313 861 suin
1337 824 1505 860 (lominus
1525 824 1627 869 deus,
1662 827 1729 874 qni

187 894 224 930 in
253 893 398 930 homine
418 906 558 930 versor.
623 888 832 930 Praeclare
857 890 1009 944 quidem
1035 904 1105 931 nos
1131 889 1322 944 scriptura
1350 903 1461 929 sacra
1489 896 1526 929 et
1558 904 1722 930 consen-

188 966 302 999 tanea
335 958 407 998 sibi
439 958 562 999 sancti
596 958 753 1011 spiritus
786 958 958 998 doctrina
988 958 1288 998 commonitione
1323 973 1391 999 sua
1426 965 1643 1013 comparat,
1684 966 1724 998 ut

188 1040 286 1082 quae
308 1027 423 1067 alieni
446 1034 536 1067 sunt
558 1026 716 1081 spiritus
740 1027 785 1066 ad
811 1026 892 1067 veri
915 1026 1165 1067 imitationem
1191 1027 1354 1067 conficta
1378 1027 1555 1081 dogmata
1587 1041 1631 1067 ac
1658 1041 1724 1066 vc-

187 1095 292 1136 ritati
318 1096 513 1135 contraria
545 1095 827 1135 discernamus.
891 1092 1031 1135 Statim
1066 1095 1166 1135 enim
1200 1109 1245 1135 ac
1268 1093 1481 1136 Montanus
1509 1096 1579 1135 hoc
1611 1096 1722 1145 dixit,

189 1177 234 1204 ea
260 1163 371 1204 nobis
398 1164 435 1203 in
461 1163 684 1203 memoriam
711 1163 914 1204 revocavit
937 1177 1035 1217 quae
1063 1178 1084 1203 a
1109 1163 1264 1203 domino
1295 1163 1565 1218 praenuntiata
1591 1164 1724 1218 legun-

1772 291 1848 318 Man
1857 291 1883 318 ll.

1776 328 1816 359 1³,
1838 328 1876 354 43.

1748 632 1821 659 Gen.
1839 633 1866 667 3,
1884 634 1908 660 ὖ.

1751 832 1828 875 Cap.
1845 833 1905 865 Xl.

189 1240 266 1272 tur.
330 1230 388 1272 lta
417 1232 517 1271 enim
543 1231 581 1271 in
607 1231 810 1285 evangelio
842 1238 1004 1272 testatus
1033 1239 1113 1271 est:
1147 1234 1231 1283 Ego
1256 1235 1342 1271 veni
1359 1236 1395 1271 in
1421 1236 1566 1282 noJm'ne
1583 1236 1720 1284 patris,
1737 1243 1917 1278 Ioann.5‚⁴3

187 1308 226 1340 et
246 1315 318 1340 non
340 1303 556 1351 suscepistis
580 1315 657 1339 me:
692 1302 790 1339 [llius
813 1303 932 1339 veniet
956 1304 993 1339 in
1018 1303 1164 1339 nomine
1192 1315 1258 1339 sno
1271 1331 1281 1348 ,
1316 1309 1353 1339 e!
1376 1304 1483 1340 talem
1505 1304 1719 1353 suscipient.

189 1367 384 1423 Quocirca
410 1366 641 1408 Montanum
665 1382 685 1408 a
712 1369 836 1408 sacris
867 1368 990 1409 literis
1023 1369 1229 1409 dissentire
1257 1369 1413 1409 omnino
1442 1369 1726 1410 demonstravi-

189 1451 298 1487 mus,
334 1437 447 1490 idque
474 1436 616 1476 nemini
642 1451 717 1476 non
743 1437 984 1491 perspicuum
1012 1444 1070 1477 est
1097 1437 1158 1491 qui
1190 1438 1272 1478 eius
1301 1437 1443 1492 scripta
1468 1452 1552 1478 cum
1585 1437 1725 1477 iudicio

188 1505 418 1546 revolverit.
483 1502 595 1557 Quod
619 1504 649 1544 si
675 1504 725 1543 ita
749 1512 829 1554 est,
864 1512 985 1546 restat
1006 1513 1045 1545 ut
1068 1513 1144 1545 tam
1168 1506 1248 1560 ipse
1275 1506 1321 1545 ab
1344 1505 1509 1546 ecclesia
1536 1506 1724 1546 catholica

189 1573 340 1614 alienus
361 1572 610 1613 existimetur
638 1587 748 1626 quam
776 1573 860 1613 eius
885 1573 1083 1624 haeresis,
1118 1588 1213 1628 quae
1237 1574 1443 1628 prophetas
1473 1588 1517 1613 ac
1541 1574 1725 1614 coelestia

188 1642 253 1682 illa
282 1641 380 1681 dona
414 1654 532 1695 penes
562 1654 604 1681 se
640 1655 727 1681 csse
760 1642 979 1695 praedicat,
1013 1656 1108 1696 quae
1138 1656 1378 1696 nequaquam
1407 1643 1622 1696 acceperit,
1658 1643 1725 1682 sed

190 1709 236 1750 ab
263 1709 310 1749 iis
337 1709 463 1764 potius
490 1708 714 1749 desciverit.
777 1707 924 1763 Ecquis
957 1709 1097 1764 igitur,
1131 1711 1162 1751 si
1191 1711 1382 1765 paululum
1414 1711 1501 1764 quid
1535 1710 1638 1750 dicat
1668 1710 1726 1750 in-

189 1777 361 1831 telligat,
396 1777 603 1832 prophetas
634 1777 755 1827 istos,
789 1791 834 1817 ac
867 1792 942 1817 non
978 1778 1111 1832 planos
1144 1785 1181 1819 et
1207 1786 1451 1819 veteratores
1479 1778 1725 1833 appellandos

191 1846 378 1887 censeat?
439 1843 620 1886 Christus
656 1845 756 1885 enim
789 1859 859 1886 nos
883 1846 1011 1887 docuit
1044 1853 1103 1887 et:
1137 1849 1341 1899 Spiritum,
1379 1846 1524 1901 inquit,
1551 1849 1726 1898 paraele-

192 1922 267 1954 lum
289 1917 430 1953 millam
452 1917 502 1953 ad
524 1929 600 1953 vos,
652 1912 740 1954 Nec
765 1929 839 1954 non
863 1915 1059 1956 miraculis
1087 1915 1198 1956 editis
1223 1915 1373 1956 aiebat:
1408 1918 1478 1954 Ille
1501 1930 1556 1954 me
1575 1917 1726 1967 glorifi-

189 1984 303 2022 cabit.
368 1981 481 2036 Quod
518 1982 631 2022 etiam
668 1983 796 2038 reipsa
830 1983 1040 2036 contigisse
1073 1984 1290 2034 cernimus,
1333 1998 1379 2024 eo
1411 1984 1510 2038 quod
1542 1984 1723 2039 apostoli,

191 2066 275 2092 cum
294 2050 530 2106 paracletum
546 2051 720 2106 spiritum
740 2052 997 2106 accepissent,
1025 2049 1222 2093 Christum
1244 2052 1576 2106 glorificaverunt.
1610 2051 1725 2093 Mon-

191 2128 306 2161 tanus
329 2133 424 2159 vero
450 2133 558 2160 suam
583 2120 666 2174 ipse
692 2120 852 2174 gloriam
878 2119 1062 2161 celebrat.
1124 2119 1314 2161 Dominus
1336 2128 1483 2176 patrem
1507 2135 1617 2161 suum
1644 2121 1727 2174 glo-

191 2188 372 2229 rificavit.
437 2186 542 2228 ldem
567 2187 631 2228 ille
656 2188 830 2243 spiritum
857 2203 1008 2243 quoque
1032 2189 1286 2243 glorificavit,
1320 2204 1405 2230 cum
1430 2189 1605 2230 veritatis
1639 2203 1725 2230 esse

192 2256 367 2312 spiritum
391 2256 534 2296 docuit.
597 2254 811 2297 Montanus
835 2271 951 2297 unum
974 2271 1016 2298 se
1039 2258 1250 2312 glorificat,
1283 2272 1328 2298 ac
1353 2265 1498 2313 patrem
1523 2271 1610 2298 6556
1636 2258 1727 2298 dicit

195 2325 524 2379 omnipotentem,
559 2324 621 2379 qui
647 2324 685 2364 in
711 2339 800 2366 sese
831 2325 997 2376 habitet,
1033 2333 1069 2366 ut
1102 2325 1191 2367 illud
1217 2327 1374 2367 omnino
1404 2332 1577 2377 constet,
1612 2326 1724 2366 talem

193 2407 280 2434 eum
307 2407 382 2433 non
414 2406 503 2434 esse
534 2393 683 2447 qualem
716 2407 759 2434 se
788 2394 909 2434 videri
937 2394 1129 2446 voluerit,
1164 2408 1234 2435 nec
1263 2394 1309 2435 ab
1337 2394 1495 2435 coelesti
1522 2395 1585 2435 illo
1618 2400 1725 2450 patre

192 2461 378 2512 missum,
413 2475 484 2501 nec
510 2476 531 2501 a
556 2459 713 2502 Christo
737 2461 937 2517 quicquam
968 2463 1181 2518 accepisse.
1243 2462 1345 2503 Nam
1371 2462 1409 2502 in
1434 2463 1588 2503 domino
1621 2478 1725 2504 com-

1746 1849 1846 1877 loann-

1746 1886 1787 1920 16,
1809 1886 1848 1913 1⁴.

193 2529 337 2586 placuit
356 2544 494 2568 omnem
514 2532 779 2582 plenitudinem
801 2533 1005 2571 divinitatis·
1027 2533 1198 2571 habitare
1218 2533 1486 2583 cos=p01·allte1·‚·
1521 2539 1559 2572 et
1579 2533 1624 2572 de
1645 2533 1724 2587 ple·
1744 2547 1808 2575 Cot.
1827 2548 1852 2583 2,
1872 2549 1895 2575 9.

194 2597 367 2638 nitudine
393 2598 476 2638 eius
501 2598 710 2653 prophetae
736 2613 870 2640 omnes
896 2607 1144 2655 acceperunt,
1178 2607 1217 2640 ut
1238 2597 1405 2639 Ioannes
1432 2600 1607 2641 affirmat.
1656 2599 1725 2641 Vi-

194 2667 262 2707 des
292 2680 386 2707 sane
412 2667 730 2721 quemadmodum
755 2665 952 2708 Christum
981 2675 1136 2709 veteres
1163 2682 1296 2708 omnes
1333 2668 1610 2722 praedicarint,
1646 2676 1724 2710 tum

196 2735 258 2790 qui
283 2742 417 2790 postea
444 2735 568 2776 secuti
591 2743 681 2776 sunt
705 2733 904 2777 Christum
936 2737 1143 2791 praeconio
1169 2750 1239 2776 suo
1273 2742 1312 2776 et
1345 2737 1591 2777 consessione
1623 2738 1724 2778 cele-

193 2802 356 2844 brarint.
417 2803 473 2844 At
495 2801 708 2844 Montanus
740 2804 931 2845 violenter
960 2804 1120 2859 irrupit,
1154 2803 1354 2844 mirificum
1385 2805 1573 2858 quendam
1603 2805 1724 2846 homi-

195 2885 282 2911 nem
304 2885 347 2912 se
369 2885 456 2912 esse
478 2871 673 2923 iactitans,
708 2879 750 2913 ut
773 2873 832 2913 vel
857 2872 928 2913 hoc
948 2872 1032 2928 ipso
1055 2886 1127 2912 nec
1149 2872 1335 2912 eiusmodi
1357 2886 1461 2924 esse,
1496 2887 1567 2915 nec
1591 2874 1637 2914 ab
1660 2874 1724 2914 illo

196 2940 360 2991 missus,
394 2954 465 2981 nec
496 2940 541 2981 ab
574 2954 620 2982 eo
653 2940 853 2995 quicquam
886 2941 1083 2995 accepisse
1114 2947 1366 2981 monstretur.
