2066 3319
518 201 698 233 PANARII
723 201 806 232 LIB.
826 202 866 233 II.
890 202 998 234 TOM.
1018 203 1041 234 I.
1066 202 1197 234 HAER.
1216 203 1334 235 LVIII.
1619 195 1693 233 171

158 282 356 332 obtinent,
391 280 491 335 quod
524 279 748 320 certaminis
780 279 901 334 ipsius
934 295 982 320 nc
1018 282 1264 322 meminerint
1291 282 1458 336 quidem.
1523 279 1636 336 Quod
1667 282 1699 322 si

157 351 406 405 cupiditatum
433 348 782 401 illecebrarumquc
809 349 1089 400 recordentur,
1123 365 1207 390 cum
1232 352 1330 404 quod
1365 352 1467 390 l'actn
1499 358 1559 390 est
1590 352 1699 390 nel'as

156 419 308 459 efficere
335 417 440 458 nullo
467 416 581 456 modo
607 415 773 470 possint,
808 416 845 456 in
872 430 917 455 eo
940 418 1038 470 qnod
1062 418 1257 458 abstinent
1283 419 1373 458 nihil
1397 419 1586 459 mercedis
1612 432 1700 473 pro-

156 493 372 527 merentur.
434 483 576 538 Neque
599 484 700 524 enim
727 498 779 525 ex
808 498 854 524 eo
884 486 982 538 quod
1012 486 1216 526 admittere
1247 486 1466 536 noluerint,
1502 487 1568 527 sed
1599 487 1699 541 quod

157 569 233 594 non
258 553 470 608 potuerint,
506 566 580 592 non
606 559 666 592 est
689 552 735 591 ab
758 553 832 592 illis
858 553 1006 592 l'acinns
1031 553 1118 593 illud
1145 554 1269 606 reipsa
1295 556 1522 608 profectum.
1570 555 1699 608 Atque

156 622 228 663 hoc
256 623 418 678 primum
447 628 507 661 est
533 622 746 675 spadonum
780 635 904 674 genus
931 621 1074 660 domini
1104 622 1281 661 oratione
1307 623 1564 673 declaratum,
1600 624 1698 677 quod

155 691 231 731 iam
255 697 330 731 tum
357 690 492 730 matris
518 703 571 729 ex
596 698 707 729 utero
733 689 887 743 prodiit.
950 687 1058 728 Inter
1081 703 1177 743 qnos
1204 704 1316 729 nemo
1342 690 1428 730 illos
1453 691 1645 731 retulerit.

268 761 321 798 Et
348 766 437 797 sem!
467 760 649 805 cunuchi,
685 758 738 798 ait
769 757 965 807 salvator,
1005 760 1073 809 qm·
1099 759 1145 796 ab
1178 760 1386 797 hominibus
1419 761 1704 812 eemeoelzz'sacle'
1727 766 1803 807 Cap.
1827 766 1879 795 tv.

154 835 265 875 suu&
306 842 327 866 a
359 826 496 881 quibus
529 826 681 880 priores
712 825 857 865 diversi
887 832 991 865 sunt.
1057 825 1105 865 Hi
1140 825 1241 865 cuim
1277 841 1361 866 cum
1391 827 1462 867 liae
1495 827 1603 867 clade
1632 842 1699 867 na-

155 902 342 945 scuntur,
378 895 617 950 posteriores
642 901 770 933 autem
800 895 846 933 ad
878 893 1042 947 aliquem
1079 908 1211 948 regum
1247 902 1312 935 aut
1342 895 1555 951 principum
1589 911 1699 936 usum

156 965 331 1004 castrati.
395 961 548 1018 Quippe
571 962 725 1003 barbari
752 962 904 1016 qnidam
930 976 1045 1015 reges
1071 969 1136 1002 aut
1161 963 1332 1018 tyranni,
1367 963 1561 1018 zelotypia
1586 971 1700 1018 atque

154 1033 193 1073 in
217 1045 366 1072 uxores
391 1045 483 1071 suas
506 1030 726 1086 suspicione
751 1031 932 1071 commoti
956 1031 1159 1071 admodum
1189 1045 1329 1086 pueros
1360 1040 1570 1083 exsecant,
1605 1047 1701 1086 quos

154 1100 217 1141 ubi
245 1099 505 1150 adoleverint,
540 1100 638 1150 suis,
673 1106 713 1139 ut
740 1099 882 1139 dictum
910 1106 984 1150 est,
1019 1098 1248 1153 coningibus
1274 1100 1455 1140 custodes
1478 1100 1699 1141 adhibeant.

154 1169 286 1223 Atque
308 1167 379 1208 hoc
403 1168 516 1208 modo
538 1167 769 1208 calamitatis
790 1168 891 1208 illius
918 1181 1057 1208 caussa
1076 1167 1179 1208 inter
1203 1168 1379 1209 homines
1403 1169 1556 1209 accidit.
1600 1169 1703 1210 Hinc

155 1237 333 1278 fortassis
353 1244 392 1276 et
414 1235 678 1277 eunuchorum
705 1236 911 1291 appellatio
935 1236 1149 1288 derivatur,
1183 1252 1204 1276 a
1226 1237 1348 1278 verbo
1369 1238 1517 1278 scilicet
1538 1233 1701 1286 εὐνοεῖν,

156 1305 257 1360 quod
282 1305 489 1360 amputatis
515 1305 622 1345 bisce
645 1305 821 1359 corporis
849 1304 1020 1360 partibus
1045 1305 1224 1346 benevoli
1249 1319 1335 1346 esse
1358 1306 1524 1361 possint,
1558 1320 1699 1360 neque,

157 1380 290 1429 utpote
325 1373 507 1414 membris
544 1373 619 1413 illis
653 1372 837 1424 mutilati,
880 1374 927 1412 ad
960 1387 1164 1428 corporum
1203 1375 1447 1429 complexum
1482 1374 1701 1429 coitumque

155 1443 233 1483 sint
269 1442 399 1482 utiles.
464 1441 537 1482 Hic
569 1441 688 1495 igitur
721 1442 820 1482 alter
854 1441 1118 1481 eunuchorum
1159 1444 1253 1483 ordo
1291 1450 1372 1493 est,
1415 1444 1477 1497 qui
1510 1458 1531 1483 a
1564 1444 1700 1498 puerili

156 1517 286 1552 aetate
310 1511 506 1551 hominnm
532 1510 633 1550 istud
661 1524 775 1550 manu
798 1525 874 1550 non
900 1509 1084 1550 coelestis
1109 1512 1220 1564 regni
1247 1525 1384 1551 caussa
1413 1512 1624 1566 patiuntur.

251 1646 438 1702 Sequitur
461 1647 615 1697 deinde,
650 1650 701 1687 Ec
724 1656 812 1686 sunt
834 1650 998 1687 eunuchi
1017 1651 1239 1700 qzce'secpsos
1264 1657 1527 1689 castraverunt
1545 1658 1702 1702 propter·
1728 1660 1804 1701 Cap.
1829 1660 1866 1690 v.

157 1732 328 1769 regnum.
384 1715 552 1769 Quinam
577 1715 629 1755 illi
656 1729 744 1756 esse
770 1724 946 1771 possunt,
983 1717 1054 1755 nisi
1081 1718 1228 1771 egregii
1253 1717 1305 1757 illi
1332 1718 1492 1772 primum
1518 1717 1700 1772 apostoli,

159 1793 237 1826 tum
265 1785 461 1835 monachi,
492 1799 535 1825 ac
557 1784 696 1838 reliqui
717 1784 953 1838 virginitatis
975 1785 1160 1824 cultores.
1205 1782 1432 1826 Cuiusmodi
1456 1788 1564 1826 l'uere
1589 1784 1702 1826 loan-

157 1867 226 1895 nes
260 1861 297 1894 et
321 1852 502 1903 lacobus,
540 1852 739 1893 Zebedaei
762 1853 851 1904 lilii,
885 1853 947 1906 qui
973 1851 1011 1892 in
1038 1852 1262 1907 virginitate
1288 1854 1543 1909 persistentes
1568 1869 1612 1894 ac
1636 1869 1703 1895 ne—

158 1935 231 1977 que
257 1922 429 1962 membra
464 1936 532 1962 sua
564 1921 730 1976 propriis
761 1928 1006 1976 amputantes
1042 1922 1240 1972 manibus,
1276 1937 1401 1977 neque
1433 1923 1600 1978 copulati
1633 1938 1702 1964 nu-

156 1991 270 2046 ptiis,
304 1991 372 2031 sed
396 1990 524 2030 animo
551 2004 596 2030 ac
620 1998 777 2045 pectore
802 1990 1027 2030 dimicantes
1050 1991 1275 2031 certaminis
1306 1991 1408 2032 illius
1441 2006 1625 2032 coronam
1658 2006 1703 2033 ac

156 2059 317 2114 gloriam
348 2073 497 2099 summa
529 2073 614 2099 cum
640 2058 897 2099 admiratione
921 2067 1184 2113 reportarunt.
1249 2061 1470 2101 Secundum
1497 2075 1594 2115 quos
1618 2061 1703 2100 inti-

157 2128 237 2169 nita
263 2128 458 2168 hominum
484 2127 618 2179 millia,
654 2141 751 2182 qnae
778 2128 813 2167 in
839 2127 910 2167 hoc
934 2129 1074 2168 mundo
1100 2129 1353 2169 monasticam
1380 2129 1499 2170 vitam
1524 2130 1704 2184 amplexa

155 2204 262 2248 sunt,
296 2198 333 2237 in
357 2196 606 2237 monasteriis
630 2196 900 2250 virginumque
925 2197 1125 2238 coenobiis
1144 2198 1315 2238 eiusdem
1339 2197 1562 2238 certaminis
1584 2199 1701 2238 decus

157 2267 294 2321 adepta
325 2272 430 2306 sunt.
494 2264 606 2319 Quae
636 2265 819 2305 videlicet
841 2265 981 2306 nullam
1015 2281 1098 2306 cum
1123 2267 1348 2307 mulieribus
1381 2266 1700 2306 consuetudinem

157 2335 397 2385 habuerunt,
432 2334 499 2374 sed
527 2333 705 2374 omuibus
728 2334 809 2374 suis
836 2334 1006 2375 numeris
1032 2335 1249 2376 absolutum
1276 2342 1473 2375 certamen
1504 2335 1698 2375 obierunt.

158 2402 324 2457 Qualem
346 2403 385 2443 in
409 2410 544 2443 vetere
569 2409 802 2442 testamento
825 2401 950 2443 Eliam
975 2404 1093 2444 fuisse
1119 2404 1300 2458 legimus,
1331 2418 1374 2444 ac
1399 2404 1582 2458 deinceps
1600 2402 1701 2444 Pau-

157 2472 258 2522 lum,
301 2473 363 2526 qui
401 2472 519 2521 dixit,
561 2475 654 2510 Dico
688 2480 809 2511 aulem
841 2476 1061 2524 nonnuple's,
1097 2477 1269 2526 quonlam
1301 2474 1433 2512 bonnm
1468 2480 1523 2511 est
1546 2476 1636 2524 ipsis
1665 2477 1858 2518 se'1.c‹›r.·1‚
1879 2484 1903 2510 8.

157 2549 331 2581 maneant
351 2545 451 2580 sicut
473 2555 565 2592 ego:
599 2543 636 2579 si
656 2549 776 2579 aulem
797 2556 869 2580 71on
891 2545 1101 2590 continent,
1135 2543 1289 2581 nubant.
1355 2540 1561 2594 Quomodo
1584 2542 1702 2596 igitur

157 2610 240 2665 ipse
278 2610 514 2662 permansit?
576 2608 621 2650 Si
653 2610 754 2649 enim
789 2617 973 2650 exsectus
1005 2618 1086 2661 est,
1122 2612 1229 2651 etad
1256 2609 1358 2650 illius
1386 2611 1604 2666 exemplum
1638 2626 1701 2651 ac-

159 2679 388 2719 commodati
414 2687 642 2718 manserunt
667 2678 729 2732 qui
762 2678 796 2718 ei
822 2678 967 2719 similes
990 2686 1146 2730 essent,
1183 2686 1221 2718 nt
1251 2692 1335 2718 eam
1368 2681 1517 2720 consilii
1551 2687 1697 2735 partem

202 2804 234 2838 7.
259 2806 325 2838 τῶν
351 2815 410 2837 om.
434 2806 500 2837 cod.
525 2807 614 2837 venet
999 2803 1031 2837 4.
1057 2804 1088 2838 ἐν
1112 2807 1153 2848 τῇ
1176 2803 1337 2848 παρὲενίᾳ
1360 2806 1427 2837 coel.
1450 2807 1549 2838 Venel.

206 2850 283 2881 Cap,
311 2851 350 2882 V.
376 2870 421 2874 —-
471 2852 498 2882 1.
525 2849 628 2892 φησὶν
654 2860 714 2882 om.
741 2852 808 2882 cod.
834 2852 904 2882 I'en.
997 2852 1027 2883 ξ».
1051 2851 1108 2884 τοῦ
1133 2847 1297 2893 στεφάνου
1322 2861 1381 2882 non
1404 2856 1560 2892 comparet
1581 2855 1612 2884 in
1632 2854 1698 2884 cod.

203 2896 235 2928 2.
260 2896 325 2929 τῶν
350 2893 507 2939 οὐρανῶν,
532 2897 614 2935 quod
633 2898 726 2936 vulgo
747 2897 905 2928 desidera·
955 2898 1025 2928 Ven.

159 2945 220 2980 tur,
242 2952 279 2973 ex
304 2944 370 2974 cod.
396 2944 464 2973 Veri.
491 2943 601 2973 adieci.
996 2940 1029 2972 (i.
1062 2937 1135 2974 ’ὅσοι
1165 2939 1198 2974 ἐν
1228 2940 1398 2983 μυριάδων
1429 2939 1564 2988 <ischiadi
1593 2942 1624 2976 ἐν
1648 2945 1696 2987 τῷ

204 2988 235 3018 ὃ.
259 2985 316 3019 καὶ
339 2987 368 3020 οἱ
391 2986 543 3029 καὲεξῆς
574 2986 729 3030 παρὶῒένοι
760 2987 817 3022 καὶ
847 2999 904 3030 140-
951 2984 1072 3029 κόσμῳ
1096 2988 1162 3018 cod.
1190 2989 1289 3019 Venet.

159 3029 310 3071 νάζοντες
333 3035 399 3065 cod.
426 3035 525 3066 Venet-
