2066 3319
440 179 620 211 PANARH
644 180 726 211 LIB.
746 181 786 212 ΙΙ.
811 181 919 212 ΤΟΜ.
938 182 977 213 11.
1004 182 1134 213 HAER.
1154 183 1273 213 LXVI.
1544 176 1616 213 401

88 259 214 300 Aelon
252 258 459 312 appellant.
522 257 648 311 Quem
680 260 725 298 ad
762 259 885 299 locum
924 261 1038 300 tertio
1073 263 1225 302 demum
1265 276 1367 302 anno
1401 260 1624 303 Salomonis

87 327 244 382 appulsa
266 326 377 366 navis
404 340 536 366 aurum
559 327 798 377 advehebat,
833 336 869 368 et
893 329 1161 383 elephantinos
1185 332 1335 379 dentes,
1372 338 1410 370 et
1434 338 1622 381 aromata,

89 408 158 434 nec
181 409 255 434 non
279 401 317 434 et
340 408 526 448 pavones‚
563 395 710 448 aliaque
737 396 936 436 nonnulla.
1000 398 1112 437 Alius
1135 405 1195 438 est
1219 405 1350 452 portus
1376 399 1419 438 ad
1444 396 1624 439 Castrum

88 460 299 517 Clysmatis
334 462 539 503 obversus.
602 461 760 504 Tertius
799 465 835 503 in
873 465 1138 519 superioribus
1172 466 1341 521 Aegypti
1375 467 1547 521 partibus
1579 468 1624 507 ad

88 529 306 571 Berenicen
349 531 540 585 pertinet,
592 546 665 584 qua
706 533 749 571 ad
789 532 1030 573 Thebaidem
1078 535 1331 587 pervenitur,
1380 536 1623 589 indidemque

87 599 272 639 advectae
297 612 348 639 ex
373 597 483 639 India
510 613 658 639 merces
683 614 751 654 per
776 600 1014 641 Thebaidem
1042 601 1328 652 distrahuntur,
1364 610 1428 643 aut
1450 604 1626 644 Alexan-

87 667 205 707 driam
231 664 505 722 Chrysorrhoa
532 668 709 718 flumine,
744 670 804 722 qui
833 669 932 709 idem
960 684 1003 709 ae
1032 669 1147 710 Nilus
1179 679 1260 719 est,
1296 678 1331 710 et
1357 671 1392 710 in
1425 671 1627 725 seripturis

87 734 200 775 Geon
223 734 384 785 dicitur,
419 736 592 789 adeoque
620 751 688 790 per
713 744 828 776 totam
854 738 1075 792 Aegyptum
1107 753 1150 777 ac
1179 736 1375 779 Pelusium
1408 753 1529 792 usque
1562 741 1625 779 de-
1647 746 1722 774 Gru.
1744 749 1767 773 '2-
1792 747 1830 775 13.

87 803 293 844 vehuntur.
357 804 417 843 Ad
445 818 608 857 eumque
635 806 786 844 modum
819 806 864 845 ad
894 805 987 846 alias
1020 806 1133 846 urbes
1164 821 1283 847 naves
1310 807 1504 862 applicant
1528 822 1626 848 mer-

86 879 262 923 catores,
298 872 358 926 qui
394 887 445 912 ex
478 870 583 912 India
617 887 768 913 meroes
800 874 836 913 in
870 873 1138 914 Romanorum
1173 876 1267 915 lines
1300 875 1523 930 important.

199 940 306 981 Haec
331 955 402 995 ego
429 941 543 996 paulo
567 941 789 996 diligentius
815 942 999 982 historiae
1024 957 1107 983 sum
1135 958 1272 983 caussa
1299 952 1550 998 persecutus,
1586 952 1623 984 ut
1652 947 1731 990 Cap.
1756 950 1793 979 Η-

86 1010 388 1063 uniuscuiusque
427 1016 558 1050 sectae
602 1009 758 1063 stirpem
805 1018 843 1050 et.
883 1011 1071 1065 originem
1115 1012 1282 1052 lectores
1324 1020 1624 1066 cognoscerent.

86 1077 187 1119 Nam
215 1078 278 1132 qui
303 1077 563 1118 narrationem
590 1078 754 1132 aliquam
782 1078 962 1130 instituit,
997 1080 1041 1120 ad
1068 1079 1102 1120 id
1131 1095 1198 1134 pro
1223 1080 1370 1122 viribus
1395 1081 1488 1121 eniti
1515 1081 1628 1121 debet

88 1155 128 1187 ut
149 1147 194 1187 ab
221 1147 314 1202 ipsis
338 1147 619 1201 quodammodo
644 1147 835 1187 radicibus
864 1162 944 1188 rem
971 1163 1122 1189 omnem
1147 1156 1321 1204 repetat,
1357 1151 1456 1190 unde
1481 1151 1627 1190 veritas

87 1222 268 1256 constare
291 1215 434 1270 possit3
467 1215 556 1255 licet
577 1215 717 1269 alioqui
745 1216 922 1270 scriptori
947 1217 1140 1258 sermoniS
1164 1218 1358 1272 elegantia
1380 1225 1419 1258 et
1439 1218 1627 1258 orationis

87 1291 270 1325 venustas
293 1298 368 1324 non
391 1292 589 1339 suppetat3
624 1299 698 1338 quo
721 1298 771 1324 ex
793 1285 849 1324 rei
868 1286 1033 1326 veritate
1056 1286 1309 1341 prudentibus
1330 1287 1365 1326 id
1389 1287 1486 1340 quod
1511 1300 1626 1341 quae-

87 1353 185 1393 ritur
208 1352 494 1407 comprobetur.
558 1351 636 1393 Sed
664 1359 702 1393 ut
729 1355 774 1393 ad
801 1351 1056 1408 Scythianum
1086 1356 1264 1405 redeam,
1299 1355 1360 1394 hic
1394 1354 1503 1395 initio
1530 1355 1626 1395 divi-

88 1421 150 1462 tiis
181 1421 353 1471 inflatus,
388 1430 426 1461 et
450 1429 663 1462 aromatum
698 1428 993 1476 ceterarumque
1023 1437 1074 1463 ex
1100 1421 1207 1463 India
1233 1438 1346 1478 opum
1373 1423 1506 1477 copia,
1542 1438 1626 1463 cum

88 1488 286 1544 Hypselen
310 1488 523 1530 Thebaidis
544 1490 721 1544 oppidum
746 1490 934 1536 venisset,
967 1490 1094 1545 ibique
1118 1491 1304 1545 perditam
1329 1493 1518 1546 quandam
1546 1507 1627 1531 mu-

88 1557 286 1598 lierculam
308 1558 525 1599 invenisset
547 1559 715 1611 eleganti
739 1559 914 1613 corporis
938 1560 1091 1613 specie,
1125 1574 1194 1614 pro
1218 1574 1264 1600 eo
1289 1574 1334 1600 ac
1357 1560 1521 1602 stolidus
1544 1568 1627 1600 erat

87 1634 244 1681 stupore
269 1626 428 1667 affectus
451 1641 471 1667 e
495 1627 685 1682 lupanari,
720 1627 782 1668 ubi
806 1635 882 1667 tum
908 1628 1167 1668 meretriciam
1191 1630 1419 1680 exercebat,
1454 1629 1624 1679 abducit,

88 1702 127 1735 et
148 1695 194 1735 ad
219 1709 302 1735 eam
326 1695 626 1746 adhaerescens,
660 1696 697 1735 in
719 1696 934 1736 libertatem
962 1704 1151 1737 assertam
1180 1697 1253 1738 sibi
1278 1699 1315 1738 in
1341 1697 1626 1738 matrimonium

87 1763 278 1803 adiunxit.
339 1762 492 1804 Deinde
524 1764 639 1819 longo
678 1772 764 1818 post
798 1771 970 1819 tempore
998 1765 1111 1805 homo
1147 1766 1321 1807 nefarius
1354 1780 1445 1821 prae
1478 1765 1626 1806 deliciis

88 1832 244 1872 minime
274 1845 360 1872 sese
397 1832 623 1883 continens,
658 1840 697 1873 et
724 1833 761 1873 in
792 1833 870 1873 otio
903 1833 1070 1887 (legem,
1105 1848 1151 1874 ac
1183 1835 1397 1875 sceleribus
1428 1841 1626 1884 assuetus,

89 1901 180 1941 novi
204 1901 343 1955 aliquid
367 1901 404 1940 in
427 1901 559 1941 orbem
587 1901 834 1942 introducere
860 1901 976 1942 nimio
1000 1916 1051 1942 ex
1075 1903 1169 1943 luxu
1192 1903 1230 1943 in
1256 1903 1425 1944 animum
1457 1902 1625 1944 induxit.

90 1967 224 2024 ltaque
252 1983 369 2010 voces
396 1970 579 2023 quasdam
604 1970 792 2010 eiusmodi
816 1984 865 2011 ex
894 1985 1006 2021 sese,
1042 1986 1117 2011 non
1148 1986 1200 2012 ex
1232 1972 1355 2012 literis
1381 1972 1528 2023 sacris,
1562 1979 1629 2012 aut.

90 2052 140 2078 ex
169 2038 291 2078 sancti
324 2038 480 2093 spiritus
516 2039 705 2089 oraculis,
749 2040 815 2079 sed
848 2053 900 2079 ex
931 2038 1074 2080 infelici
1108 2040 1261 2081 humani
1296 2041 1443 2094 ingenii
1476 2041 1626 2081 ratione

91 2113 330 2147 commentus
355 2113 428 2147 est.
491 2105 602 2160 Quae
629 2107 753 2158 enim,
788 2107 936 2159 aiebat,
971 2108 1070 2148 ratio
1094 2116 1155 2149 cst
1177 2123 1247 2149 cur
1267 2123 1365 2163 quae
1388 2109 1426 2149 in
1451 2116 1530 2149 tota
1555 2109 1624 2149 hac

91 2188 219 2215 rerum
249 2175 504 2216 universitate
538 2176 785 2216 eontinentur
817 2176 1034 2231 inaequalia
1070 2184 1181 2228 sunt,
1227 2185 1315 2232 puta
1343 2178 1468 2218 album
1501 2185 1540 2218 et
1570 2177 1627 2217 ni-

91 2258 226 2299 grum,
260 2244 403 2285 fulvum
428 2251 465 2284 et
488 2244 632 2294 viride‚
667 2244 858 2285 humidum
882 2252 920 2285 et
945 2245 1086 2285 siccum
1103 2278 1112 2296 ‚
1147 2246 1296 2286 coelum
1322 2261 1366 2286 ac
1390 2253 1511 2296 terra,
1546 2259 1626 2285 nox

93 2320 131 2353 et
161 2314 267 2363 dies,
301 2313 426 2353 anima
459 2320 496 2353 et
527 2327 688 2367 corpus,
729 2313 869 2354 bonum
906 2321 944 2354 et
975 2314 1138 2365 malum,
1180 2314 1322 2354 iustum
1354 2322 1392 2354 et
1423 2314 1624 2364 iniustum⁷

98 2382 169 2422 nisi
207 2381 306 2436 quod
340 2396 390 2422 ex
425 2381 572 2422 duobus
605 2382 698 2422 haec
731 2389 818 2422 sunt
854 2382 1049 2437 principiis
1087 2384 1252 2423 exorta?
1312 2381 1499 2423 Diabolus
1528 2383 1628 2423 eiiim

94 2450 221 2491 acrius
245 2450 433 2491 adversus
460 2450 663 2490 humanum
695 2464 818 2504 genus
845 2450 984 2491 bellum
1012 2465 1174 2491 movens
1200 2452 1302 2491 illius
1328 2451 1444 2491 menti
1471 2458 1629 2506 porten-

95 2525 172 2559 tum
206 2518 296 2558 illud
328 2518 520 2574 opinionis
547 2518 816 2573 ingeneravit,
858 2519 954 2560 adeo
985 2526 1025 2560 ut
1057 2520 1156 2574 quod
1191 2533 1378 2573 nusquam
1410 2527 1470 2559 est
1500 2520 1627 2560 animo

95 2586 339 2642 conciperet,
380 2594 419 2628 et
451 2587 550 2641 quod
585 2586 712 2641 reipsa
745 2595 804 2628 est
834 2588 989 2629 minime
1024 2595 1302 2642 cognosceret,
1345 2595 1385 2627 ut
1415 2588 1452 2628 in
1486 2588 1628 2629 misere

96 2654 354 2696 aberrantium
380 2655 576 2696 hominum
603 2655 768 2710 ingeniis
794 2656 983 2711 quoddam
1015 2656 1154 2697 bellum
1181 2656 1397 2708 excitaret,
1431 2658 1494 2711 qui
1518 2670 1630 2712 prae—

140 2782 171 2813 2.
196 2779 425 2823 ἐξωμέστατον
450 2783 497 2813 ed.
520 2792 569 2821 pr.
885 2778 966 2815 ἀλλὰ
989 2779 1036 2819 οἷς
1057 2777 1161 2823 ἀργὸς
1182 2780 1240 2813 καὶ
1268 2782 1483 2814 desiderantur
1504 2785 1537 2814 in
1563 2784 1630 2814 cod.

142 2836 173 2870 3.
198 2834 308 2872 αὐτῶν
332 2840 415 2871 editi.
885 2829 1012 2877 Rhe-‘159-
1041 2870 1048 2879 Ι
1435 2875 1442 2881 ⁶

929 2874 960 2904 b.
986 2882 1142 2913 κτησεως
1166 2873 1257 2912 vulgo
1280 2876 1362 2904 extat
1381 2878 1540 2913 scrzptum.

142 2902 173 2936 4.
197 2904 313 2948 τέγους
333 2910 408 2959 puto
431 2908 658 2959 rescribendum
681 2916 718 2939 ex
741 2909 838 2940 conie-
932 2916 961 2950 7,
988 2914 1218 2959 στραγγεῦσας
1239 2920 1412 2958 suspicatus
1430 2920 1631 2951 332103500,

99 2952 186 2981 ctura
210 2952 266 2983 los.
287 2954 449 2992 Scalzyerz.
887 2966 972 3003 1592„

145 3006 174 3037 ί).
207 3002 385 3051 ἀλητήριος
417 3011 487 3041 libri
517 3019 628 3042 omnes.
652 3028 695 3033 ——
745 3011 841 3042 Verba
932 3012 962 3039 Η.
987 3005 1023 3041 τὸ
1051 3009 1244 3040 desideratur
1271 3011 1301 3041 in
1325 3011 1370 3041 ed.
1396 3011 1502 3042 Petne.
1528 3011 1631 3042 Coton.

170 3060 285 3097 Corpus
304 3062 478 3090 Baereseol.
504 3061 541 3091 11.
560 3065 585 3092 2.
1307 3069 1360 3109 26
