2066 3319
517 182 697 215 PANARu
723 182 805 214 [ΑΒ.
824 183 864 214 11.
889 183 996 215 Toni.
1018 184 1042 214 1.
1068 182 1199 214 HAER.
1223 182 1344 214 wa.
1618 172 1698 212 237

164 263 278 304 orbes
304 269 341 303 et
364 261 434 302 sub
462 268 565 302 terra
588 262 817 302 collocatur.
881 261 991 302 Ilaec
1021 269 1059 302 et
1084 263 1142 303 his
1166 262 1290 302 simila
1322 262 1457 316 nugari
1490 275 1564 302 non
1597 261 1699 302 desi-

162 331 240 382 nit,
273 344 435 385 quorum
467 330 703 371 mentionem
735 330 809 370 iam
842 330 927 371 aliis
958 331 995 370 in
1027 330 1123 371 locis
1155 330 1406 386 aspersimus.

274 397 359 439 Hoc
378 413 474 439 vero
495 399 580 439 loco
602 413 676 453 quo
695 399 883 439 adversus
905 399 1000 439 lianc
1021 398 1200 440 haeresin
1220 399 1424 454 praecipue
1442 398 1695 453 disputamus,

163 467 390 509 temerarias
424 467 524 507 illius
550 467 752 522 opiniones
777 482 821 508 ac
844 468 1019 522 dogmata
1043 475 1221 523 repetere
1253 482 1330 506 nou
1356 467 1627 520 gravabimur,
1661 474 1699 507 et

162 536 208 577 ab
233 536 368 576 eodem
401 535 483 590 ipso
509 536 760 576 confictarum
790 536 835 576 ab
863 551 909 577 co
938 536 1147 576 fabularum
1180 535 1452 576 refutationem
1478 550 1696 577 arcessere.

160 602 338 659 Longius
362 603 500 659 quippe
527 605 710 659 deinceps
734 605 900 645 hominis
926 605 1146 645 absurditas
1168 618 1451 659 pravarumque
1476 605 1698 659 opinionum

161 680 200 713 et
222 688 240 714 a
264 673 431 713 veritate
455 673 803 714 remotissimarum
831 672 1026 713 affectatio
1051 686 1258 727 progressa
1285 679 1358 712 est.
1424 670 1498 725 Qui
1523 687 1607 713 cum
1634 674 1700 713 ad-

162 756 299 783 versus
329 742 553 797 superiores
586 756 721 782 omnes
756 743 941 783 haereses
974 741 1192 795 disputasse
1226 754 1271 781 ac
1304 741 1475 794 singulas
1508 742 1700 782 evertisse

159 811 267 852 visus
294 810 366 862 sit,
400 817 535 865 postea
559 817 684 850 tamen
709 825 817 851 suam
845 817 884 850 et
906 810 988 865 ipse
1017 809 1220 860 haeresin,
1255 817 1293 850 et
1316 809 1468 864 quidem
1494 809 1589 850 haud
1617 810 1700 850 vul-

159 893 290 935 garem
323 879 361 920 in
388 879 519 920 orbem
549 887 738 920 terrarum
768 878 953 919 evomuit.
1015 876 1133 919 Libet
1159 893 1277 930 vero,
1323 879 1368 918 ad
1397 878 1698 919 commentitiam

157 949 260 990 illius
287 948 508 1004 opinionem
539 947 869 998 convincendam,
914 961 1011 1002 quae
1045 947 1091 987 ab
1124 961 1171 988 eo
1206 947 1307 987 dicta
1340 954 1430 988 sunt
1461 947 1582 1001 primo
1614 947 1698 987 loco

158 1017 374 1068 subiicere,
419 1016 556 1058 deinde
590 1031 689 1071 quac
715 1017 760 1057 ab
794 1015 984 1057 tenuitate
1016 1023 1149 1057 nostra
1182 1017 1370 1057 adversus
1402 1016 1506 1056 illum
1540 1016 1701 1056 dicenda

157 1086 302 1127 fuerint
325 1086 482 1127 afferre.
546 1084 604 1126 Ea
626 1099 720 1126 vero
744 1092 849 1137 sunt,
884 1099 981 1140 quae
1005 1085 1050 1126 ad
1076 1085 1239 1140 primum
1261 1085 1446 1141 psalmum
1471 1085 1508 1125 in
1534 1084 1700 1125 medium

158 1156 333 1196 adduxit.
395 1153 499 1196 Nam
521 1169 607 1195 cum
631 1154 669 1194 iu
697 1155 800 1194 omni
827 1155 1018 1209 scriptura
1043 1161 1230 1209 perpetuo
1256 1154 1305 1194 sit
1335 1154 1488 1209 lapsuS,
1523 1153 1560 1193 in
1588 1167 1700 1208 prae—

158 1224 280 1280 cipuis
313 1239 358 1266 ac
390 1223 624 1265 necessariis
658 1223 898 1278 potissimum
931 1223 1094 1277 singulis
1121 1237 1243 1278 paene
1267 1222 1499 1263 dictionibus
1525 1222 1696 1262 aberrat.

159 1291 307 1334 Verum
335 1293 426 1334 illud
460 1307 505 1333 eo
541 1292 726 1343 facimus,
763 1292 862 1347 quod
892 1293 1124 1347 scriptorum
1153 1291 1306 1332 illorum
1339 1291 1477 1346 ingens
1510 1291 1697 1345 quaedam

156 1362 278 1403 moles
305 1369 380 1403 est.
441 1360 548 1402 Nam
582 1361 729 1401 infinita
763 1361 968 1416 scripsisse
1002 1361 1162 1413 dicitur,
1206 1376 1290 1401 cum
1322 1361 1366 1401 ad
1397 1360 1572 1415 singulos
1603 1358 1698 1400 scri-

156 1438 292 1485 pturae
316 1431 436 1472 libros
459 1444 556 1485 quae
577 1430 649 1470 sibi
674 1430 902 1470 viderentur
923 1429 1078 1470 effutire
1100 1445 1176 1470 nou
1198 1429 1446 1470 dubitaverit.
1512 1426 1698 1469 Ceterum

158 1499 316 1554 quaein
341 1499 587 1540 sermonibus
613 1499 659 1539 ad
686 1499 864 1554 populum
893 1498 1032 1539 habitis
1067 1513 1110 1539 ac
1143 1498 1352 1553 prooemiis
1383 1499 1428 1538 de
1457 1497 1630 1538 moribus
1662 1504 1699 1537 et

158 1567 379 1608 animalium
406 1574 540 1608 natura
563 1567 782 1622 ceterisque
806 1567 842 1607 id
866 1581 989 1621 genus
1015 1567 1220 1617 disseruit,
1255 1567 1381 1607 media
1408 1567 1571 1621 quadam
1604 1566 1698 1607 insi-

158 1643 266 1677 stens
294 1636 356 1677 via
378 1636 474 1676 scite
497 1643 612 1690 atque
637 1636 839 1690 eleganter
861 1636 1085 1691 plerumque
1110 1635 1335 1690 disputavit.
1398 1634 1509 1689 Quae
1532 1649 1627 1676 vero
1652 1636 1698 1675 de

158 1705 399 1759 dogmatibus
423 1704 680 1755 elucubravit,
715 1705 837 1759 deque
863 1704 936 1744 fide
963 1719 1007 1744 ac
1030 1703 1189 1758 reliquis
1212 1703 1350 1745 maiori
1372 1703 1698 1759 contemplatione

157 1773 306 1828 dignis,
340 1773 455 1828 longe
489 1774 630 1814 ceteris
656 1787 789 1814 eorum
817 1773 986 1814 omnium
1019 1772 1187 1813 decretis
1221 1773 1283 1827 qui
1310 1779 1376 1813 aut
1400 1779 1699 1813 antecesserunt

156 1849 222 1883 aut
247 1850 334 1897 post
366 1842 471 1883 illum
501 1843 717 1883 extiterunt
745 1841 937 1897 ineptiora
969 1848 1008 1882 et
1039 1841 1268 1883 absurdiora
1298 1841 1502 1892 videntur,
1536 1841 1567 1881 si
1601 1841 1697 1881 dun-

157 1917 268 1951 taxat
289 1911 447 1952 aliarum
475 1911 691 1952 haereseon
726 1911 870 1965 flagitia
903 1925 947 1951 ac
974 1910 1176 1952 foeditates
1203 1910 1392 1966 excipias.
1455 1910 1515 1950 Ac
1544 1910 1698 1951 videtur

156 1993 251 2021 saue
290 1988 328 2021 et
365 1988 584 2021 ascetarum
618 1980 718 2020 idem
756 1980 819 2020 ille
855 1979 1070 2020 institutum
1107 1979 1335 2034 amplexus,
1379 1979 1697 2033 quemadmodum

156 2056 270 2090 antea
292 2050 420 2090 docui.
469 2046 530 2090 Ob
553 2049 588 2089 id
607 2048 847 2089 stomachum
868 2048 968 2089 illius
992 2049 1122 2089 ferunt
1144 2055 1302 2103 propter
1321 2048 1554 2102 exquisitam
1576 2061 1697 2102 quan-

157 2117 241 2158 dam
262 2118 367 2159 vitae
391 2118 580 2158 rationem
605 2124 640 2158 et
666 2117 832 2158 inediam
859 2125 972 2172 atque
996 2117 1042 2157 ab
1065 2116 1245 2158 animatis
1272 2116 1450 2157 omnibus
1480 2123 1696 2171 temperan-

156 2186 249 2227 tiam
276 2186 510 2228 concidisse.
575 2184 654 2228 Sed
681 2186 756 2226 iam
786 2186 888 2227 illius
913 2185 1033 2227 verba
1057 2187 1301 2242 proferamus
1328 2200 1381 2226 ex
1411 2186 1493 2226 eius
1524 2186 1570 2226 ad
1595 2184 1696 2240 prio-

155 2269 238 2296 rem
261 2255 448 2311 psalmum
475 2254 765 2296 commentariis
796 2255 1042 2310 deprompta,
1084 2262 1124 2295 et
1152 2269 1204 2296 ex
1240 2253 1618 2295 considerationibus
1650 2254 1697 2293 ad

157 2324 319 2365 eundem
351 2324 487 2376 editis,
522 2325 817 2379 dogmatumque
845 2324 1163 2375 tractationibus,
1199 2324 1355 2364 totidem
1380 2323 1516 2377 quibus
1542 2321 1697 2377 scripsit

156 2393 220 2434 ille
243 2393 399 2444 verbis,
434 2407 482 2433 ne
509 2393 593 2447 quis
616 2407 686 2434 nos
710 2392 811 2433 illius
837 2393 947 2433 dictis
974 2393 1204 2433 calumniam
1230 2392 1370 2432 fecisse
1393 2392 1509 2431 dicat.
1565 2391 1695 2444 Atque

157 2477 211 2504 ex
239 2463 311 2503 hoc
335 2461 574 2518 potissimum
603 2461 688 2502 loco
716 2463 938 2511 transferre
955 2461 1171 2512 voluimus,
1205 2476 1281 2501 non
1310 2461 1409 2515 quod
1442 2460 1479 2499 in
1511 2458 1569 2499 his
1601 2459 1697 2499 dun-

156 2538 267 2572 taxat
289 2531 333 2571 ad
357 2531 526 2586 priorem
552 2530 738 2586 psalmum
766 2529 1054 2571 commentariis
1079 2545 1101 2571 a
1122 2530 1289 2571 veritate
1314 2527 1513 2578 ceciderit,
1549 2534 1589 2567 ut
1608 2541 1696 2582 per-

157 2614 274 2655 saepe
301 2606 464 2640 testatus
491 2613 600 2650 sum,
635 2614 722 2640 nam
748 2598 787 2640 in
814 2599 991 2640 omnibus
1022 2599 1134 2654 plane
1163 2597 1384 2647 aberravit,
1418 2597 1484 2637 sed
1513 2597 1612 2650 quod
1638 2596 1696 2636 in-

156 2683 317 2710 numera
345 2669 423 2710 sint
446 2668 492 2708 ab
521 2682 567 2709 eo
595 2675 844 2709 monumenta
868 2668 1026 2720 relicta,
1063 2667 1256 2708 nonnullis
1290 2680 1341 2706 ex
1374 2679 1420 2705 eo
1451 2664 1516 2705 illo
1548 2664 1695 2719 psalmo

158 2737 355 2788 collectis,
390 2751 440 2777 ex
466 2751 540 2778 uua
563 2744 630 2778 aut
651 2737 796 2788 altera,
831 2737 894 2778 vel
920 2737 1040 2777 tribus
1073 2743 1179 2777 certe
1207 2734 1368 2775 vocibus
1405 2747 1556 2774 omnem
1593 2733 1696 2773 illius

158 2806 196 2846 in
219 2806 277 2848 his
300 2820 397 2862 quae
423 2805 469 2846 ad
499 2806 610 2846 fide-m
635 2805 831 2860 pertinent
853 2805 1138 2861 improbitatem
1164 2803 1407 2858 aperiemus,
1443 2816 1487 2843 ac
1513 2815 1696 2842 necessa-

159 2873 218 2914 rio
243 2875 377 2915 eadem
404 2874 541 2929 quibus
573 2874 638 2915 ille
665 2888 759 2916 usus
789 2881 850 2915 est
877 2874 995 2916 verba
1019 2874 1249 2913 referemus.
1312 2869 1386 2911 Est
1414 2869 1532 2925 igitur
1561 2870 1695 2911 uuius-

161 2942 344 2997 cuiusque
369 2943 548 2984 dictionis
570 2943 676 2984 velut
699 2943 821 2984 solum
849 2957 893 2984 ac
925 2942 1210 2983 fundamentum
1239 2939 1480 2990 huiusmodi,
1514 2947 1555 2980 ut
1585 2939 1691 2988 illud,

160 3011 331 3052 studiose
364 3011 530 3064 auditor,
566 3011 784 3066 intelligas,
826 3009 1143 3052 manifestissime
1173 3008 1290 3049 filium
1315 3007 1376 3048 dei
1398 3016 1616 3049 creaturam
1649 3006 1694 3047 ab

1727 397 1802 441 Cap.
1833 398 1869 428 V.
