<?xml version="1.0" encoding="UTF-8"?>
<!DOCTYPE html PUBLIC "-//W3C//DTD XHTML 1.0 Transitional//EN"
    "http://www.w3.org/TR/xhtml1/DTD/xhtml1-transitional.dtd">
<html xmlns="http://www.w3.org/1999/xhtml" xml:lang="en" lang="en">
 <head>
  <title>
</title>
<meta http-equiv="Content-Type" content="text/html;charset=utf-8" />
  <meta name='ocr-system' content='tesseract 3.04.00' />
  <meta name='ocr-capabilities' content='ocr_page ocr_carea ocr_par ocr_line ocrx_word'/>
</head>
<body>
  <div class='ocr_page' id='page_1' title='image "./p2corporishaereseo02epipuoft/p2corporishaereseo02epipuoft_0169.png"; bbox 0 0 2066 3319; ppageno 0'>
   <div class='ocr_carea' id='block_1_1' title="bbox 538 206 1707 246">
    <p class='ocr_par' dir='ltr' id='par_1_1' title="bbox 538 206 1707 246">
     <span class='ocr_line' id='line_1_1' title="bbox 538 206 1707 246; baseline 0 -2"><span class='ocrx_word' id='word_1_1' title='bbox 538 213 718 244; x_wconf 74' lang='lat' dir='ltr'>PANARH</span> <span class='ocrx_word' id='word_1_2' title='bbox 743 212 825 245; x_wconf 85' lang='lat' dir='ltr'>LlB.</span> <span class='ocrx_word' id='word_1_3' title='bbox 848 214 888 245; x_wconf 80' lang='grc' dir='ltr'>ΙΙ.</span> <span class='ocrx_word' id='word_1_4' title='bbox 913 213 1020 246; x_wconf 85' lang='grc' dir='ltr'><strong>ΤΟΜ.</strong></span> <span class='ocrx_word' id='word_1_5' title='bbox 1042 215 1066 245; x_wconf 85' lang='grc' dir='ltr'>Ι.</span> <span class='ocrx_word' id='word_1_6' title='bbox 1091 214 1223 246; x_wconf 83' lang='lat' dir='ltr'>HAER.</span> <span class='ocrx_word' id='word_1_7' title='bbox 1246 214 1330 245; x_wconf 84' lang='lat' dir='ltr'>LVI.</span> <span class='ocrx_word' id='word_1_8' title='bbox 1628 206 1707 244; x_wconf 84' lang='grc'>147</span> 
     </span>
    </p>
   </div>
   <div class='ocr_carea' id='block_1_2' title="bbox 163 290 1921 3034">
    <p class='ocr_par' dir='ltr' id='par_1_2' title="bbox 163 290 1921 2949">
     <span class='ocr_line' id='line_1_2' title="bbox 275 290 1877 348; baseline -0.002 -16"><span class='ocrx_word' id='word_1_9' title='bbox 275 290 378 332; x_wconf 85' lang='lat' dir='ltr'>Nam</span> <span class='ocrx_word' id='word_1_10' title='bbox 406 306 492 332; x_wconf 90' lang='lat' dir='ltr'>cum</span> <span class='ocrx_word' id='word_1_11' title='bbox 522 291 567 331; x_wconf 85' lang='lat' dir='ltr'>ad</span> <span class='ocrx_word' id='word_1_12' title='bbox 595 291 826 332; x_wconf 68' lang='lat' dir='ltr'>Valentinos</span> <span class='ocrx_word' id='word_1_13' title='bbox 848 292 1066 333; x_wconf 89' lang='lat' dir='ltr'>miserrime</span> <span class='ocrx_word' id='word_1_14' title='bbox 1092 308 1181 334; x_wconf 87' lang='lat' dir='ltr'>sese</span> <span class='ocrx_word' id='word_1_15' title='bbox 1205 293 1462 348; x_wconf 79' lang='lat' dir='ltr'>applicasset,</span> <span class='ocrx_word' id='word_1_16' title='bbox 1498 307 1549 333; x_wconf 87' lang='lat' dir='ltr'>ex</span> <span class='ocrx_word' id='word_1_17' title='bbox 1572 306 1705 333; x_wconf 89' lang='lat' dir='ltr'>eorum</span> <span class='ocrx_word' id='word_1_18' title='bbox 1734 297 1811 341; x_wconf 81' lang='lat' dir='ltr'>Cap.</span> <span class='ocrx_word' id='word_1_19' title='bbox 1836 299 1877 330; x_wconf 82' lang='grc' dir='ltr'>ΙΙ.</span> 
     </span>
     <span class='ocr_line' id='line_1_3' title="bbox 163 359 1708 415; baseline 0.001 -15"><span class='ocrx_word' id='word_1_20' title='bbox 163 360 409 415; x_wconf 69' lang='lat' dir='ltr'>improbitate</span> <span class='ocrx_word' id='word_1_21' title='bbox 443 359 671 414; x_wconf 79' lang='lat' dir='ltr'>pestiferum</span> <span class='ocrx_word' id='word_1_22' title='bbox 705 360 796 400; x_wconf 92' lang='lat' dir='ltr'>illud</span> <span class='ocrx_word' id='word_1_23' title='bbox 830 361 939 401; x_wconf 86' lang='lat' dir='ltr'>virus</span> <span class='ocrx_word' id='word_1_24' title='bbox 970 376 1013 401; x_wconf 91' lang='lat' dir='ltr'>ac</span> <span class='ocrx_word' id='word_1_25' title='bbox 1050 362 1181 402; x_wconf 91' lang='lat' dir='ltr'>lolium</span> <span class='ocrx_word' id='word_1_26' title='bbox 1216 362 1428 402; x_wconf 61' lang='lat' dir='ltr'>contraxit.</span> <span class='ocrx_word' id='word_1_27' title='bbox 1489 360 1615 402; x_wconf 87' lang='lat' dir='ltr'>Multa</span> <span class='ocrx_word' id='word_1_28' title='bbox 1649 361 1708 401; x_wconf 94' lang='lat' dir='ltr'>hic</span> 
     </span>
     <span class='ocr_line' id='line_1_4' title="bbox 164 427 1710 485; baseline 0.001 -16"><span class='ocrx_word' id='word_1_29' title='bbox 164 429 323 485; x_wconf 75' lang='lat' dir='ltr'>perinde</span> <span class='ocrx_word' id='word_1_30' title='bbox 351 436 389 469; x_wconf 90' lang='lat' dir='ltr'>et</span> <span class='ocrx_word' id='word_1_31' title='bbox 413 428 487 469; x_wconf 88' lang='lat' dir='ltr'>alia</span> <span class='ocrx_word' id='word_1_32' title='bbox 515 427 703 483; x_wconf 85' lang='lat' dir='ltr'>principia</span> <span class='ocrx_word' id='word_1_33' title='bbox 727 436 764 468; x_wconf 90' lang='lat' dir='ltr'>et</span> <span class='ocrx_word' id='word_1_34' title='bbox 792 430 1067 484; x_wconf 68' lang='lat' dir='ltr'>productiones</span> <span class='ocrx_word' id='word_1_35' title='bbox 1092 431 1257 470; x_wconf 81' lang='lat' dir='ltr'>invexit.</span> <span class='ocrx_word' id='word_1_36' title='bbox 1304 428 1553 471; x_wconf 81' lang='lat' dir='ltr'>Mortuerum</span> <span class='ocrx_word' id='word_1_37' title='bbox 1579 444 1710 471; x_wconf 88' lang='lat' dir='ltr'>resur-</span> 
     </span>
     <span class='ocr_line' id='line_1_5' title="bbox 163 497 1709 553; baseline 0.001 -15"><span class='ocrx_word' id='word_1_38' title='bbox 163 498 377 538; x_wconf 82' lang='lat' dir='ltr'>rectionem</span> <span class='ocrx_word' id='word_1_39' title='bbox 402 497 582 546; x_wconf 77' lang='lat' dir='ltr'>sustulit,</span> <span class='ocrx_word' id='word_1_40' title='bbox 616 497 746 551; x_wconf 85' lang='lat' dir='ltr'>itaque</span> <span class='ocrx_word' id='word_1_41' title='bbox 772 499 959 552; x_wconf 75' lang='lat' dir='ltr'>privatam</span> <span class='ocrx_word' id='word_1_42' title='bbox 997 499 1174 539; x_wconf 88' lang='lat' dir='ltr'>haeresin</span> <span class='ocrx_word' id='word_1_43' title='bbox 1209 499 1394 539; x_wconf 83' lang='lat' dir='ltr'>condidit.</span> <span class='ocrx_word' id='word_1_44' title='bbox 1455 498 1580 540; x_wconf 90' lang='lat' dir='ltr'>Porro</span> <span class='ocrx_word' id='word_1_45' title='bbox 1613 499 1709 553; x_wconf 86' lang='lat' dir='ltr'>legis</span> 
     </span>
     <span class='ocr_line' id='line_1_6' title="bbox 163 565 1711 621; baseline 0.001 -15"><span class='ocrx_word' id='word_1_46' title='bbox 163 580 207 606; x_wconf 91' lang='lat' dir='ltr'>ac</span> <span class='ocrx_word' id='word_1_47' title='bbox 233 566 504 621; x_wconf 88' lang='lat' dir='ltr'>prophetarum</span> <span class='ocrx_word' id='word_1_48' title='bbox 531 565 675 616; x_wconf 88' lang='lat' dir='ltr'>libros,</span> <span class='ocrx_word' id='word_1_49' title='bbox 710 567 884 621; x_wconf 88' lang='lat' dir='ltr'>adeoque</span> <span class='ocrx_word' id='word_1_50' title='bbox 910 575 1024 607; x_wconf 90' lang='lat' dir='ltr'>vetus</span> <span class='ocrx_word' id='word_1_51' title='bbox 1048 582 1091 607; x_wconf 91' lang='lat' dir='ltr'>ac</span> <span class='ocrx_word' id='word_1_52' title='bbox 1120 581 1260 607; x_wconf 84' lang='lat' dir='ltr'>novum</span> <span class='ocrx_word' id='word_1_53' title='bbox 1289 574 1585 617; x_wconf 83' lang='lat' dir='ltr'>testamentum,</span> <span class='ocrx_word' id='word_1_54' title='bbox 1621 582 1711 607; x_wconf 88' lang='lat' dir='ltr'>nee-</span> 
     </span>
     <span class='ocr_line' id='line_1_7' title="bbox 164 633 1710 690; baseline 0 -14"><span class='ocrx_word' id='word_1_55' title='bbox 164 649 240 676; x_wconf 88' lang='lat' dir='ltr'>non</span> <span class='ocrx_word' id='word_1_56' title='bbox 263 633 507 690; x_wconf 79' lang='lat' dir='ltr'>apocryphos</span> <span class='ocrx_word' id='word_1_57' title='bbox 534 635 720 688; x_wconf 78' lang='lat' dir='ltr'>quosdam</span> <span class='ocrx_word' id='word_1_58' title='bbox 744 635 915 676; x_wconf 75' lang='lat' dir='ltr'>adhibet.</span> <span class='ocrx_word' id='word_1_59' title='bbox 966 634 1112 676; x_wconf 75' lang='lat' dir='ltr'>Verum</span> <span class='ocrx_word' id='word_1_60' title='bbox 1141 635 1214 675; x_wconf 89' lang='lat' dir='ltr'>iste</span> <span class='ocrx_word' id='word_1_61' title='bbox 1238 649 1322 675; x_wconf 88' lang='lat' dir='ltr'>eum</span> <span class='ocrx_word' id='word_1_62' title='bbox 1350 636 1395 676; x_wconf 91' lang='lat' dir='ltr'>iis</span> <span class='ocrx_word' id='word_1_63' title='bbox 1422 636 1615 685; x_wconf 88' lang='lat' dir='ltr'>omuibus,</span> <span class='ocrx_word' id='word_1_64' title='bbox 1648 636 1710 690; x_wconf 92' lang='lat' dir='ltr'>qui</span> 
     </span>
     <span class='ocr_line' id='line_1_8' title="bbox 164 704 1709 758; baseline 0.001 -14"><span class='ocrx_word' id='word_1_65' title='bbox 164 717 250 744; x_wconf 88' lang='lat' dir='ltr'>eum</span> <span class='ocrx_word' id='word_1_66' title='bbox 275 710 575 744; x_wconf 86' lang='lat' dir='ltr'>antecesserunt</span> <span class='ocrx_word' id='word_1_67' title='bbox 594 711 659 744; x_wconf 89' lang='lat' dir='ltr'>aut</span> <span class='ocrx_word' id='word_1_68' title='bbox 684 711 818 758; x_wconf 85' lang='lat' dir='ltr'>postea</span> <span class='ocrx_word' id='word_1_69' title='bbox 842 704 964 744; x_wconf 89' lang='lat' dir='ltr'>secuti</span> <span class='ocrx_word' id='word_1_70' title='bbox 991 711 1096 754; x_wconf 88' lang='lat' dir='ltr'>sunt,</span> <span class='ocrx_word' id='word_1_71' title='bbox 1133 704 1243 744; x_wconf 76' lang='lat' dir='ltr'>facite</span> <span class='ocrx_word' id='word_1_72' title='bbox 1271 704 1549 754; x_wconf 73' lang='lat' dir='ltr'>consulabitur,</span> <span class='ocrx_word' id='word_1_73' title='bbox 1583 712 1623 744; x_wconf 92' lang='lat' dir='ltr'>ut</span> <span class='ocrx_word' id='word_1_74' title='bbox 1649 704 1709 758; x_wconf 90' lang='lat' dir='ltr'>qui</span> 
     </span>
     <span class='ocr_line' id='line_1_9' title="bbox 164 772 1711 827; baseline 0 -14"><span class='ocrx_word' id='word_1_75' title='bbox 164 786 185 813; x_wconf 83' lang='lat' dir='ltr'>a</span> <span class='ocrx_word' id='word_1_76' title='bbox 214 773 381 812; x_wconf 89' lang='lat' dir='ltr'>veritate</span> <span class='ocrx_word' id='word_1_77' title='bbox 414 772 584 827; x_wconf 84' lang='lat' dir='ltr'>seipsum</span> <span class='ocrx_word' id='word_1_78' title='bbox 621 772 926 824; x_wconf 83' lang='lat' dir='ltr'>abalienaverit,</span> <span class='ocrx_word' id='word_1_79' title='bbox 970 787 1014 813; x_wconf 90' lang='lat' dir='ltr'>ac</span> <span class='ocrx_word' id='word_1_80' title='bbox 1047 773 1154 813; x_wconf 84' lang='lat' dir='ltr'>velut</span> <span class='ocrx_word' id='word_1_81' title='bbox 1188 786 1237 812; x_wconf 84' lang='lat' dir='ltr'>ex</span> <span class='ocrx_word' id='word_1_82' title='bbox 1273 773 1386 827; x_wconf 86' lang='lat' dir='ltr'>ignea</span> <span class='ocrx_word' id='word_1_83' title='bbox 1417 773 1711 827; x_wconf 76' lang='lat' dir='ltr'>splendentique</span> 
     </span>
     <span class='ocr_line' id='line_1_10' title="bbox 164 839 1713 895; baseline 0.001 -15"><span class='ocrx_word' id='word_1_84' title='bbox 164 841 246 882; x_wconf 87' lang='lat' dir='ltr'>face</span> <span class='ocrx_word' id='word_1_85' title='bbox 272 841 309 881; x_wconf 89' lang='lat' dir='ltr'>in</span> <span class='ocrx_word' id='word_1_86' title='bbox 337 840 535 895; x_wconf 73' lang='lat' dir='ltr'>fuliginem</span> <span class='ocrx_word' id='word_1_87' title='bbox 560 855 777 882; x_wconf 82' lang='lat' dir='ltr'>conversus</span> <span class='ocrx_word' id='word_1_88' title='bbox 802 841 867 881; x_wconf 91' lang='lat' dir='ltr'>sit.</span> <span class='ocrx_word' id='word_1_89' title='bbox 932 839 1046 895; x_wconf 81' lang='lat' dir='ltr'>Quod</span> <span class='ocrx_word' id='word_1_90' title='bbox 1083 841 1182 881; x_wconf 89' lang='lat' dir='ltr'>enim</span> <span class='ocrx_word' id='word_1_91' title='bbox 1218 842 1262 881; x_wconf 90' lang='lat' dir='ltr'>ad</span> <span class='ocrx_word' id='word_1_92' title='bbox 1294 848 1532 882; x_wconf 88' lang='lat' dir='ltr'>mortuorum</span> <span class='ocrx_word' id='word_1_93' title='bbox 1564 842 1713 881; x_wconf 67' lang='lat' dir='ltr'>ext-ita-</span> 
     </span>
     <span class='ocr_line' id='line_1_11' title="bbox 169 910 1710 965; baseline -0.001 -15"><span class='ocrx_word' id='word_1_94' title='bbox 169 910 312 950; x_wconf 85' lang='lat' dir='ltr'>tionem</span> <span class='ocrx_word' id='word_1_95' title='bbox 341 910 496 959; x_wconf 80' lang='lat' dir='ltr'>attinet,</span> <span class='ocrx_word' id='word_1_96' title='bbox 532 910 619 949; x_wconf 88' lang='lat' dir='ltr'>licet</span> <span class='ocrx_word' id='word_1_97' title='bbox 642 910 688 950; x_wconf 91' lang='lat' dir='ltr'>de</span> <span class='ocrx_word' id='word_1_98' title='bbox 714 923 757 950; x_wconf 88' lang='lat' dir='ltr'>ea</span> <span class='ocrx_word' id='word_1_99' title='bbox 783 910 938 965; x_wconf 88' lang='lat' dir='ltr'>saepius</span> <span class='ocrx_word' id='word_1_100' title='bbox 962 911 999 950; x_wconf 91' lang='lat' dir='ltr'>in</span> <span class='ocrx_word' id='word_1_101' title='bbox 1025 910 1109 951; x_wconf 86' lang='lat' dir='ltr'>aliis</span> <span class='ocrx_word' id='word_1_102' title='bbox 1134 910 1363 951; x_wconf 80' lang='lat' dir='ltr'>haeresibus</span> <span class='ocrx_word' id='word_1_103' title='bbox 1387 911 1619 965; x_wconf 82' lang='lat' dir='ltr'>disputatum</span> <span class='ocrx_word' id='word_1_104' title='bbox 1645 910 1710 960; x_wconf 88' lang='lat' dir='ltr'>sit,</span> 
     </span>
     <span class='ocr_line' id='line_1_12' title="bbox 165 978 1713 1033; baseline -0.001 -14"><span class='ocrx_word' id='word_1_105' title='bbox 165 993 241 1019; x_wconf 92' lang='lat' dir='ltr'>non</span> <span class='ocrx_word' id='word_1_106' title='bbox 265 978 461 1033; x_wconf 78' lang='lat' dir='ltr'>gravabor</span> <span class='ocrx_word' id='word_1_107' title='bbox 482 979 620 1018; x_wconf 91' lang='lat' dir='ltr'>iterum</span> <span class='ocrx_word' id='word_1_108' title='bbox 646 978 777 1033; x_wconf 87' lang='lat' dir='ltr'>paucis</span> <span class='ocrx_word' id='word_1_109' title='bbox 804 979 850 1019; x_wconf 89' lang='lat' dir='ltr'>ad</span> <span class='ocrx_word' id='word_1_110' title='bbox 875 993 961 1019; x_wconf 90' lang='lat' dir='ltr'>eum</span> <span class='ocrx_word' id='word_1_111' title='bbox 996 980 1252 1020; x_wconf 76' lang='lat' dir='ltr'>refellendum</span> <span class='ocrx_word' id='word_1_112' title='bbox 1277 979 1410 1019; x_wconf 88' lang='lat' dir='ltr'>eadem</span> <span class='ocrx_word' id='word_1_113' title='bbox 1441 980 1487 1019; x_wconf 89' lang='lat' dir='ltr'>de</span> <span class='ocrx_word' id='word_1_114' title='bbox 1517 993 1557 1019; x_wconf 88' lang='lat' dir='ltr'>re</span> <span class='ocrx_word' id='word_1_115' title='bbox 1591 979 1713 1019; x_wconf 87' lang='lat' dir='ltr'>disse-</span> 
     </span>
     <span class='ocr_line' id='line_1_13' title="bbox 164 1046 1714 1098; baseline 0.001 -11"><span class='ocrx_word' id='word_1_116' title='bbox 164 1061 268 1088; x_wconf 86' lang='lat' dir='ltr'>rere.</span> <span class='ocrx_word' id='word_1_117' title='bbox 332 1046 435 1087; x_wconf 84' lang='lat' dir='ltr'>Nam</span> <span class='ocrx_word' id='word_1_118' title='bbox 464 1047 495 1087; x_wconf 93' lang='lat' dir='ltr'>si</span> <span class='ocrx_word' id='word_1_119' title='bbox 522 1054 635 1088; x_wconf 81' lang='lat' dir='ltr'>vetus</span> <span class='ocrx_word' id='word_1_120' title='bbox 661 1054 934 1088; x_wconf 85' lang='lat' dir='ltr'>testamentum</span> <span class='ocrx_word' id='word_1_121' title='bbox 957 1062 1001 1088; x_wconf 89' lang='lat' dir='ltr'>ae</span> <span class='ocrx_word' id='word_1_122' title='bbox 1026 1063 1168 1088; x_wconf 83' lang='lat' dir='ltr'>novum</span> <span class='ocrx_word' id='word_1_123' title='bbox 1195 1047 1381 1098; x_wconf 86' lang='lat' dir='ltr'>admittis,</span> <span class='ocrx_word' id='word_1_124' title='bbox 1417 1062 1546 1088; x_wconf 89' lang='lat' dir='ltr'>nonne</span> <span class='ocrx_word' id='word_1_125' title='bbox 1569 1054 1606 1088; x_wconf 81' lang='lat' dir='ltr'>et</span> <span class='ocrx_word' id='word_1_126' title='bbox 1629 1062 1714 1088; x_wconf 88' lang='lat' dir='ltr'>cor-</span> 
     </span>
     <span class='ocr_line' id='line_1_14' title="bbox 165 1115 1715 1171; baseline -0.001 -14"><span class='ocrx_word' id='word_1_127' title='bbox 165 1115 318 1171; x_wconf 81' lang='lat' dir='ltr'>rupisse</span> <span class='ocrx_word' id='word_1_128' title='bbox 343 1116 522 1156; x_wconf 84' lang='lat' dir='ltr'>veritatis</span> <span class='ocrx_word' id='word_1_129' title='bbox 548 1116 674 1166; x_wconf 82' lang='lat' dir='ltr'>viam,</span> <span class='ocrx_word' id='word_1_130' title='bbox 709 1124 748 1157; x_wconf 84' lang='lat' dir='ltr'>et</span> <span class='ocrx_word' id='word_1_131' title='bbox 775 1131 796 1157; x_wconf 85' lang='lat' dir='ltr'>a</span> <span class='ocrx_word' id='word_1_132' title='bbox 823 1116 1029 1158; x_wconf 83' lang='lat' dir='ltr'>verissima</span> <span class='ocrx_word' id='word_1_133' title='bbox 1063 1117 1206 1157; x_wconf 89' lang='lat' dir='ltr'>domini</span> <span class='ocrx_word' id='word_1_134' title='bbox 1236 1118 1316 1158; x_wconf 82' lang='lat' dir='ltr'>vita</span> <span class='ocrx_word' id='word_1_135' title='bbox 1347 1116 1561 1157; x_wconf 87' lang='lat' dir='ltr'>abhorrere</span> <span class='ocrx_word' id='word_1_136' title='bbox 1593 1117 1715 1156; x_wconf 85' lang='lat' dir='ltr'>mani-</span> 
     </span>
     <span class='ocr_line' id='line_1_15' title="bbox 166 1184 1714 1241; baseline 0 -15"><span class='ocrx_word' id='word_1_137' title='bbox 166 1186 263 1226; x_wconf 88' lang='lat' dir='ltr'>feste</span> <span class='ocrx_word' id='word_1_138' title='bbox 288 1184 562 1225; x_wconf 82' lang='lat' dir='ltr'>convinceris?</span> <span class='ocrx_word' id='word_1_139' title='bbox 601 1184 801 1240; x_wconf 83' lang='lat' dir='ltr'>Siquidem</span> <span class='ocrx_word' id='word_1_140' title='bbox 827 1186 1007 1241; x_wconf 88' lang='lat' dir='ltr'>princeps</span> <span class='ocrx_word' id='word_1_141' title='bbox 1030 1187 1112 1241; x_wconf 87' lang='lat' dir='ltr'>ipse</span> <span class='ocrx_word' id='word_1_142' title='bbox 1139 1186 1333 1236; x_wconf 89' lang='lat' dir='ltr'>dominus,</span> <span class='ocrx_word' id='word_1_143' title='bbox 1369 1185 1420 1225; x_wconf 94' lang='lat' dir='ltr'>uti</span> <span class='ocrx_word' id='word_1_144' title='bbox 1447 1186 1558 1226; x_wconf 91' lang='lat' dir='ltr'>nobis</span> <span class='ocrx_word' id='word_1_145' title='bbox 1583 1200 1714 1226; x_wconf 89' lang='lat' dir='ltr'>resur-</span> 
     </span>
     <span class='ocr_line' id='line_1_16' title="bbox 165 1252 1906 1311; baseline 0 -16"><span class='ocrx_word' id='word_1_146' title='bbox 165 1252 354 1295; x_wconf 88' lang='lat' dir='ltr'>rectionis</span> <span class='ocrx_word' id='word_1_147' title='bbox 386 1253 551 1294; x_wconf 82' lang='lat' dir='ltr'>arrhabo</span> <span class='ocrx_word' id='word_1_148' title='bbox 583 1255 735 1308; x_wconf 89' lang='lat' dir='ltr'>quidem</span> <span class='ocrx_word' id='word_1_149' title='bbox 768 1262 875 1296; x_wconf 88' lang='lat' dir='ltr'>esset</span> <span class='ocrx_word' id='word_1_150' title='bbox 904 1270 948 1296; x_wconf 84' lang='lat' dir='ltr'>ac</span> <span class='ocrx_word' id='word_1_151' title='bbox 978 1255 1259 1311; x_wconf 86' lang='lat' dir='ltr'>primogenitus</span> <span class='ocrx_word' id='word_1_152' title='bbox 1295 1269 1316 1295; x_wconf 90' lang='lat' dir='ltr'>e</span> <span class='ocrx_word' id='word_1_153' title='bbox 1350 1255 1536 1306; x_wconf 88' lang='lat' dir='ltr'>mortuis,</span> <span class='ocrx_word' id='word_1_154' title='bbox 1581 1261 1714 1295; x_wconf 85' lang='lat' dir='ltr'>nostra</span> <span class='ocrx_word' id='word_1_155' title='bbox 1736 1261 1906 1298; x_wconf 72' lang='lat' dir='ltr'>Col,1,18.</span> 
     </span>
     <span class='ocr_line' id='line_1_17' title="bbox 168 1324 1714 1379; baseline 0.001 -16"><span class='ocrx_word' id='word_1_156' title='bbox 168 1337 308 1363; x_wconf 84' lang='lat' dir='ltr'>caussa</span> <span class='ocrx_word' id='word_1_157' title='bbox 335 1331 512 1363; x_wconf 90' lang='lat' dir='ltr'>mortuus</span> <span class='ocrx_word' id='word_1_158' title='bbox 537 1330 619 1373; x_wconf 87' lang='lat' dir='ltr'>est,</span> <span class='ocrx_word' id='word_1_159' title='bbox 654 1338 699 1364; x_wconf 83' lang='lat' dir='ltr'>ac</span> <span class='ocrx_word' id='word_1_160' title='bbox 723 1325 966 1365; x_wconf 77' lang='lat' dir='ltr'>resurrexit:</span> <span class='ocrx_word' id='word_1_161' title='bbox 1001 1338 1126 1379; x_wconf 86' lang='lat' dir='ltr'>neque</span> <span class='ocrx_word' id='word_1_162' title='bbox 1157 1324 1288 1379; x_wconf 83' lang='lat' dir='ltr'>speeie</span> <span class='ocrx_word' id='word_1_163' title='bbox 1323 1331 1435 1364; x_wconf 90' lang='lat' dir='ltr'>tenus</span> <span class='ocrx_word' id='word_1_164' title='bbox 1468 1331 1528 1364; x_wconf 89' lang='lat' dir='ltr'>est</span> <span class='ocrx_word' id='word_1_165' title='bbox 1559 1338 1714 1379; x_wconf 90' lang='lat' dir='ltr'>passus,</span> 
     </span>
     <span class='ocr_line' id='line_1_18' title="bbox 168 1392 1846 1465; baseline 0.001 -33"><span class='ocrx_word' id='word_1_166' title='bbox 168 1398 301 1447; x_wconf 89' lang='lat' dir='ltr'>utpote</span> <span class='ocrx_word' id='word_1_167' title='bbox 336 1392 399 1446; x_wconf 88' lang='lat' dir='ltr'>qui</span> <span class='ocrx_word' id='word_1_168' title='bbox 424 1392 475 1432; x_wconf 86' lang='lat' dir='ltr'>sit</span> <span class='ocrx_word' id='word_1_169' title='bbox 496 1392 693 1446; x_wconf 85' lang='lat' dir='ltr'>sepultus,</span> <span class='ocrx_word' id='word_1_170' title='bbox 729 1394 889 1448; x_wconf 90' lang='lat' dir='ltr'>eiusque</span> <span class='ocrx_word' id='word_1_171' title='bbox 924 1408 1065 1448; x_wconf 90' lang='lat' dir='ltr'>corpus</span> <span class='ocrx_word' id='word_1_172' title='bbox 1097 1393 1271 1433; x_wconf 89' lang='lat' dir='ltr'>nonnulli</span> <span class='ocrx_word' id='word_1_173' title='bbox 1304 1393 1570 1446; x_wconf 82' lang='lat' dir='ltr'>gestaverint,</span> <span class='ocrx_word' id='word_1_174' title='bbox 1606 1393 1715 1433; x_wconf 89' lang='lat' dir='ltr'>testis</span> <span class='ocrx_word' id='word_1_175' title='bbox 1735 1400 1846 1465; x_wconf 43' lang='grc' dir='ltr'>ἕξειὲξ-</span> 
     </span>
     <span class='ocr_line' id='line_1_19' title="bbox 168 1454 1902 1517; baseline -0.001 -16"><span class='ocrx_word' id='word_1_176' title='bbox 168 1468 228 1502; x_wconf 89' lang='lat' dir='ltr'>est</span> <span class='ocrx_word' id='word_1_177' title='bbox 249 1459 436 1516; x_wconf 82' lang='lat' dir='ltr'>Iosephus</span> <span class='ocrx_word' id='word_1_178' title='bbox 461 1461 826 1513; x_wconf 82' lang='lat' dir='ltr'>Arimathaeensis,</span> <span class='ocrx_word' id='word_1_179' title='bbox 872 1469 993 1503; x_wconf 88' lang='lat' dir='ltr'>testes</span> <span class='ocrx_word' id='word_1_180' title='bbox 1027 1463 1116 1503; x_wconf 89' lang='lat' dir='ltr'>illae</span> <span class='ocrx_word' id='word_1_181' title='bbox 1150 1461 1334 1502; x_wconf 89' lang='lat' dir='ltr'>mulieres</span> <span class='ocrx_word' id='word_1_182' title='bbox 1368 1476 1466 1517; x_wconf 88' lang='lat' dir='ltr'>quae</span> <span class='ocrx_word' id='word_1_183' title='bbox 1501 1463 1547 1503; x_wconf 90' lang='lat' dir='ltr'>ad</span> <span class='ocrx_word' id='word_1_184' title='bbox 1578 1477 1715 1503; x_wconf 90' lang='lat' dir='ltr'>monu-</span> <span class='ocrx_word' id='word_1_185' title='bbox 1735 1454 1902 1500; x_wconf 55' lang='lat' dir='ltr'>Mint‘th&#39;ae.</span> 
     </span>
     <span class='ocr_line' id='line_1_20' title="bbox 168 1530 1715 1584; baseline 0.002 -15"><span class='ocrx_word' id='word_1_186' title='bbox 168 1537 338 1570; x_wconf 89' lang='lat' dir='ltr'>mentum</span> <span class='ocrx_word' id='word_1_187' title='bbox 371 1536 570 1584; x_wconf 86' lang='lat' dir='ltr'>unguenta</span> <span class='ocrx_word' id='word_1_188' title='bbox 603 1531 847 1581; x_wconf 88' lang='lat' dir='ltr'>detulerunt,</span> <span class='ocrx_word' id='word_1_189' title='bbox 882 1538 1004 1572; x_wconf 85' lang='lat' dir='ltr'>testes</span> <span class='ocrx_word' id='word_1_190' title='bbox 1028 1538 1182 1571; x_wconf 90' lang='lat' dir='ltr'>centum</span> <span class='ocrx_word' id='word_1_191' title='bbox 1207 1531 1296 1571; x_wconf 90' lang='lat' dir='ltr'>illae</span> <span class='ocrx_word' id='word_1_192' title='bbox 1324 1531 1432 1572; x_wconf 74' lang='lat' dir='ltr'>aloe&#39;s</span> <span class='ocrx_word' id='word_1_193' title='bbox 1458 1530 1604 1583; x_wconf 88' lang='lat' dir='ltr'>librae,</span> <span class='ocrx_word' id='word_1_194' title='bbox 1638 1546 1715 1572; x_wconf 90' lang='lat' dir='ltr'>non</span> 
     </span>
     <span class='ocr_line' id='line_1_21' title="bbox 169 1592 1717 1655; baseline 0.001 -15"><span class='ocrx_word' id='word_1_195' title='bbox 169 1592 253 1640; x_wconf 79' lang='lat' dir='ltr'>eam</span> <span class='ocrx_word' id='word_1_196' title='bbox 279 1599 433 1640; x_wconf 90' lang='lat' dir='ltr'>inanem</span> <span class='ocrx_word' id='word_1_197' title='bbox 460 1598 681 1653; x_wconf 89' lang='lat' dir='ltr'>opinionem</span> <span class='ocrx_word' id='word_1_198' title='bbox 708 1606 822 1653; x_wconf 88' lang='lat' dir='ltr'>atque</span> <span class='ocrx_word' id='word_1_199' title='bbox 854 1600 1061 1654; x_wconf 81' lang='lat' dir='ltr'>imaginem</span> <span class='ocrx_word' id='word_1_200' title='bbox 1091 1599 1226 1640; x_wconf 86' lang='lat' dir='ltr'>fuisse.</span> <span class='ocrx_word' id='word_1_201' title='bbox 1289 1599 1433 1641; x_wconf 88' lang='lat' dir='ltr'>Testes</span> <span class='ocrx_word' id='word_1_202' title='bbox 1459 1600 1624 1655; x_wconf 89' lang='lat' dir='ltr'>denique</span> <span class='ocrx_word' id='word_1_203' title='bbox 1649 1614 1717 1641; x_wconf 89' lang='lat' dir='ltr'>an-</span> 
     </span>
     <span class='ocr_line' id='line_1_22' title="bbox 168 1667 1921 1724; baseline 0 -17"><span class='ocrx_word' id='word_1_204' title='bbox 168 1668 262 1721; x_wconf 86' lang='lat' dir='ltr'>geli,</span> <span class='ocrx_word' id='word_1_205' title='bbox 295 1668 359 1722; x_wconf 90' lang='lat' dir='ltr'>qui</span> <span class='ocrx_word' id='word_1_206' title='bbox 384 1668 418 1708; x_wconf 91' lang='lat' dir='ltr'>id</span> <span class='ocrx_word' id='word_1_207' title='bbox 442 1667 669 1708; x_wconf 90' lang='lat' dir='ltr'>mulieribus</span> <span class='ocrx_word' id='word_1_208' title='bbox 694 1667 943 1708; x_wconf 84' lang='lat' dir='ltr'>declararint.</span> <span class='ocrx_word' id='word_1_209' title='bbox 1000 1671 1195 1717; x_wconf 69' lang='lat' dir='ltr'>Surrexit,</span> <span class='ocrx_word' id='word_1_210' title='bbox 1231 1668 1425 1724; x_wconf 87' lang='lat' dir='ltr'>inquiunt,</span> <span class='ocrx_word' id='word_1_211' title='bbox 1458 1685 1531 1709; x_wconf 82' lang='lat' dir='ltr'>non</span> <span class='ocrx_word' id='word_1_212' title='bbox 1558 1678 1617 1708; x_wconf 86' lang='lat' dir='ltr'>est</span> <span class='ocrx_word' id='word_1_213' title='bbox 1636 1671 1710 1708; x_wconf 74' lang='lat' dir='ltr'>ln&#39;c.</span> <span class='ocrx_word' id='word_1_214' title='bbox 1735 1678 1830 1707; x_wconf 76' lang='lat' dir='ltr'>Marc.</span> <span class='ocrx_word' id='word_1_215' title='bbox 1842 1679 1884 1713; x_wconf 86' lang='lat'>16,</span> <span class='ocrx_word' id='word_1_216' title='bbox 1896 1679 1921 1707; x_wconf 83' lang='grc'>6.</span> 
     </span>
     <span class='ocr_line' id='line_1_23' title="bbox 170 1735 1721 1792; baseline 0.001 -15"><span class='ocrx_word' id='word_1_217' title='bbox 170 1735 272 1791; x_wconf 84' lang='lat' dir='ltr'>Quid</span> <span class='ocrx_word' id='word_1_218' title='bbox 300 1735 484 1791; x_wconf 85' lang='lat' dir='ltr'>quaeritis</span> <span class='ocrx_word' id='word_1_219' title='bbox 510 1736 707 1777; x_wconf 67' lang='lat' dir='ltr'>&#39;viventem</span> <span class='ocrx_word' id='word_1_220' title='bbox 733 1751 818 1777; x_wconf 82' lang='lat' dir='ltr'>cuin</span> <span class='ocrx_word' id='word_1_221' title='bbox 850 1737 1042 1777; x_wconf 85' lang='lat' dir='ltr'>mortuis?</span> <span class='ocrx_word' id='word_1_222' title='bbox 1100 1735 1242 1792; x_wconf 86' lang='lat' dir='ltr'>Neque</span> <span class='ocrx_word' id='word_1_223' title='bbox 1271 1752 1366 1778; x_wconf 86' lang='lat' dir='ltr'>vero</span> <span class='ocrx_word' id='word_1_224' title='bbox 1398 1739 1519 1790; x_wconf 85' lang='lat' dir='ltr'>dixit,</span> <span class='ocrx_word' id='word_1_225' title='bbox 1553 1741 1639 1778; x_wconf 80' lang='lat' dir='ltr'>Non</span> <span class='ocrx_word' id='word_1_226' title='bbox 1663 1746 1721 1778; x_wconf 80' lang='lat' dir='ltr'>est</span> 
     </span>
     <span class='ocr_line' id='line_1_24' title="bbox 170 1806 1717 1862; baseline 0.001 -16"><span class='ocrx_word' id='word_1_227' title='bbox 170 1814 354 1853; x_wconf 81' lang='lat' dir='ltr'>mortuas,</span> <span class='ocrx_word' id='word_1_228' title='bbox 392 1806 458 1846; x_wconf 88' lang='lat' dir='ltr'>sed</span> <span class='ocrx_word' id='word_1_229' title='bbox 484 1808 679 1854; x_wconf 64' lang='lat' dir='ltr'>Surrexit,</span> <span class='ocrx_word' id='word_1_230' title='bbox 715 1806 778 1861; x_wconf 94' lang='lat' dir='ltr'>qui</span> <span class='ocrx_word' id='word_1_231' title='bbox 801 1807 836 1846; x_wconf 94' lang='lat' dir='ltr'>in</span> <span class='ocrx_word' id='word_1_232' title='bbox 859 1820 976 1846; x_wconf 85' lang='lat' dir='ltr'>carue</span> <span class='ocrx_word' id='word_1_233' title='bbox 998 1820 1136 1861; x_wconf 89' lang='lat' dir='ltr'>passus</span> <span class='ocrx_word' id='word_1_234' title='bbox 1156 1806 1295 1861; x_wconf 90' lang='lat' dir='ltr'>spiritu</span> <span class='ocrx_word' id='word_1_235' title='bbox 1317 1815 1505 1862; x_wconf 89' lang='lat' dir='ltr'>perpetuo</span> <span class='ocrx_word' id='word_1_236' title='bbox 1528 1807 1640 1857; x_wconf 86' lang='lat' dir='ltr'>vivit,</span> <span class='ocrx_word' id='word_1_237' title='bbox 1674 1822 1717 1847; x_wconf 86' lang='lat' dir='ltr'>ac</span> 
     </span>
     <span class='ocr_line' id='line_1_25' title="bbox 170 1874 1718 1931; baseline 0.001 -15"><span class='ocrx_word' id='word_1_238' title='bbox 170 1876 383 1916; x_wconf 90' lang='lat' dir='ltr'>secundum</span> <span class='ocrx_word' id='word_1_239' title='bbox 414 1874 657 1914; x_wconf 85' lang='lat' dir='ltr'>divinitatem</span> <span class='ocrx_word' id='word_1_240' title='bbox 689 1889 797 1916; x_wconf 88' lang='lat' dir='ltr'>snam</span> <span class='ocrx_word' id='word_1_241' title='bbox 836 1875 1099 1930; x_wconf 84' lang='lat' dir='ltr'>perpessionis</span> <span class='ocrx_word' id='word_1_242' title='bbox 1125 1875 1250 1915; x_wconf 85' lang='lat' dir='ltr'>omnis</span> <span class='ocrx_word' id='word_1_243' title='bbox 1278 1883 1337 1916; x_wconf 88' lang='lat' dir='ltr'>est</span> <span class='ocrx_word' id='word_1_244' title='bbox 1364 1890 1524 1931; x_wconf 81' lang='lat' dir='ltr'>expers.</span> <span class='ocrx_word' id='word_1_245' title='bbox 1588 1874 1665 1930; x_wconf 83' lang='lat' dir='ltr'>Qui</span> <span class='ocrx_word' id='word_1_246' title='bbox 1697 1890 1718 1917; x_wconf 89' lang='lat' dir='ltr'>e</span> 
     </span>
     <span class='ocr_line' id='line_1_26' title="bbox 170 1943 1718 2001; baseline -0.001 -15"><span class='ocrx_word' id='word_1_247' title='bbox 170 1944 362 2001; x_wconf 88' lang='lat' dir='ltr'>supremis</span> <span class='ocrx_word' id='word_1_248' title='bbox 390 1951 499 1984; x_wconf 90' lang='lat' dir='ltr'>ortus</span> <span class='ocrx_word' id='word_1_249' title='bbox 523 1951 562 1984; x_wconf 87' lang='lat' dir='ltr'>et</span> <span class='ocrx_word' id='word_1_250' title='bbox 583 1958 603 1984; x_wconf 87' lang='lat' dir='ltr'>a</span> <span class='ocrx_word' id='word_1_251' title='bbox 631 1951 738 1998; x_wconf 84' lang='lat' dir='ltr'>patre</span> <span class='ocrx_word' id='word_1_252' title='bbox 762 1943 916 1998; x_wconf 82' lang='lat' dir='ltr'>genitus</span> <span class='ocrx_word' id='word_1_253' title='bbox 942 1951 1128 1999; x_wconf 84' lang='lat' dir='ltr'>perpetuo</span> <span class='ocrx_word' id='word_1_254' title='bbox 1154 1945 1302 1985; x_wconf 81' lang='lat' dir='ltr'>existit.</span> <span class='ocrx_word' id='word_1_255' title='bbox 1367 1943 1472 1985; x_wconf 88' lang='lat' dir='ltr'>ldem</span> <span class='ocrx_word' id='word_1_256' title='bbox 1496 1952 1623 1986; x_wconf 85' lang='lat' dir='ltr'>tamen</span> <span class='ocrx_word' id='word_1_257' title='bbox 1650 1959 1718 1985; x_wconf 89' lang='lat' dir='ltr'>no·</span> 
     </span>
     <span class='ocr_line' id='line_1_27' title="bbox 170 2011 1717 2068; baseline -0.001 -13"><span class='ocrx_word' id='word_1_258' title='bbox 170 2014 342 2055; x_wconf 89' lang='lat' dir='ltr'>vissimis</span> <span class='ocrx_word' id='word_1_259' title='bbox 371 2012 608 2068; x_wconf 87' lang='lat' dir='ltr'>temporibus</span> <span class='ocrx_word' id='word_1_260' title='bbox 640 2027 692 2053; x_wconf 84' lang='lat' dir='ltr'>ex</span> <span class='ocrx_word' id='word_1_261' title='bbox 716 2011 844 2052; x_wconf 79' lang='lat' dir='ltr'>Maria</span> <span class='ocrx_word' id='word_1_262' title='bbox 875 2013 1026 2067; x_wconf 82' lang='lat' dir='ltr'>virgine</span> <span class='ocrx_word' id='word_1_263' title='bbox 1062 2013 1175 2054; x_wconf 88' lang='lat' dir='ltr'>homo</span> <span class='ocrx_word' id='word_1_264' title='bbox 1207 2013 1287 2054; x_wconf 82' lang='lat' dir='ltr'>lieri</span> <span class='ocrx_word' id='word_1_265' title='bbox 1317 2014 1460 2066; x_wconf 69' lang='lat' dir='ltr'>voluit,</span> <span class='ocrx_word' id='word_1_266' title='bbox 1504 2022 1545 2055; x_wconf 90' lang='lat' dir='ltr'>ut</span> <span class='ocrx_word' id='word_1_267' title='bbox 1572 2013 1717 2055; x_wconf 86' lang='lat' dir='ltr'>Paulus</span> 
     </span>
     <span class='ocr_line' id='line_1_28' title="bbox 171 2082 1894 2138; baseline 0 -16"><span class='ocrx_word' id='word_1_268' title='bbox 171 2089 338 2123; x_wconf 87' lang='lat' dir='ltr'>testatur</span> <span class='ocrx_word' id='word_1_269' title='bbox 358 2082 416 2123; x_wconf 84' lang='lat' dir='ltr'>his</span> <span class='ocrx_word' id='word_1_270' title='bbox 440 2082 594 2122; x_wconf 81' lang='lat' dir='ltr'>verbis:</span> <span class='ocrx_word' id='word_1_271' title='bbox 629 2085 769 2121; x_wconf 77' lang='lat' dir='ltr'>Factus</span> <span class='ocrx_word' id='word_1_272' title='bbox 791 2097 839 2121; x_wconf 67' lang='lat' dir='ltr'>ea·</span> <span class='ocrx_word' id='word_1_273' title='bbox 860 2084 1028 2130; x_wconf 81' lang='lat' dir='ltr'>muliere,</span> <span class='ocrx_word' id='word_1_274' title='bbox 1052 2086 1187 2135; x_wconf 76' lang='lat' dir='ltr'>faetus</span> <span class='ocrx_word' id='word_1_275' title='bbox 1209 2084 1278 2122; x_wconf 77' lang='lat' dir='ltr'>sub</span> <span class='ocrx_word' id='word_1_276' title='bbox 1300 2085 1395 2135; x_wconf 81' lang='lat' dir='ltr'>lege.</span> <span class='ocrx_word' id='word_1_277' title='bbox 1452 2082 1715 2138; x_wconf 84' lang='lat' dir='ltr'>Nunquamne</span> <span class='ocrx_word' id='word_1_278' title='bbox 1736 2088 1804 2116; x_wconf 81' lang='lat' dir='ltr'>Gal·</span> <span class='ocrx_word' id='word_1_279' title='bbox 1824 2090 1850 2123; x_wconf 79' lang='lat'>4,</span> <span class='ocrx_word' id='word_1_280' title='bbox 1869 2089 1894 2117; x_wconf 77' lang='lat'>⁴-</span> 
     </span>
     <span class='ocr_line' id='line_1_29' title="bbox 167 2150 1920 2206; baseline 0 -14"><span class='ocrx_word' id='word_1_281' title='bbox 167 2151 271 2192; x_wconf 79' lang='lat' dir='ltr'>ittam</span> <span class='ocrx_word' id='word_1_282' title='bbox 296 2151 513 2206; x_wconf 88' lang='lat' dir='ltr'>scripturae</span> <span class='ocrx_word' id='word_1_283' title='bbox 533 2150 766 2191; x_wconf 89' lang='lat' dir='ltr'>seutentiam</span> <span class='ocrx_word' id='word_1_284' title='bbox 791 2150 1008 2191; x_wconf 77' lang='lat' dir='ltr'>exaudisti:</span> <span class='ocrx_word' id='word_1_285' title='bbox 1045 2154 1199 2203; x_wconf 75' lang='lat' dir='ltr'>Oportet</span> <span class='ocrx_word' id='word_1_286' title='bbox 1215 2153 1460 2204; x_wconf 69' lang='lat' dir='ltr'>corruptibile</span> <span class='ocrx_word' id='word_1_287' title='bbox 1480 2155 1634 2191; x_wconf 71' lang='lat' dir='ltr'>z‘lzduere</span> <span class='ocrx_word' id='word_1_288' title='bbox 1657 2155 1713 2191; x_wconf 77' lang='lat' dir='ltr'>in-</span> <span class='ocrx_word' id='word_1_289' title='bbox 1727 2157 1920 2193; x_wconf 78' lang='lat' dir='ltr'>1.Cor.15,53.</span> 
     </span>
     <span class='ocr_line' id='line_1_30' title="bbox 171 2221 1715 2273; baseline 0 -13"><span class='ocrx_word' id='word_1_290' title='bbox 171 2224 470 2273; x_wconf 79' lang='lat' dir='ltr'>corruptionem,</span> <span class='ocrx_word' id='word_1_291' title='bbox 506 2228 543 2259; x_wconf 90' lang='lat' dir='ltr'>et</span> <span class='ocrx_word' id='word_1_292' title='bbox 570 2221 728 2259; x_wconf 79' lang='lat' dir='ltr'>mortale</span> <span class='ocrx_word' id='word_1_293' title='bbox 758 2221 827 2259; x_wconf 80' lang='lat' dir='ltr'>lzoe</span> <span class='ocrx_word' id='word_1_294' title='bbox 851 2222 1005 2259; x_wconf 78' lang='lat' dir='ltr'>iuduere</span> <span class='ocrx_word' id='word_1_295' title='bbox 1038 2223 1383 2260; x_wconf 79' lang='lat' dir='ltr'>immortalitatem?</span> <span class='ocrx_word' id='word_1_296' title='bbox 1442 2222 1505 2261; x_wconf 82' lang='lat' dir='ltr'>Au</span> <span class='ocrx_word' id='word_1_297' title='bbox 1539 2235 1613 2261; x_wconf 90' lang='lat' dir='ltr'>non</span> <span class='ocrx_word' id='word_1_298' title='bbox 1649 2221 1715 2261; x_wconf 93' lang='lat' dir='ltr'>tibi</span> 
     </span>
     <span class='ocr_line' id='line_1_31' title="bbox 172 2287 1910 2344; baseline -0.001 -14"><span class='ocrx_word' id='word_1_299' title='bbox 172 2287 294 2331; x_wconf 80' lang='lat' dir='ltr'>isaias</span> <span class='ocrx_word' id='word_1_300' title='bbox 321 2289 504 2344; x_wconf 86' lang='lat' dir='ltr'>propheta</span> <span class='ocrx_word' id='word_1_301' title='bbox 531 2289 747 2344; x_wconf 82' lang='lat' dir='ltr'>persuasit,</span> <span class='ocrx_word' id='word_1_302' title='bbox 782 2303 866 2328; x_wconf 90' lang='lat' dir='ltr'>cum</span> <span class='ocrx_word' id='word_1_303' title='bbox 894 2289 946 2330; x_wconf 86' lang='lat' dir='ltr'>ita</span> <span class='ocrx_word' id='word_1_304' title='bbox 970 2289 1160 2344; x_wconf 90' lang='lat' dir='ltr'>loquitur:</span> <span class='ocrx_word' id='word_1_305' title='bbox 1196 2293 1249 2330; x_wconf 88' lang='lat' dir='ltr'>Et</span> <span class='ocrx_word' id='word_1_306' title='bbox 1268 2294 1646 2341; x_wconf 73' lang='lat' dir='ltr'>mortniresurgent,</span> <span class='ocrx_word' id='word_1_307' title='bbox 1682 2298 1721 2329; x_wconf 85' lang='lat' dir='ltr'>et</span> <span class='ocrx_word' id='word_1_308' title='bbox 1744 2295 1910 2331; x_wconf 78' lang='lat' dir='ltr'>lsai-26‚l⁹</span> 
     </span>
     <span class='ocr_line' id='line_1_32' title="bbox 171 2352 1854 2425; baseline 0 -27"><span class='ocrx_word' id='word_1_309' title='bbox 171 2360 438 2398; x_wconf 68' lang='lat' dir='ltr'>excitabuntur</span> <span class='ocrx_word' id='word_1_310' title='bbox 461 2361 582 2411; x_wconf 76' lang='lat' dir='ltr'>quiin</span> <span class='ocrx_word' id='word_1_311' title='bbox 608 2361 852 2397; x_wconf 72' lang='lat' dir='ltr'>monumentis</span> <span class='ocrx_word' id='word_1_312' title='bbox 873 2362 992 2397; x_wconf 76' lang='lat' dir='ltr'>sunt?</span> <span class='ocrx_word' id='word_1_313' title='bbox 1036 2358 1097 2399; x_wconf 89' lang='lat' dir='ltr'>Ad</span> <span class='ocrx_word' id='word_1_314' title='bbox 1125 2358 1218 2399; x_wconf 86' lang='lat' dir='ltr'>haec</span> <span class='ocrx_word' id='word_1_315' title='bbox 1243 2360 1421 2399; x_wconf 89' lang='lat' dir='ltr'>domiuus</span> <span class='ocrx_word' id='word_1_316' title='bbox 1446 2359 1544 2413; x_wconf 83' lang='lat' dir='ltr'>ipse,</span> <span class='ocrx_word' id='word_1_317' title='bbox 1579 2361 1714 2398; x_wconf 74' lang='lat' dir='ltr'>Resur-</span> <span class='ocrx_word' id='word_1_318' title='bbox 1733 2352 1854 2425; x_wconf 44' lang='grc' dir='ltr'>,ἓξὲξ</span> 
     </span>
     <span class='ocr_line' id='line_1_33' title="bbox 168 2425 1714 2481; baseline 0.001 -14"><span class='ocrx_word' id='word_1_319' title='bbox 168 2435 282 2480; x_wconf 79' lang='lat' dir='ltr'>gent,</span> <span class='ocrx_word' id='word_1_320' title='bbox 316 2427 462 2481; x_wconf 89' lang='lat' dir='ltr'>inquit,</span> <span class='ocrx_word' id='word_1_321' title='bbox 495 2429 538 2466; x_wconf 81' lang='lat' dir='ltr'>lzi</span> <span class='ocrx_word' id='word_1_322' title='bbox 557 2429 594 2466; x_wconf 76' lang='lat' dir='ltr'>in</span> <span class='ocrx_word' id='word_1_323' title='bbox 618 2430 728 2466; x_wconf 75' lang='lat' dir='ltr'>vitam</span> <span class='ocrx_word' id='word_1_324' title='bbox 751 2435 962 2475; x_wconf 78' lang='lat' dir='ltr'>aeternam,</span> <span class='ocrx_word' id='word_1_325' title='bbox 997 2435 1036 2466; x_wconf 81' lang='lat' dir='ltr'>et</span> <span class='ocrx_word' id='word_1_326' title='bbox 1057 2431 1124 2467; x_wconf 78' lang='lat' dir='ltr'>isti</span> <span class='ocrx_word' id='word_1_327' title='bbox 1146 2432 1183 2468; x_wconf 76' lang='lat' dir='ltr'>in</span> <span class='ocrx_word' id='word_1_328' title='bbox 1208 2431 1460 2480; x_wconf 71' lang='lat' dir='ltr'>suppliciam?</span> <span class='ocrx_word' id='word_1_329' title='bbox 1502 2425 1594 2468; x_wconf 90' lang='lat' dir='ltr'>Non</span> <span class='ocrx_word' id='word_1_330' title='bbox 1624 2428 1714 2468; x_wconf 92' lang='lat' dir='ltr'>illud</span> 
     </span>
     <span class='ocr_line' id='line_1_34' title="bbox 173 2496 1903 2551; baseline 0.001 -15"><span class='ocrx_word' id='word_1_331' title='bbox 173 2496 339 2551; x_wconf 86' lang='lat' dir='ltr'>denique</span> <span class='ocrx_word' id='word_1_332' title='bbox 362 2496 498 2536; x_wconf 86' lang='lat' dir='ltr'>Abelis</span> <span class='ocrx_word' id='word_1_333' title='bbox 527 2502 615 2551; x_wconf 86' lang='lat' dir='ltr'>post</span> <span class='ocrx_word' id='word_1_334' title='bbox 647 2503 809 2535; x_wconf 87' lang='lat' dir='ltr'>mortem</span> <span class='ocrx_word' id='word_1_335' title='bbox 841 2510 924 2536; x_wconf 86' lang='lat' dir='ltr'>cum</span> <span class='ocrx_word' id='word_1_336' title='bbox 955 2497 1027 2536; x_wconf 89' lang='lat' dir='ltr'>deo</span> <span class='ocrx_word' id='word_1_337' title='bbox 1058 2497 1289 2551; x_wconf 89' lang='lat' dir='ltr'>colloquium</span> <span class='ocrx_word' id='word_1_338' title='bbox 1323 2496 1566 2547; x_wconf 86' lang='lat' dir='ltr'>recordaris,</span> <span class='ocrx_word' id='word_1_339' title='bbox 1600 2504 1716 2551; x_wconf 88' lang='lat' dir='ltr'>utque</span> <span class='ocrx_word' id='word_1_340' title='bbox 1737 2514 1849 2551; x_wconf 58' lang='lat' dir='ltr'>Gemi,</span> <span class='ocrx_word' id='word_1_341' title='bbox 1863 2515 1903 2543; x_wconf 90' lang='lat'>10.</span> 
     </span>
     <span class='ocr_line' id='line_1_35' title="bbox 175 2564 1717 2620; baseline 0 -14"><span class='ocrx_word' id='word_1_342' title='bbox 175 2580 249 2606; x_wconf 92' lang='lat' dir='ltr'>non</span> <span class='ocrx_word' id='word_1_343' title='bbox 275 2564 376 2606; x_wconf 89' lang='lat' dir='ltr'>illius</span> <span class='ocrx_word' id='word_1_344' title='bbox 402 2565 586 2614; x_wconf 83' lang='lat' dir='ltr'>animam,</span> <span class='ocrx_word' id='word_1_345' title='bbox 621 2565 688 2604; x_wconf 91' lang='lat' dir='ltr'>sed</span> <span class='ocrx_word' id='word_1_346' title='bbox 718 2564 947 2617; x_wconf 77' lang='lat' dir='ltr'>sanguinem</span> <span class='ocrx_word' id='word_1_347' title='bbox 975 2565 1192 2620; x_wconf 84' lang='lat' dir='ltr'>supplicare</span> <span class='ocrx_word' id='word_1_348' title='bbox 1219 2565 1334 2615; x_wconf 86' lang='lat' dir='ltr'>dicat,</span> <span class='ocrx_word' id='word_1_349' title='bbox 1370 2580 1414 2605; x_wconf 88' lang='lat' dir='ltr'>ac</span> <span class='ocrx_word' id='word_1_350' title='bbox 1437 2566 1548 2606; x_wconf 86' lang='lat' dir='ltr'>deum</span> <span class='ocrx_word' id='word_1_351' title='bbox 1574 2566 1717 2606; x_wconf 86' lang='lat' dir='ltr'>elamo-</span> 
     </span>
     <span class='ocr_line' id='line_1_36' title="bbox 174 2631 1716 2689; baseline -0.001 -14"><span class='ocrx_word' id='word_1_352' title='bbox 174 2634 280 2676; x_wconf 92' lang='lat' dir='ltr'>ribus</span> <span class='ocrx_word' id='word_1_353' title='bbox 315 2633 593 2688; x_wconf 85' lang='lat' dir='ltr'>interpellare?</span> <span class='ocrx_word' id='word_1_354' title='bbox 656 2631 827 2688; x_wconf 82' lang='lat' dir='ltr'>Sanguis</span> <span class='ocrx_word' id='word_1_355' title='bbox 859 2648 976 2688; x_wconf 91' lang='lat' dir='ltr'>porro</span> <span class='ocrx_word' id='word_1_356' title='bbox 1015 2648 1257 2689; x_wconf 88' lang='lat' dir='ltr'>nequaquam</span> <span class='ocrx_word' id='word_1_357' title='bbox 1293 2634 1419 2674; x_wconf 89' lang='lat' dir='ltr'>anima</span> <span class='ocrx_word' id='word_1_358' title='bbox 1456 2641 1538 2685; x_wconf 89' lang='lat' dir='ltr'>est,</span> <span class='ocrx_word' id='word_1_359' title='bbox 1579 2635 1646 2675; x_wconf 85' lang='lat' dir='ltr'>sed</span> <span class='ocrx_word' id='word_1_360' title='bbox 1679 2635 1716 2674; x_wconf 91' lang='lat' dir='ltr'>in</span> 
     </span>
     <span class='ocr_line' id='line_1_37' title="bbox 174 2700 1714 2758; baseline 0 -15"><span class='ocrx_word' id='word_1_361' title='bbox 174 2702 365 2758; x_wconf 85' lang='lat' dir='ltr'>sanguine</span> <span class='ocrx_word' id='word_1_362' title='bbox 389 2702 514 2742; x_wconf 87' lang='lat' dir='ltr'>anima</span> <span class='ocrx_word' id='word_1_363' title='bbox 538 2703 664 2758; x_wconf 89' lang='lat' dir='ltr'>potius</span> <span class='ocrx_word' id='word_1_364' title='bbox 689 2702 805 2743; x_wconf 89' lang='lat' dir='ltr'>inest.</span> <span class='ocrx_word' id='word_1_365' title='bbox 857 2700 1010 2757; x_wconf 84' lang='lat' dir='ltr'>Quippe</span> <span class='ocrx_word' id='word_1_366' title='bbox 1032 2703 1193 2757; x_wconf 80' lang='lat' dir='ltr'>sanguis</span> <span class='ocrx_word' id='word_1_367' title='bbox 1217 2703 1451 2757; x_wconf 75' lang='lat' dir='ltr'>aspectabile</span> <span class='ocrx_word' id='word_1_368' title='bbox 1474 2717 1614 2758; x_wconf 91' lang='lat' dir='ltr'>corpus</span> <span class='ocrx_word' id='word_1_369' title='bbox 1640 2710 1714 2753; x_wconf 87' lang='lat' dir='ltr'>est,</span> 
     </span>
     <span class='ocr_line' id='line_1_38' title="bbox 174 2770 1718 2827; baseline -0.001 -15"><span class='ocrx_word' id='word_1_370' title='bbox 174 2771 303 2812; x_wconf 85' lang='lat' dir='ltr'>anima</span> <span class='ocrx_word' id='word_1_371' title='bbox 325 2785 444 2821; x_wconf 90' lang='lat' dir='ltr'>vero,</span> <span class='ocrx_word' id='word_1_372' title='bbox 479 2785 565 2811; x_wconf 89' lang='lat' dir='ltr'>cum</span> <span class='ocrx_word' id='word_1_373' title='bbox 591 2771 717 2812; x_wconf 89' lang='lat' dir='ltr'>visum</span> <span class='ocrx_word' id='word_1_374' title='bbox 749 2785 902 2812; x_wconf 90' lang='lat' dir='ltr'>omnem</span> <span class='ocrx_word' id='word_1_375' title='bbox 931 2771 1112 2827; x_wconf 78' lang='lat' dir='ltr'>effugiat,</span> <span class='ocrx_word' id='word_1_376' title='bbox 1148 2772 1184 2811; x_wconf 92' lang='lat' dir='ltr'>in</span> <span class='ocrx_word' id='word_1_377' title='bbox 1215 2771 1405 2824; x_wconf 80' lang='lat' dir='ltr'>sanguine</span> <span class='ocrx_word' id='word_1_378' title='bbox 1436 2772 1596 2813; x_wconf 86' lang='lat' dir='ltr'>residet.</span> <span class='ocrx_word' id='word_1_379' title='bbox 1660 2770 1718 2812; x_wconf 87' lang='lat' dir='ltr'>lta</span> 
     </span>
     <span class='ocr_line' id='line_1_39' title="bbox 175 2837 1717 2896; baseline 0.001 -17"><span class='ocrx_word' id='word_1_380' title='bbox 175 2839 366 2894; x_wconf 86' lang='lat' dir='ltr'>dogmatis</span> <span class='ocrx_word' id='word_1_381' title='bbox 390 2840 465 2890; x_wconf 88' lang='lat' dir='ltr'>tui,</span> <span class='ocrx_word' id='word_1_382' title='bbox 500 2854 522 2880; x_wconf 93' lang='lat' dir='ltr'>o</span> <span class='ocrx_word' id='word_1_383' title='bbox 548 2837 813 2892; x_wconf 87' lang='lat' dir='ltr'>Bardesiane,</span> <span class='ocrx_word' id='word_1_384' title='bbox 848 2840 1020 2896; x_wconf 88' lang='lat' dir='ltr'>pravitas</span> <span class='ocrx_word' id='word_1_385' title='bbox 1046 2840 1165 2895; x_wconf 88' lang='lat' dir='ltr'>ipsius</span> <span class='ocrx_word' id='word_1_386' title='bbox 1199 2839 1237 2879; x_wconf 78' lang='lat' dir='ltr'>vi</span> <span class='ocrx_word' id='word_1_387' title='bbox 1268 2840 1446 2882; x_wconf 83' lang='lat' dir='ltr'>veritatis</span> <span class='ocrx_word' id='word_1_388' title='bbox 1479 2855 1620 2882; x_wconf 80' lang='lat' dir='ltr'>eversa</span> <span class='ocrx_word' id='word_1_389' title='bbox 1651 2854 1717 2895; x_wconf 86' lang='lat' dir='ltr'>pe-</span> 
     </span>
     <span class='ocr_line' id='line_1_40' title="bbox 175 2907 492 2949; baseline 0 -1"><span class='ocrx_word' id='word_1_390' title='bbox 175 2907 278 2949; x_wconf 89' lang='lat' dir='ltr'>nitus</span> <span class='ocrx_word' id='word_1_391' title='bbox 309 2907 492 2949; x_wconf 87' lang='lat' dir='ltr'>concidit.</span> 
     </span>
    </p>

    <p class='ocr_par' dir='ltr' id='par_1_3' title="bbox 287 2975 1906 3034">
     <span class='ocr_line' id='line_1_41' title="bbox 287 2975 1906 3034; baseline 0.002 -16"><span class='ocrx_word' id='word_1_392' title='bbox 287 2975 348 3018; x_wconf 90' lang='lat' dir='ltr'>De</span> <span class='ocrx_word' id='word_1_393' title='bbox 373 2977 545 3033; x_wconf 90' lang='lat' dir='ltr'>pluribus</span> <span class='ocrx_word' id='word_1_394' title='bbox 568 2991 664 3019; x_wconf 91' lang='lat' dir='ltr'>vero</span> <span class='ocrx_word' id='word_1_395' title='bbox 689 2977 903 3034; x_wconf 85' lang='lat' dir='ltr'>principiis,</span> <span class='ocrx_word' id='word_1_396' title='bbox 938 2975 1117 3031; x_wconf 88' lang='lat' dir='ltr'>quoniam</span> <span class='ocrx_word' id='word_1_397' title='bbox 1139 2976 1328 3018; x_wconf 87' lang='lat' dir='ltr'>adversus</span> <span class='ocrx_word' id='word_1_398' title='bbox 1350 2977 1463 3029; x_wconf 81' lang='lat' dir='ltr'>alios,</span> <span class='ocrx_word' id='word_1_399' title='bbox 1498 2978 1561 3033; x_wconf 92' lang='lat' dir='ltr'>qui</span> <span class='ocrx_word' id='word_1_400' title='bbox 1584 2978 1622 3019; x_wconf 89' lang='lat' dir='ltr'>in</span> <span class='ocrx_word' id='word_1_401' title='bbox 1650 2991 1716 3018; x_wconf 87' lang='lat' dir='ltr'>eo·</span> <span class='ocrx_word' id='word_1_402' title='bbox 1744 2978 1823 3021; x_wconf 81' lang='lat' dir='ltr'>cap.</span> <span class='ocrx_word' id='word_1_403' title='bbox 1849 2979 1906 3011; x_wconf 58' lang='grc' dir='ltr'>ΠΕ</span> 
     </span>
    </p>
   </div>
   <div class='ocr_carea' id='block_1_3' title="bbox 221 3067 1446 3160">
    <p class='ocr_par' dir='ltr' id='par_1_4' title="bbox 221 3067 1446 3160">
     <span class='ocr_line' id='line_1_42' title="bbox 221 3067 1446 3140; baseline 0.006 -41"><span class='ocrx_word' id='word_1_404' title='bbox 221 3067 251 3099; x_wconf 79' lang='lat'>2.</span> <span class='ocrx_word' id='word_1_405' title='bbox 278 3069 365 3100; x_wconf 80' lang='lat' dir='ltr'>Libri</span> <span class='ocrx_word' id='word_1_406' title='bbox 388 3070 500 3101; x_wconf 78' lang='lat' dir='ltr'>habent</span> <span class='ocrx_word' id='word_1_407' title='bbox 522 3067 719 3112; x_wconf 77' lang='grc' dir='ltr'>προςβολοὶς.</span> <span class='ocrx_word' id='word_1_408' title='bbox 1424 3116 1446 3140; x_wconf 65' lang='grc'>*</span> 
     </span>
     <span class='ocr_line' id='line_1_43' title="bbox 1355 3119 1405 3160; baseline 0.04 -2"><span class='ocrx_word' id='word_1_409' title='bbox 1355 3119 1405 3160; x_wconf 92' lang='grc'>10</span> 
     </span>
    </p>
   </div>
  </div>
 </body>
</html>
