2066 3319
557 198 737 231 PANARII
760 199 844 230 Ltss.
865 199 906 230 II.
931 198 1039 230 TOM.
1058 199 1082 230 I.
1106 198 1238 230 HAER.
1263 198 1350 230 LIII.
1650 191 1728 230 119

178 294 250 320 nec
273 277 430 328 Iudaei,
465 291 537 318 nec
562 277 754 332 gentiles,
788 276 904 317 medii
933 277 1131 318 cuiusdam
1158 278 1341 332 generis,
1375 278 1460 318 sive
1485 278 1612 332 potius
1637 278 1729 318 nihil

178 347 337 388 omnino
371 353 477 387 sunt.
542 344 767 398 Quinetiam
796 345 910 385 alium
945 345 1087 386 habere
1117 360 1159 386 se
1188 346 1325 386 librum
1362 346 1586 400 praedicant
1616 360 1728 400 quem

176 414 286 456 fratri
308 413 449 455 Elxaei
483 413 670 454 tribuunt.
734 411 860 454 Unum
889 427 978 453 csse
1013 414 1124 453 deum
1157 421 1362 464 asserunt,
1397 429 1441 454 ac
1466 415 1585 455 certis
1617 429 1730 456 usur-

178 483 275 540 patis
305 483 505 538 baptismis
538 482 703 522 eundem
734 489 989 522 venerantur.
1054 481 1207 522 Iudaeis
1236 496 1353 536 porro
1382 482 1418 521 in
1455 483 1632 524 omnibus
1664 484 1729 523 ad-

177 553 426 593 haerescunt.
477 551 577 591 Sunt
601 550 703 591 inter
726 564 794 590 eos
818 551 879 604 qui
908 550 954 590 ab
981 551 1161 590 animatis
1184 549 1361 589 omnihus
1389 550 1600 591 abstinent.
1649 550 1728 592 Pro

176 620 294 661 Elxai
320 633 416 660 vero
443 618 564 673 stirpe
586 619 700 658 morti
722 633 811 659 sese
835 618 1080 658 committere
1105 633 1180 658 non
1207 617 1397 657 dubitant.
1451 616 1636 659 Ceterum
1662 634 1730 674 per

176 689 212 729 id
237 696 386 743 tempus
411 687 609 728 audieram
636 701 749 727 unam
775 701 796 727 e
822 686 968 727 duabus
992 686 1067 726 illis
1093 686 1273 726 seminam
1302 686 1463 736 obiisse,
1497 702 1596 740 quac.
1619 686 1729 729 Mar-

177 757 242 798 tho
271 755 566 805 nominabatur,
602 755 813 810 superstite
841 754 965 794 adhuc
993 753 1229 804 Marthana3
1265 754 1338 794 nisi
1371 754 1445 794 iam
1481 762 1519 794 ct
1551 756 1632 809 ipsa
1664 757 1729 796 de-

177 824 359 866 cesserit.
410 823 558 864 Ambas
585 823 669 863 illas
692 823 844 877 quoties
871 823 983 862 domo
1006 836 1242 877 progressae
1264 823 1392 876 aliquo
1417 836 1459 861 se
1487 824 1727 874 conferrent,

176 893 317 948 ingens
339 892 535 933 hominnm
562 892 763 932 multitudo
788 890 1069 941 comitabatur,
1105 891 1165 944 qui
1192 906 1268 931 nou
1293 892 1406 931 modo
1434 891 1570 945 pedum
1597 892 1730 946 pulve-

177 975 276 1012 rem,
304 961 371 1002 sed
396 968 434 1001 et
454 967 581 1016 sputa,
616 959 838 999 morborum
863 960 909 999 ad
933 959 1105 999 remedia
1128 959 1358 1013 colligentes
1384 974 1459 999 non
1483 959 1568 999 sine
1591 974 1730 1013 magno

177 1030 343 1071 ludibrio
381 1030 425 1069 ad
467 1028 633 1069 amuleta
672 1035 710 1068 et
750 1027 991 1083 phylacteria
1031 1027 1304 1068 reservabant.
1378 1025 1579 1082 Siquidem
1620 1042 1732 1068 error

178 1097 304 1139 omnis
330 1097 518 1138 caecitate
545 1097 726 1151 primum,
762 1104 839 1137 tum
867 1097 1038 1137 vanitate
1065 1103 1102 1136 et
1129 1096 1355 1149 arrogantia
1384 1096 1548 1137 laborat.
1608 1094 1729 1137 Iidem

176 1167 229 1208 illi
258 1166 467 1222 prophetas
495 1180 572 1206 non
596 1165 723 1205 minus
749 1180 861 1220 quam
885 1166 1084 1220 apostolos
1109 1165 1314 1215 reiiciunt,
1351 1172 1409 1216 et,
1447 1172 1487 1205 ut
1511 1165 1730 1205 summatim

179 1237 326 1287 dicam,
361 1235 560 1276 fraudibus
587 1248 633 1275 ac
661 1233 874 1275 mendaciis
898 1234 1050 1274 illorum
1086 1234 1213 1274 omnia
1240 1241 1330 1274 sunt
1352 1235 1513 1274 referta.
1576 1235 1731 1288 Aquam

177 1317 418 1359 magnopere
444 1310 686 1344 venerantur
716 1317 761 1343 ac
788 1303 1064 1358 propemodum
1086 1303 1212 1343 instar
1233 1302 1401 1343 numinis
1429 1302 1596 1354 habent,
1631 1293 1732 1357 quod

177 1374 224 1414 ab
248 1387 293 1414 ea
320 1379 569 1428 propagatam
596 1385 684 1412 esse
710 1372 828 1412 vitam
855 1378 1054 1412 asserunt.
1120 1369 1319 1412 Christum
1345 1371 1467 1412 verbo
1493 1378 1605 1412 tenus
1638 1386 1731 1412 con-

177 1443 359 1492 fitentur,
394 1455 507 1496 quem
537 1447 756 1481 creaturam
783 1454 873 1480 esse
904 1447 1062 1495 putant,
1097 1447 1136 1480 et
1160 1440 1368 1481 identidem
1404 1454 1608 1495 apparere.
1670 1439 1732 1480 Ae

179 1510 342 1567 primum
365 1509 507 1550 Adami
530 1523 671 1564 corpus
698 1508 928 1560 fabricasse,
961 1522 1210 1562 rursumque,
1245 1523 1331 1549 cnm
1356 1509 1391 1549 ei
1415 1509 1541 1550 visum
1564 1516 1637 1560 est,
1672 1508 1732 1549 in-

180 1580 315 1619 duere.
381 1577 428 1618 Ei
453 1576 612 1618 Christo
639 1591 780 1618 nomen
812 1591 925 1617 esse:
961 1577 1072 1617 huius
1105 1591 1282 1617 sororem
1308 1577 1484 1632 spiritum
1521 1591 1609 1618 esse
1641 1591 1731 1617 san-

180 1655 305 1698 ctum,
350 1646 527 1687 muliebri
562 1645 745 1686 videlicet
780 1645 927 1701 specie.
999 1644 1215 1700 Utrumque
1251 1660 1371 1696 vero,
1417 1653 1491 1686 tam
1529 1642 1729 1686 Christum

179 1730 293 1771 quam
318 1715 495 1770 spiritum
518 1721 721 1765 sanctum,
756 1715 969 1769 nonaginta
993 1728 1067 1755 sex
1100 1715 1306 1755 millarium
1333 1715 1559 1764 altitudine,
1594 1714 1731 1768 viginti

180 1791 347 1840 quatuor
379 1783 582 1824 latitudine
622 1790 821 1824 constare.
886 1783 948 1824 Ad
986 1783 1081 1824 haec
1118 1783 1343 1824 innumeras
1381 1783 1477 1824 alias
1509 1797 1633 1837 nugas
1666 1783 1732 1823 ad-

179 1853 331 1894 iiciunt.

295 1919 375 1963 Sed
400 1921 446 1961 de
470 1920 687 1962 istiusmodi
714 1922 893 1975 dogmate
918 1935 1002 1961 cum
1028 1920 1067 1961 in
1098 1920 1182 1961 aliis
1209 1920 1437 1961 haeresibus
1460 1919 1600 1960 crebro
1626 1934 1734 1961 men-

181 1991 326 2031 tionem
364 1989 593 2041 iniecerim,
643 1990 963 2045 quemadmodum
1004 1990 1281 2030 confutandum
1324 1997 1433 2030 esset
1473 1989 1729 2029 ostendimus.

182 2058 271 2113 Quo
300 2058 425 2099 minus
454 2059 719 2099 necessarium
745 2058 968 2098 existimavi
993 2059 1029 2099 in
1057 2072 1104 2098 eo
1127 2059 1341 2099 refellendo
1365 2071 1604 2113 magnopere
1630 2072 1734 2098 com-

182 2126 352 2178 morari,
386 2141 473 2168 cum
495 2127 531 2167 id
557 2128 631 2168 iam
655 2128 691 2168 in
717 2127 1039 2168 antecedentibus
1064 2127 1316 2177 haeresibus,
1353 2134 1428 2167 tam
1453 2127 1643 2167 adversus
1666 2125 1735 2166 Et-

182 2209 350 2246 xaeum,
394 2196 478 2237 sive
510 2195 653 2247 Elxai,
695 2210 807 2251 quam
846 2196 930 2237 eius
972 2197 1165 2238 sectarios
1205 2196 1255 2237 sit
1296 2195 1448 2237 abunde
1488 2195 1731 2250 praestitum.

184 2264 352 2306 Accedit
377 2265 570 2305 neminem
598 2279 686 2305 esse
715 2265 777 2319 qui
804 2280 880 2306 non
910 2272 948 2306 et
970 2266 1070 2306 hunc
1102 2273 1139 2305 et
1163 2265 1275 2305 huius
1301 2264 1482 2305 haeresin
1515 2277 1537 2303 a
1566 2263 1735 2303 veritate

185 2334 390 2389 plurimum
415 2333 603 2374 aberrare
629 2342 859 2388 cognoscat.
923 2334 1120 2389 Quocirca
1152 2348 1238 2374 cum
1271 2334 1438 2374 solarem
1474 2332 1575 2372 illam
1611 2331 1736 2372 lacer-

186 2411 260 2443 tam
287 2402 368 2457 spei
403 2402 440 2442 in
470 2400 630 2443 Christo
659 2410 697 2443 et
729 2403 856 2444 crucis
881 2404 990 2458 virga
1023 2403 1356 2459 percusserimus,
1392 2401 1436 2441 ad
1464 2407 1617 2440 ceteras
1649 2414 1734 2454 per-

183 2485 334 2526 gamus.
399 2470 472 2512 Est
493 2471 596 2512 enim
624 2472 765 2512 rationi
791 2479 1097 2513 consentaneum
1126 2479 1165 2512 ut
1195 2486 1270 2526 quo
1296 2470 1452 2510 nomine
1481 2469 1631 2523 seipsos
1656 2469 1735 2508 affi-

184 2540 315 2592 ciunt,
349 2539 450 2580 idem
485 2541 531 2581 ad
557 2541 643 2581 illos
669 2541 955 2582 adumbrandos
989 2548 1104 2596 atque
1128 2540 1351 2581 ementitam
1378 2538 1478 2578 illam
1509 2537 1736 2593 appellatio-

185 2623 274 2650 nem
309 2609 582 2650 declarandam
615 2610 881 2651 adhibeamus.
946 2608 1150 2665 Sampsaei
1185 2608 1322 2664 quippe
1356 2608 1457 2647 idem
1495 2621 1539 2647 ac
1573 2604 1736 2647 Solares

184 2679 421 2733 significant.
485 2677 599 2720 L'nde
623 2686 662 2719 et
684 2679 786 2719 illius
811 2679 988 2720 animalis
1010 2678 1272 2719 meminimus.
1333 2674 1437 2717 Nam
1465 2674 1654 2717 eiusmodi
1682 2675 1736 2715 la-

185 2755 330 2789 certam
353 2748 520 2788 solarem
546 2747 723 2788 homines
745 2755 984 2804 nuncupant.
1029 2747 1273 2803 Quamquam
1301 2745 1415 2798 longe
1438 2744 1535 2785 haec
1559 2743 1735 2784 haeresis

185 2817 331 2858 lacerta
364 2816 537 2857 deterior
562 2824 644 2868 est,
679 2831 777 2872 quae
804 2831 852 2858 ne
887 2816 1085 2858 minimum
1116 2814 1267 2870 quidem
1293 2814 1448 2854 utilitati
1475 2826 1569 2854 suae
1594 2827 1736 2853 consu-

186 2885 244 2926 lit.
307 2886 363 2927 At
385 2886 556 2937 lacerta,
591 2900 675 2927 cum
707 2886 809 2927 oculi
835 2886 1005 2941 caligare
1032 2884 1255 2939 coeperint,
1289 2882 1486 2937 aliquanto
1512 2889 1648 2937 postea
1679 2881 1736 2922 vi-

232 2988 263 3022 6.
289 2990 413 3029 Repono
436 2988 564 3033 ,
892 2991 938 3021 vel
1033 2988 1109 3017 CAP
1138 2986 1177 3017 1l
1205 3004 1243 3008 -
1349 2987 1435 3018 Libri
1461 2984 1598 3028 025900

438 3033 595 3077 .
1030 3036 1062 3065 3-
1088 3033 1173 3064 libri
1198 3030 1336 3075 03P00

1761 1926 1839 1971 Cap.
1866 1928 1904 1959 11.
