2066 3319
490 188 672 220 PANARH
696 188 778 219 LIB.
801 189 842 219 11.
866 188 1031 219 TOM.11.
1059 188 1187 219 HAER.
1208 188 1331 218 LXVI.
1601 178 1679 217 509

133 271 222 321 filii
240 269 435 308 Abraham
448 299 458 316 ,
493 271 559 307 sed
577 271 699 320 patris
721 270 837 306 vestri
855 268 1015 306 (le'abole's
1049 271 1086 306 si
1103 272 1196 307 em'm
1220 271 1348 306 esselis
1361 269 1448 318 ι[ιἸιϊ
1467 267 1675 309 Abraham,

145 339 249 376 illius
271 352 382 389 opera
399 338 600 389 faceretis:
637 352 698 375 nos
721 339 814 375 enim
841 339 1021 387 quaeritis
1045 351 1100 374 me
1124 339 1356 387 inter-licere,
1392 338 1585 382 hominem,
1619 337 1685 387 qul

147 409 335 444 veritatem
367 407 512 444 loeutus
541 420 621 444 sum
655 407 776 453 vobe's5
821 406 889 442 hoc
919 405 1112 443 Abraham
1144 420 1215 443 mm
1244 407 1347 456 siz-il.
1413 403 1534 444 Vides
1566 403 1681 457 igitur

146 487 214 528 per
245 474 500 514 catachresim
532 481 756 528 usurpatum
789 473 823 512 id
862 472 1004 522 fuisse,
1051 479 1091 511 ut
1121 473 1328 511 Abrahami
1365 473 1516 526 quidem
1549 480 1681 512 essent

146 548 281 582 natura
309 542 397 593 lilii,
431 548 469 582 et
492 541 538 582 ab
562 543 695 582 codem
722 541 969 589 nihilomiuus
996 539 1138 579 ‹loniini
1172 541 1389 590 sententia,
1425 556 1499 580 non
1533 541 1680 594 origine

146 610 474 666 productionem,
518 611 585 651 sed
622 610 803 665 operibus
841 609 1124 649 adiudicentur.
1189 607 1248 648 De
1284 623 1356 662 qua
1392 623 1432 649 re
1467 624 1537 649 nos
1570 616 1681 650 antea

146 680 441 734 disputavimus.
504 677 664 719 Fierine
689 679 818 732 itaque
851 685 978 732 potest
1009 677 1061 717 uti
1095 691 1182 731 pars
1215 676 1340 731 aliqua
1364 678 1409 717 ab
1439 678 1572 718 eodem
1599 685 1682 719 satu

145 748 272 788 aliena
291 749 404 788 modo
435 748 506 798 sit,
541 762 585 788 ac
607 747 745 788 diaboli
770 746 946 801 propria,
981 746 1093 785 modo
1125 746 1196 785 deo
1230 746 1456 786 tribuenda?
1517 745 1594 786 Sed
1626 746 1681 786 ni-

147 817 283 857 mirum
308 816 510 857 incusandi
535 830 578 856 ac
604 814 909 870 reprehendendi
935 828 1074 855 caussa
1097 814 1168 855 ista
1195 815 1389 856 dicuntur.
1433 813 1535 855 Nam
1559 815 1617 855 cui
1641 830 1681 855 se

147 885 308 940 quisque
334 885 508 935 subiicit,
544 884 654 925 huius
682 891 720 924 et
746 883 898 924 actione
924 890 961 923 et
980 883 1179 938 disciplina
1204 884 1302 923 lilius
1327 891 1401 935 est,
1437 891 1476 924 nt
1499 897 1549 923 ex
1573 882 1681 923 Pauli

148 954 277 995 verbis
301 960 484 1008 apparet:
518 956 614 992 Nom
638 955 724 992 lieet
747 955 881 992 multos
898 961 1161 1004 praeceptores
1187 954 1376 1000 habeatis,
1416 960 1456 991 a!
1487 968 1558 992 non
1591 955 1680 991 nml-
1701 963 1882 995 1.Co1·.t„15‚.

148 1031 203 1062 tos
229 1030 382 1075 putres:
424 1037 507 1062 nam
532 1026 569 1061 e'n
593 1024 742 1061 Clzm'sto
762 1025 847 1060 Iesu
865 1036 936 1073 pel·
963 1023 1193 1073 erfvangelz'mn
1221 1036 1290 1073 ego
1325 1037 1386 1061 vos
1416 1024 1545 1073 genui.
1610 1019 1680 1061 Ubi

147 1091 194 1131 ad
221 1091 458 1142 doctrinam,
494 1098 533 1130 ut
556 1090 688 1141 vides,
730 1090 804 1131 ista
836 1091 1037 1130 transfert.
1099 1088 1151 1129 Et
1182 1089 1332 1144 quidem
1366 1090 1396 1130 si
1421 1090 1681 1130 Abrahamum

146 1157 403 1200 Manichaeus
437 1159 679 1210 admitteret,
715 1159 815 1199 hunc
847 1159 970 1214 ipsum
1003 1160 1048 1200 ad
1082 1159 1206 1199 lucem
1241 1166 1416 1213 spectare
1450 1159 1680 1210 diceremus,

148 1228 291 1269 liberos
316 1242 411 1269 vero
445 1228 493 1268 ab
528 1242 576 1269 eo
600 1228 809 1283 productos
843 1227 955 1268 alteri
995 1228 1269 1268 tribueremus.
1333 1227 1682 1269 Verumenimvero

146 1297 199 1338 ita
223 1311 310 1337 sese
337 1311 399 1337 res
428 1296 565 1337 habet:
608 1296 857 1337 imitabantur
885 1297 1110 1337 homicidam
1141 1295 1280 1346 Iudae,
1316 1296 1569 1352 proditionem
1601 1297 1684 1337 imi-

150 1365 349 1415 tabantur,
393 1366 554 1420 eiusque
582 1366 810 1406 calumniam
845 1380 890 1406 ac
915 1366 1146 1406 delationem
1175 1366 1356 1406 secundis
1387 1366 1544 1406 auribus
1576 1380 1685 1406 acce—

148 1442 309 1490 perant;
352 1434 463 1475 huius
499 1435 536 1474 in
571 1434 688 1474 divini
722 1434 889 1475 numinis
925 1434 1183 1489 abnegatione
1221 1434 1285 1475 filii
1325 1435 1555 1475 extiterunt.
1621 1433 1685 1475 llle

149 1503 250 1543 enim
280 1503 447 1543 mendax
473 1510 580 1553 erat,
614 1517 697 1542 cum
732 1510 770 1542 et
800 1502 946 1543 loculos
971 1503 1152 1554 haberet,
1187 1510 1225 1543 et
1248 1505 1388 1544 l'urtum
1412 1504 1683 1554 committeret,

149 1579 188 1612 et
211 1569 408 1612 Christum
433 1571 485 1611 ita
508 1572 720 1621 salutaret,
754 1576 836 1611 Ave
861 1573 998 1620 lfabb1·‚·
1033 1587 1145 1626 quam
1174 1572 1220 1612 ob
1246 1586 1423 1613 caussam
1450 1572 1520 1612 hac
1543 1573 1684 1613 domini
1704 1558 1814 1629 Ἂῗῑὲἔξ

148 1654 247 1681 voce
270 1640 587 1695 reprehenditur,
622 1643 755 1679 Amice
775 1643 824 1679 ad
841 1644 932 1693 quid
952 1644 1111 1680 venisti?
1151 1639 1264 1682 ludas
1291 1656 1386 1682 vero
1413 1639 1575 1683 Cainum
1604 1642 1686 1682 imi·
1706 1652 1779 1679 Gen.
1796 1654 1821 1685 ⁴,
1843 1653 1868 1679 o.

150 1716 252 1750 tatus
272 1716 347 1759 est,
382 1709 444 1763 qui
469 1716 508 1749 et
528 1709 718 1764 parricida
744 1709 829 1759 fuit,
865 1716 902 1749 et
929 1723 1057 1750 coram
1083 1709 1237 1750 domiuo
1263 1712 1444 1750 mentitus
1470 1718 1544 1751 est.
1588 1713 1684 1750 Num
1706 1722 1780 1748 Gen.
1801 1722 1825 1755 3,
1847 1722 1870 1748 a.

149 1786 294 1825 eustos,
331 1778 473 1832 inquit,
498 1779 644 1831 fratris
667 1781 740 1817 mei
757 1793 836 1817 sum
848 1783 865 1817 :²
895 1782 1018 1818 neseio
1040 1779 1106 1817 ubz'
1123 1782 1183 1818 sit,
1246 1777 1429 1819 Eiusdem
1456 1786 1492 1819 et
1514 1780 1687 1820 Adamus

150 1846 364 1887 imitatione
390 1845 488 1886 fitius
513 1847 596 1898 fuit,
632 1847 717 1887 dum
740 1847 962 1887 mendacem
986 1846 1087 1887 illam
1112 1861 1248 1887 vocem
1275 1847 1465 1902 sequitur,
1500 1862 1597 1902 quae
1622 1863 1689 1903 per

151 1923 371 1971 serpentem
398 1915 450 1954 ita
480 1915 732 1969 loquebatur:
775 1919 896 1955 Eritis
929 1919 1027 1955 sieut
1050 1919 1107 1955 de'z'
1126 1919 1283 1956 seientes
1308 1918 1438 1956 bonum
1470 1925 1506 1956 el
1535 1919 1683 1956 malum.

150 1984 280 2039 Atque
314 1985 384 2024 hoc
416 1983 539 2038 ipsum
571 1991 633 2025 est
662 1985 762 2039 quod
805 1986 841 2024 in
875 1985 1078 2040 evangelio
1111 2000 1131 2025 a
1164 1985 1360 2026 salvatore
1393 1986 1554 2027 dicitur:
1618 1990 1888 2031 lbstoa=1··.5‚w.

149 2056 238 2093 estis
256 2054 344 2106 filie·
369 2054 522 2092 diaboli.
587 2051 654 2094 Sic
692 2053 791 2093 enim
833 2053 1023 2108 loquitur,
1085 2057 1218 2094 Nonne
1251 2058 1440 2094 duodecim
1480 2070 1543 2094 vos
1572 2058 1682 2107 elegi,
1711 2064 1824 2099 Ibide,
1844 2066 1887 2093 ⁴4.

150 2130 188 2162 et
210 2137 306 2161 unus
330 2137 378 2160 ew
408 2123 508 2161 vobis
535 2129 590 2160 est
617 2123 817 2161 diabolus?
878 2125 1055 2173 Quoniam
1082 2125 1128 2162 ab
1151 2127 1257 2163 initio
1282 2127 1441 2164 mendae·
1471 2132 1529 2163 est
1557 2133 1595 2163 et
1622 2127 1686 2163 lm-

150 2194 298 2238 mz'ez'da,
333 2194 419 2243 qula
436 2199 548 2243 patet·
573 2194 652 2229 eius
673 2194 832 2230 mendax
849 2200 943 2231 erat.
992 2190 1079 2245 Qua
1101 2193 1253 2233 ratione
1266 2191 1486 2234 Manichaei
1512 2193 1685 2248 quaestio

151 2259 397 2311 dissolvitur3
433 2274 508 2300 non
533 2259 634 2300 enim
660 2260 800 2300 diaboli
827 2260 982 2315 proprie
1007 2260 1071 2301 filii
1099 2268 1211 2302 erant
1240 2260 1386 2302 ludaei.
1448 2262 1565 2303 Absit
1588 2271 1628 2303 ut
1649 2263 1684 2302 id

152 2343 241 2370 esse
264 2329 483 2369 credamus.
547 2325 698 2383 Quippe
723 2344 806 2369 cum
831 2326 1078 2370 Samaritana
1099 2330 1238 2370 mulier
1260 2327 1419 2370 Christo
1445 2331 1599 2371 domino
1632 2333 1686 2372 di-

152 2399 302 2448 xisset‚
345 2401 416 2437 Hic
441 2401 478 2437 in
503 2401 573 2436 z'slo
595 2406 715 2437 monle
738 2400 994 2438 adoraverunt
1009 2407 1139 2451 patres
1159 2402 1301 2439 nostri:
1336 2415 1396 2438 vos
1421 2408 1540 2439 aulem
1563 2404 1686 2441 (le'ez'lz's
1700 2410 1886 2446 loann.4‚2⁰.

152 2469 422 2518 Hierosolymis
447 2482 525 2505 esse
547 2468 680 2514 locum,
716 2468 781 2506 ubi
799 2476 942 2519 oportet
965 2470 1138 2516 adorare,
1174 2475 1258 2522 post
1279 2468 1392 2507 multa
1416 2468 1587 2509 salvator
1613 2469 1686 2510 ista

152 2535 338 2586 subiecit,
384 2539 484 2586 Quae
506 2538 642 2574 seimus
668 2537 873 2588 loquimur,
909 2540 994 2589 que'u
1027 2539 1131 2576 sulus
1160 2552 1207 2575 er
1238 2539 1386 2575 Iudaeis
1411 2545 1478 2575 est.
1543 2535 1615 2579 Cui
1649 2546 1887 2584 etim-innunt

153 2605 352 2660 apostolus
379 2604 573 2645 consentit
596 2603 654 2644 his
681 2603 832 2645 verbis:
881 2608 1058 2656 Quoniam
1086 2622 1133 2644 e.1·
1156 2607 1248 2644 Iuda
1276 2613 1381 2643 ortus
1417 2615 1472 2644 est
1500 2609 1680 2647 dominus.
1705 2617 1886 2653 Hebr.7‚14.

153 2672 231 2714 Sed
264 2673 373 2728 plura
404 2674 450 2713 ad
483 2686 566 2713 eain
600 2686 680 2713 rem
712 2672 898 2727 disputari
937 2681 1100 2729 possunt
1130 2673 1264 2728 quibus
1298 2673 1393 2713 salsa
1425 2674 1525 2715 illius
1557 2676 1685 2731 opinio

152 2742 366 2784 refellatur.

266 2811 424 2852 Atenim
451 2809 718 2864 evangelicum
745 2810 835 2852 illud
857 2811 995 2852 dictum
1023 2811 1180 2866 arripit:
1216 2815 1265 2851 Et
1289 2814 1356 2851 lum
1376 2815 1413 2851 z'n
1435 2814 1594 2852 tenebris
1624 2816 1680 2852 lu·
1707 2804 1801 2882 ἔξω

153 2939 266 2977 ptura,
290 2947 382 2977 quam
403 2939 529 2969 restitui.
578 2937 830 2979 καταὲεωρίσας
849 2939 894 2969 ed.
943 2937 1105 2980 spinitixta
1119 2937 1398 2981 intelligentiam).
1420 2937 1686 2982 καταὲεωρῆσας

152 2984 250 3022 princ.
274 2983 479 3022 (quamquam
501 2986 532 3015 in
552 2985 651 3015 latina
672 2985 807 3016 versione
822 2984 895 3015 Cor·
941 2986 987 3016 ed.
1010 2986 1117 3016 Petav.

155 3029 263 3059 narius
280 3029 487 3068 significanter
504 3031 542 3060 sit
564 3031 779 3069 interpretatus
802 3029 896 3061 item·
992 3030 1040 3063 10.
1067 3025 1172 3072 αὐτὴν
1197 3031 1286 3062 codd.
1311 3040 1382 3064 mss.
1406 3036 1433 3064 et
1451 3033 1499 3064 ed.
1518 3034 1616 3072 princ.
