2030 3324
527 205 706 237 PANARII
736 203 816 236 LIB.
837 206 876 236 ll.
901 205 1010 236 TOM.
1031 205 1069 236 11.
1097 204 1226 236 HAER.
1248 204 1374 235 LXlX.
1640 194 1716 233 721

167 293 250 336 xat,
282 298 406 338 neque
430 297 482 324 ex
505 285 627 324 solius
654 298 821 338 persona
851 284 944 334 filii,
979 285 1045 324 sed
1075 292 1257 338 tauquam
1283 284 1328 323 ab
1352 284 1426 323 alia
1453 284 1554 323 inter
1576 290 1722 323 utram-

169 368 241 407 que
269 352 474 393 interiecta
500 352 728 393 subiicitur:
764 355 998 391 Novissima?
1018 356 1191 391 z'm'mz'mzs
1212 356 1422 391 deso-nilm-
1446 367 1560 391 mors.
1622 350 1721 392 Cum

169 428 296 461 autem
324 419 439 470 dicit,
484 420 612 460 omnia
643 420 730 460 huic
760 435 847 461 esse
877 421 1072 470 subiecta,
1117 421 1209 460 libet
1236 420 1323 460 illos
1351 421 1622 473 interrogare,
1658 436 1724 460 cu-

169 490 228 529 ius
256 502 307 529 ex
339 502 504 542 persona
529 503 608 528 vox
637 489 724 539 illa,
768 492 890 535 Dicit,
927 489 1177 543 pronuntiata
1212 489 1277 527 sit.
1341 488 1542 541 Siquidem
1573 489 1724 528 divino-

170 571 252 597 rum
288 556 565 611 mysteriorum
608 556 771 597 altitudo
813 557 992 596 carnales
1037 557 1214 596 homines
1248 556 1476 610 spiritaliter
1513 557 1718 597 diiudicat:

168 627 265 664 Nam
296 627 464 664 earnalis
493 641 566 664 mm
592 628 756 677 percipit
785 639 827 664 ea
858 639 954 677 qaae
983 628 1046 663 dez·
1072 633 1182 671 sum,-
1223 627 1386 663 stultitia
1417 628 1512 663 em'm
1544 633 1603 663 est
1631 628 1716 676 ipsi.
1741 636 1929 669 1.C‹u·.·-¹‚lt.

169 691 279 733 Haec
313 693 442 744 enim,
489 697 578 732 Cum
612 697 706 732 (licit
735 697 858 732 omnia
889 697 927 731 ei
954 708 1033 731 esse.
1062 695 1252 740 subiecta,
1304 693 1335 731 si
1374 693 1426 733 ita
1462 692 1722 747 accipiantur,

169 761 278 815 quasi
318 761 399 801 filio
437 768 546 816 pater
582 761 749 811 dixerit,
795 775 929 801 manca
961 769 1020 801 est
1055 776 1099 801 ac
1129 762 1278 801 defecta
1315 762 1505 801 narratio.
1570 759 1725 816 Quippe

171 829 274 869 filius
304 830 434 870 omnia
459 830 555 884 patri
582 828 763 870 subiecit.
828 828 899 870 Sin
934 844 985 870 ex
1015 829 1080 870 filii
1109 843 1277 883 persona
1309 837 1535 884 usurpatum
1569 837 1727 884 putetur

170 897 269 938 istud
295 897 419 952 ipsum
437 929 446 947 ,
494 903 582 936 Cum
609 900 703 937 dc'ez‘t
727 900 814 936 lme'e
839 902 961 937 οηιιιία
986 899 1176 945 subiecta,
1214 912 1290 938 non
1321 898 1447 938 miuus
1474 912 1616 938 seusus
1643 898 1727 952 ipse

170 966 325 1015 deficit,
374 967 545 1020 eoquod
583 980 690 1006 mora
726 966 913 1020 quaedam
952 981 996 1006 ac
1026 967 1188 1006 tarditas
1212 967 1308 1015 deo,
1354 966 1439 1006 sive
1471 966 1596 1020 patri,
1642 967 1727 1006 sive

171 1034 251 1074 titio
279 1033 477 1074 tribuitur.
542 1032 641 1087 Quis
672 1033 790 1087 igitur
815 1041 875 1073 est
901 1034 964 1088 qui
990 1036 1156 1073 subiecta
1188 1050 1268 1073 esse
1298 1038 1393 1073 (licit
1422 1039 1575 1074 omnia?
1634 1033 1729 1074 Non

171 1102 273 1142 euim
301 1102 486 1156 scriptum
511 1109 593 1152 est,
641 1105 730 1140 Cam
755 1104 899 1140 diemzt.
962 1101 1067 1142 Nam
1104 1103 1134 1141 si
1163 1103 1209 1142 ad
1246 1102 1365 1142 sitium
1403 1103 1541 1142 referri
1568 1102 1730 1142 deberet

171 1170 296 1219 istud,
342 1173 431 1209 Cum
465 1173 616 1217 (licant,
659 1170 723 1210 vel
746 1170 791 1209 ad
822 1170 1011 1223 angelos,
1059 1170 1121 1209 vel
1145 1171 1190 1209 ad
1224 1183 1292 1209 eos
1327 1171 1389 1223 qui
1425 1170 1589 1210 subiecti
1622 1177 1729 1220 sunt,

171 1238 368 1293 pertinere
393 1245 541 1293 posset.
602 1236 682 1277 lam
709 1252 804 1278 vero
828 1252 913 1278 cum
941 1245 1055 1278 antea
1084 1238 1181 1292 patri
1211 1238 1331 1278 filium
1358 1238 1488 1278 omnia
1513 1238 1732 1278 subiecisse

171 1321 215 1347 ao
243 1307 448 1347 tradidisse
481 1306 702 1356 docuisset,
746 1320 791 1346 ac
820 1305 994 1347 vicissim
1032 1306 1112 1346 l'ilio
1147 1313 1295 1360 patrem
1332 1307 1461 1346 onmia
1493 1305 1728 1355 subiecisse,

171 1389 311 1415 vocum
345 1389 462 1430 porro
498 1375 766 1430 captatoribus
792 1389 868 1415 una
907 1374 1068 1429 spiritus
1093 1375 1217 1415 sancti
1254 1389 1421 1429 persona
1458 1381 1647 1423 restaret,
1683 1374 1732 1413 ob

172 1443 208 1483 id
235 1443 302 1484 filii
328 1457 371 1483 ae
397 1444 518 1498 patris
550 1443 730 1498 personis
754 1444 915 1498 spiritus
939 1444 1063 1483 sancti
1086 1457 1294 1497 personam
1323 1457 1398 1482 nou
1426 1455 1632 1496 expresse,
1663 1442 1733 1481 sed

175 1511 328 1552 infinite
362 1512 590 1562 subtexuit,
635 1512 720 1552 eius
746 1511 930 1552 videlicet
963 1511 1123 1566 spiritus
1161 1511 1223 1565 qui
1255 1511 1375 1565 patris
1414 1517 1452 1549 et
1487 1510 1553 1549 filii
1588 1523 1732 1549 arcana

177 1580 329 1620 nuntiat
355 1594 400 1620 ac
425 1581 626 1634 perdocet.
692 1578 807 1633 Quod
836 1579 924 1620 ideo
950 1581 1089 1619 sactum
1115 1587 1174 1619 est
1199 1593 1246 1618 ne
1272 1579 1316 1618 ad
1342 1579 1551 1632 perfectam
1578 1577 1731 1618 trinita-

176 1648 249 1699 tis,
285 1655 323 1688 et
350 1648 541 1689 humanae
565 1655 752 1699 naturae,
789 1649 834 1688 ad
860 1662 973 1702 quam
999 1647 1148 1701 gloriae
1173 1646 1258 1686 fieri
1283 1653 1411 1700 potest
1438 1646 1633 1696 accessio,
1669 1660 1735 1686 co-

175 1716 390 1770 gnitionem
418 1717 609 1772 quicpiam
638 1717 810 1757 deesset.
866 1719 1007 1755 Deinde
1029 1718 1265 1761 novissimus,
1302 1713 1440 1767 inquit,
1475 1717 1649 1753 ininzieus
1671 1717 1733 1754 de-

173 1788 340 1824 struitur·
366 1800 479 1824 mors.
545 1784 673 1825 Porro
708 1785 771 1839 qui
806 1783 1021 1824 destruitur
1054 1782 1339 1836 quodammodo
1377 1782 1543 1822 detineri
1579 1782 1734 1823 vinctus

175 1853 429 1908 intelligitur,
476 1860 515 1894 ut
547 1854 646 1908 quod
676 1855 805 1893 facere
831 1851 982 1892 solebat
1013 1864 1088 1889 non
1122 1850 1304 1889 moliatur
1328 1849 1516 1904 amplius,
1560 1850 1735 1904 adeoque

177 1936 264 1963 cum
297 1922 520 1962 destructus
553 1922 625 1972 sit,
661 1936 737 1961 non
771 1919 934 1973 amplius
966 1918 1129 1958 existat.

292 1988 396 2044 Quid
430 1990 550 2045 igitur
581 2003 781 2030 sacrarum
808 1988 1009 2027 literarum
1042 1986 1209 2040 imperiti
1245 2000 1289 2026 ca
1325 1987 1369 2027 de
1407 2001 1449 2028 re
1479 1987 1611 2027 dicere
1647 2001 1736 2042 pos-

180 2060 298 2100 sunt?
357 2058 422 2098 Au
448 2059 494 2099 de
521 2058 602 2098 filio
628 2056 875 2111 cogitandum
900 2054 1010 2094 nobis
1042 2054 1135 2094 illud
1161 2061 1245 2106 est,
1292 2056 1482 2110 regnandi
1514 2056 1632 2096 finem
1667 2070 1738 2095 un-

180 2142 294 2182 quam
325 2141 414 2167 esse
442 2127 660 2167 facturum?
722 2122 764 2164 Si
800 2123 953 2177 quidem
982 2122 1034 2162 ita
1061 2136 1152 2163 sese
1179 2123 1243 2163 illa
1270 2138 1350 2164 vox
1376 2123 1552 2164 baberet.
1618 2124 1739 2178 Atqui

180 2195 339 2250 impium
365 2195 543 2249 quiddam
570 2208 591 2234 a
623 2192 735 2232 nobis
759 2191 1008 2242 admittetur,
1043 2191 1075 2231 si
1101 2191 1207 2232 illum
1234 2191 1274 2231 in
1302 2191 1542 2232 subditorum
1571 2191 1644 2232 sibi
1678 2206 1741 2231 or-

181 2264 308 2304 dinem
333 2263 512 2315 redigere
530 2260 786 2310 voluerimus,
814 2266 854 2299 ut
878 2274 964 2299 cum
987 2273 1083 2314 opus
1108 2274 1220 2300 suum
1243 2260 1500 2315 praestiterit,
1526 2259 1572 2299 ab
1588 2261 1740 2313 agendo

183 2330 362 2372 desistat.
426 2328 505 2369 Sed
527 2328 629 2368 absit
653 2342 673 2368 a
699 2328 811 2368 nobis
838 2334 916 2368 tam
940 2328 1056 2382 impia
1088 2328 1133 2368 de
1161 2326 1323 2369 Christo
1348 2328 1560 2369 sententia.
1609 2327 1740 2369 Nemo

183 2400 308 2448 enim,
351 2396 414 2451 qui
441 2397 595 2450 quidem
626 2396 663 2436 in
690 2397 815 2450 ipsum
847 2397 982 2436 credat
1013 2404 1080 2437 aut
1109 2404 1242 2451 speret
1267 2411 1317 2437 ex
1341 2396 1495 2446 animo,
1539 2396 1740 2450 iudignum

183 2467 385 2521 quicquam
409 2465 456 2505 de
481 2465 583 2505 illius
604 2464 730 2518 gloria
758 2465 988 2519 praedicare
1014 2472 1080 2505 aut
1103 2465 1239 2505 audire
1262 2463 1488 2514 sustinebit,
1525 2464 1744 2505 cuiusmodi

183 2547 386 2590 perperam
412 2532 475 2573 isti
503 2540 542 2573 et
565 2533 732 2573 absurde
759 2533 948 2573 sentiunt.
1014 2531 1202 2574 Ceterum
1238 2533 1367 2573 omnia
1395 2533 1519 2573 sacris
1547 2533 1584 2572 in
1617 2532 1742 2573 literis

183 2603 396 2651 docentur,
445 2616 527 2640 cum
553 2604 666 2649 de‘cit,
712 2605 843 2641 Omnia
879 2604 942 2641 z'llz'
967 2603 1135 2641 subiet-la
1169 2609 1278 2648 salet,
1329 2601 1427 2641 baud
1461 2600 1617 2640 dubium
1650 2600 1742 2654 quin

184 2677 343 2727 praeter
366 2669 472 2710 illum
496 2669 559 2723 qui
584 2669 752 2709 subiecit
786 2668 839 2709 illi
874 2670 1030 2710 onmia:
1076 2674 1165 2709 Cum
1192 2678 1314 2708 aulem.
1338 2671 1506 2708 subiecta
1535 2672 1573 2707 ei
1598 2670 1748 2723 fuerint

184 2742 329 2787 omnia,
375 2747 463 2778 tunc
499 2746 536 2776 et
555 2740 672 2789 filias
703 2741 782 2790 ipse
806 2739 1029 2777 subjicietur
1052 2742 1091 2777 εἰ
1110 2741 1178 2789 qni
1199 2739 1275 2776 sibe·
1301 2739 1461 2777 subiecit
1489 2741 1626 2776 omnia.
1694 2735 1746 2778 Ut

185 2809 287 2862 quod
311 2807 423 2848 initio
448 2806 664 2847 declaravit
686 2805 873 2860 angelus,
908 2812 1045 2860 estque
1070 2820 1090 2845 a
1115 2805 1228 2846 nobis
1263 2805 1350 2846 huic
1385 2806 1471 2846 loco
1497 2813 1656 2860 propter
1688 2807 1744 2845 af-

187 2933 256 2964 dem
277 2933 376 2965 delevi
391 2934 652 2973 praepositionem
673 2931 749 2973 περὶ
769 2941 863 2972 quam
885 2941 938 2963 ac·
1034 2931 1110 2962 Car.
1134 2931 1278 2963 LXXV.
1300 2950 1342 2956 —-
1381 2932 1408 2964 1.
1436 2927 1539 2964 αὐτοῦ
1566 2933 1657 2964 codd.
1673 2941 1745 2962 mss.

188 2980 318 3010 crevisse
338 2988 525 3019 persuasum
543 2979 618 3009 mihi
637 2982 679 3010 est
698 2988 735 3009 ex
749 2979 872 3016 syllaba
892 2979 944 3017 ᾖ
994 2981 1125 3018 uterque.

187 3025 333 3056 vocabuli
355 3025 438 3065 quod
458 3026 597 3064 sequitur
620 3021 768 3065 τριάδος.

258 3076 376 3115 Corpus
397 3077 579 3106 Haereseol.
600 3077 638 3106 11.
657 3078 682 3106 2.
1420 3084 1473 3123 46

1797 1996 1875 2037 Cap.

1772 2042 1913 2074 LXXV.
