<?xml version="1.0" encoding="UTF-8"?>
<!DOCTYPE html PUBLIC "-//W3C//DTD XHTML 1.0 Transitional//EN"
    "http://www.w3.org/TR/xhtml1/DTD/xhtml1-transitional.dtd">
<html xmlns="http://www.w3.org/1999/xhtml" xml:lang="en" lang="en">
 <head>
  <title>
</title>
<meta http-equiv="Content-Type" content="text/html;charset=utf-8" />
  <meta name='ocr-system' content='tesseract 3.04.00' />
  <meta name='ocr-capabilities' content='ocr_page ocr_carea ocr_par ocr_line ocrx_word'/>
</head>
<body>
  <div class='ocr_page' id='page_1' title='image "./p2corporishaereseo02epipuoft_0422.png"; bbox 0 0 2066 3319; ppageno 0'>
   <div class='ocr_carea' id='block_1_1' title="bbox 238 950 384 997">
    <p class='ocr_par' dir='ltr' id='par_1_1' title="bbox 238 950 384 997">
     <span class='ocr_line' id='line_1_1' title="bbox 238 950 384 997; baseline 0 -12"><span class='ocrx_word' id='word_1_1' title='bbox 238 953 324 996; x_wconf 83' lang='grc' dir='ltr'><strong><em>Κεφ.</em></strong></span> <span class='ocrx_word' id='word_1_2' title='bbox 346 950 384 997; x_wconf 77' lang='grc' dir='ltr'><strong><em>β’.</em></strong></span> 
     </span>
    </p>
   </div>
   <div class='ocr_carea' id='block_1_2' title="bbox 255 1576 395 1612">
    <p class='ocr_par' dir='ltr' id='par_1_2' title="bbox 255 1576 395 1612">
     <span class='ocr_line' id='line_1_2' title="bbox 255 1576 395 1612; baseline 0.014 -11"><span class='ocrx_word' id='word_1_3' title='bbox 255 1585 318 1612; x_wconf 78' lang='lat' dir='ltr'>pag.</span> <span class='ocrx_word' id='word_1_4' title='bbox 337 1576 395 1603; x_wconf 70' lang='lat'><strong><em>619.</em></strong></span> 
     </span>
    </p>
   </div>
   <div class='ocr_carea' id='block_1_3' title="bbox 410 190 1373 230">
    <p class='ocr_par' dir='ltr' id='par_1_3' title="bbox 410 190 1373 230">
     <span class='ocr_line' id='line_1_3' title="bbox 410 190 1373 230; baseline 0.002 -2"><span class='ocrx_word' id='word_1_5' title='bbox 410 190 489 229; x_wconf 86' lang='lat'><strong><em>400</em></strong></span> <span class='ocrx_word' id='word_1_6' title='bbox 969 196 1128 229; x_wconf 71' lang='lat' dir='ltr'>SANCTI</span> <span class='ocrx_word' id='word_1_7' title='bbox 1150 197 1373 230; x_wconf 77' lang='lat' dir='ltr'>EPJPHANH</span> 
     </span>
    </p>
   </div>
   <div class='ocr_carea' id='block_1_4' title="bbox 410 271 1932 2712">
    <p class='ocr_par' dir='ltr' id='par_1_4' title="bbox 410 271 1931 940">
     <span class='ocr_line' id='line_1_4' title="bbox 410 271 1929 330; baseline 0.002 -18"><span class='ocrx_word' id='word_1_8' title='bbox 410 272 435 325; x_wconf 61' lang='grc' dir='ltr'><strong><em>«ἦ</em></strong></span> <span class='ocrx_word' id='word_1_9' title='bbox 457 277 551 321; x_wconf 83' lang='grc' dir='ltr'><em>ναῦς</em></span> <span class='ocrx_word' id='word_1_10' title='bbox 567 277 822 325; x_wconf 80' lang='grc' dir='ltr'><strong><em>Σολομῶντος</em></strong></span> <span class='ocrx_word' id='word_1_11' title='bbox 842 271 906 314; x_wconf 73' lang='grc' dir='ltr'><strong><em>δια</em></strong></span> <span class='ocrx_word' id='word_1_12' title='bbox 927 278 1043 328; x_wconf 88' lang='grc' dir='ltr'><strong><em>τριῶν</em></strong></span> <span class='ocrx_word' id='word_1_13' title='bbox 1063 275 1156 316; x_wconf 90' lang='grc' dir='ltr'><strong><em>ἐτῶν</em></strong></span> <span class='ocrx_word' id='word_1_14' title='bbox 1178 275 1357 329; x_wconf 76' lang='grc' dir='ltr'><strong><em>ἐρχομένη</em></strong></span> <span class='ocrx_word' id='word_1_15' title='bbox 1381 277 1493 330; x_wconf 77' lang='grc' dir='ltr'><strong><em>ἔφερε</em></strong></span> <span class='ocrx_word' id='word_1_16' title='bbox 1513 273 1655 330; x_wconf 82' lang='grc' dir='ltr'><strong><em>χρυσόν</em></strong></span> <span class='ocrx_word' id='word_1_17' title='bbox 1678 276 1744 316; x_wconf 86' lang='grc' dir='ltr'><strong><em>καὶ</em></strong></span> <span class='ocrx_word' id='word_1_18' title='bbox 1766 273 1929 323; x_wconf 78' lang='grc' dir='ltr'><strong><em>ὀδόντας</em></strong></span> 
     </span>
     <span class='ocr_line' id='line_1_5' title="bbox 412 338 1928 397; baseline 0.002 -17"><span class='ocrx_word' id='word_1_19' title='bbox 412 342 703 391; x_wconf 75' lang='grc' dir='ltr'><strong><em>ἐλεφαντίνους,</em></strong></span> <span class='ocrx_word' id='word_1_20' title='bbox 736 338 926 395; x_wconf 72' lang='grc' dir='ltr'><strong><em>οἷρῶματοί</em></strong></span> <span class='ocrx_word' id='word_1_21' title='bbox 949 357 987 382; x_wconf 90' lang='grc' dir='ltr'><strong><em>τε</em></strong></span> <span class='ocrx_word' id='word_1_22' title='bbox 1011 342 1076 382; x_wconf 83' lang='grc' dir='ltr'><strong><em>καὶ</em></strong></span> <span class='ocrx_word' id='word_1_23' title='bbox 1101 347 1271 394; x_wconf 80' lang='grc' dir='ltr'><strong><em>ταῶνας,</em></strong></span> <span class='ocrx_word' id='word_1_24' title='bbox 1303 344 1368 384; x_wconf 90' lang='grc' dir='ltr'><strong><em>καὶ</em></strong></span> <span class='ocrx_word' id='word_1_25' title='bbox 1390 341 1436 383; x_wconf 70' lang='grc' dir='ltr'><strong><em>τοὶ</em></strong></span> <span class='ocrx_word' id='word_1_26' title='bbox 1460 341 1571 392; x_wconf 69' lang='grc' dir='ltr'><strong><em>ἄλλα,</em></strong></span> <span class='ocrx_word' id='word_1_27' title='bbox 1604 340 1625 383; x_wconf 79' lang='grc' dir='ltr'>ὁ</span> <span class='ocrx_word' id='word_1_28' title='bbox 1649 342 1689 383; x_wconf 82' lang='grc' dir='ltr'><strong><em>δὲ</em></strong></span> <span class='ocrx_word' id='word_1_29' title='bbox 1714 343 1839 397; x_wconf 75' lang='grc' dir='ltr'><strong><em>ἕτερος</em></strong></span> <span class='ocrx_word' id='word_1_30' title='bbox 1862 341 1928 397; x_wconf 78' lang='grc' dir='ltr'><strong><em>ὅρ-</em></strong></span> 
     </span>
     <span class='ocr_line' id='line_1_6' title="bbox 410 407 1929 463; baseline 0.001 -15"><span class='ocrx_word' id='word_1_31' title='bbox 410 425 481 460; x_wconf 85' lang='grc' dir='ltr'><strong><em>μος</em></strong></span> <span class='ocrx_word' id='word_1_32' title='bbox 507 409 570 449; x_wconf 86' lang='grc' dir='ltr'><strong><em>ἐπὶ</em></strong></span> <span class='ocrx_word' id='word_1_33' title='bbox 594 407 635 449; x_wconf 77' lang='grc' dir='ltr'><strong><em>τό</em></strong></span> <span class='ocrx_word' id='word_1_34' title='bbox 660 407 840 463; x_wconf 82' lang='grc' dir='ltr'><strong><em>Κάστρον</em></strong></span> <span class='ocrx_word' id='word_1_35' title='bbox 865 414 933 451; x_wconf 87' lang='grc' dir='ltr'><strong><em>τοῦ</em></strong></span> <span class='ocrx_word' id='word_1_36' title='bbox 963 414 999 437; x_wconf 88' lang='lat'><strong><em>¹¹</em></strong></span> <span class='ocrx_word' id='word_1_37' title='bbox 1023 409 1269 462; x_wconf 80' lang='grc' dir='ltr'><strong><em>Κλύσματος·</em></strong></span> <span class='ocrx_word' id='word_1_38' title='bbox 1310 409 1477 459; x_wconf 66' lang='grc' dir='ltr'><strong><em>12ἄλλος</em></strong></span> <span class='ocrx_word' id='word_1_39' title='bbox 1499 411 1539 451; x_wconf 83' lang='grc' dir='ltr'><strong><em>δὲ</em></strong></span> <span class='ocrx_word' id='word_1_40' title='bbox 1564 408 1746 452; x_wconf 76' lang='grc' dir='ltr'><strong><em>ἀνωτάτω</em></strong></span> <span class='ocrx_word' id='word_1_41' title='bbox 1772 411 1836 451; x_wconf 88' lang='grc' dir='ltr'><strong><em>ἐπὶ</em></strong></span> <span class='ocrx_word' id='word_1_42' title='bbox 1858 407 1929 463; x_wconf 84' lang='grc' dir='ltr'><strong><em>τῆν</em></strong></span> 
     </span>
     <span class='ocr_line' id='line_1_7' title="bbox 412 472 1929 533; baseline 0.002 -18"><span class='ocrx_word' id='word_1_43' title='bbox 412 478 596 529; x_wconf 82' lang='grc' dir='ltr'><strong><em>Βερνίκην</em></strong></span> <span class='ocrx_word' id='word_1_44' title='bbox 630 477 890 530; x_wconf 77' lang='grc' dir='ltr'><strong><em>καλουμένην,</em></strong></span> <span class='ocrx_word' id='word_1_45' title='bbox 931 475 978 518; x_wconf 77' lang='grc' dir='ltr'><strong><em>δι’</em></strong></span> <span class='ocrx_word' id='word_1_46' title='bbox 1008 472 1055 530; x_wconf 82' lang='grc' dir='ltr'><strong><em>ῆς</em></strong></span> <span class='ocrx_word' id='word_1_47' title='bbox 1081 481 1268 533; x_wconf 79' lang='grc' dir='ltr'><strong><em>Βερνίκης</em></strong></span> <span class='ocrx_word' id='word_1_48' title='bbox 1294 479 1535 531; x_wconf 79' lang='grc' dir='ltr'><strong><em>καλουμένης</em></strong></span> <span class='ocrx_word' id='word_1_49' title='bbox 1565 479 1628 518; x_wconf 84' lang='grc' dir='ltr'><strong><em>ἐπὶ</em></strong></span> <span class='ocrx_word' id='word_1_50' title='bbox 1652 475 1721 530; x_wconf 80' lang='grc' dir='ltr'><strong><em>τὴν</em></strong></span> <span class='ocrx_word' id='word_1_51' title='bbox 1749 479 1929 531; x_wconf 77' lang='grc' dir='ltr'><strong><em>Θηβαίδα</em></strong></span> 
     </span>
     <span class='ocr_line' id='line_1_8' title="bbox 411 543 1930 603; baseline 0.001 -19"><span class='ocrx_word' id='word_1_52' title='bbox 411 544 614 598; x_wconf 87' lang='grc' dir='ltr'><strong><em>φέρονται,</em></strong></span> <span class='ocrx_word' id='word_1_53' title='bbox 646 545 711 585; x_wconf 85' lang='grc' dir='ltr'><strong><em>καὶ</em></strong></span> <span class='ocrx_word' id='word_1_54' title='bbox 743 543 789 585; x_wconf 69' lang='grc' dir='ltr'><strong><em>τοὶ</em></strong></span> <span class='ocrx_word' id='word_1_55' title='bbox 819 543 896 586; x_wconf 62' lang='lat' dir='ltr'><strong><em>(ind</em></strong></span> <span class='ocrx_word' id='word_1_56' title='bbox 927 549 995 598; x_wconf 86' lang='grc' dir='ltr'><strong><em>τῆς</em></strong></span> <span class='ocrx_word' id='word_1_57' title='bbox 1018 543 1182 599; x_wconf 81' lang='grc' dir='ltr'><strong><em>Ἰνδικῆς</em></strong></span> <span class='ocrx_word' id='word_1_58' title='bbox 1213 546 1396 601; x_wconf 78' lang='grc' dir='ltr'><strong><em>ἐρχόμενα</em></strong></span> <span class='ocrx_word' id='word_1_59' title='bbox 1425 548 1506 598; x_wconf 79' lang='grc' dir='ltr'><strong><em>εἴδη</em></strong></span> <span class='ocrx_word' id='word_1_60' title='bbox 1539 547 1657 586; x_wconf 82' lang='grc' dir='ltr'><strong><em>ἐκεῖσε</em></strong></span> <span class='ocrx_word' id='word_1_61' title='bbox 1686 550 1733 603; x_wconf 78' lang='grc' dir='ltr'><strong><em>τῇ</em></strong></span> <span class='ocrx_word' id='word_1_62' title='bbox 1760 547 1930 598; x_wconf 80' lang='grc' dir='ltr'><strong><em>Θηβαΐδι</em></strong></span> 
     </span>
     <span class='ocr_line' id='line_1_9' title="bbox 411 610 1928 668; baseline 0.001 -16"><span class='ocrx_word' id='word_1_63' title='bbox 411 610 648 664; x_wconf 86' lang='grc' dir='ltr'><strong><em>διαχύνεται,</em></strong></span> <span class='ocrx_word' id='word_1_64' title='bbox 679 610 705 664; x_wconf 74' lang='grc' dir='ltr'><em>ἢ</em></span> <span class='ocrx_word' id='word_1_65' title='bbox 736 614 799 653; x_wconf 81' lang='grc' dir='ltr'><strong><em>ἐπὶ</em></strong></span> <span class='ocrx_word' id='word_1_66' title='bbox 830 611 900 665; x_wconf 77' lang='grc' dir='ltr'><strong><em>τὴν</em></strong></span> <span class='ocrx_word' id='word_1_67' title='bbox 922 611 1198 667; x_wconf 79' lang='grc' dir='ltr'><strong><em>Ἀλεξανδρέων</em></strong></span> <span class='ocrx_word' id='word_1_68' title='bbox 1221 613 1284 655; x_wconf 71' lang='grc' dir='ltr'><strong><em>δια</em></strong></span> <span class='ocrx_word' id='word_1_69' title='bbox 1308 619 1378 656; x_wconf 80' lang='grc' dir='ltr'><strong><em>τοῦ</em></strong></span> <span class='ocrx_word' id='word_1_70' title='bbox 1407 618 1452 643; x_wconf 80' lang='lat'><strong><em>13</em></strong></span> <span class='ocrx_word' id='word_1_71' title='bbox 1469 612 1706 668; x_wconf 87' lang='grc' dir='ltr'><strong><em>Χρυσορρόα</em></strong></span> <span class='ocrx_word' id='word_1_72' title='bbox 1736 617 1928 666; x_wconf 84' lang='grc' dir='ltr'><strong><em>ποταμοῦ,</em></strong></span> 
     </span>
     <span class='ocr_line' id='line_1_10' title="bbox 413 680 1929 737; baseline 0.002 -18"><span class='ocrx_word' id='word_1_73' title='bbox 413 683 556 721; x_wconf 85' lang='grc' dir='ltr'><strong><em>,Νείλου</em></strong></span> <span class='ocrx_word' id='word_1_74' title='bbox 585 680 627 720; x_wconf 89' lang='grc' dir='ltr'><strong><em>δέ</em></strong></span> <span class='ocrx_word' id='word_1_75' title='bbox 651 697 773 733; x_wconf 89' lang='grc' dir='ltr'><strong><em>φημι,</em></strong></span> <span class='ocrx_word' id='word_1_76' title='bbox 802 685 872 721; x_wconf 83' lang='grc' dir='ltr'><strong><em>τοῦ</em></strong></span> <span class='ocrx_word' id='word_1_77' title='bbox 895 683 961 722; x_wconf 87' lang='grc' dir='ltr'><strong><em>καὶ</em></strong></span> <span class='ocrx_word' id='word_1_78' title='bbox 987 685 1102 734; x_wconf 88' lang='grc' dir='ltr'><strong><em>Γηῶν</em></strong></span> <span class='ocrx_word' id='word_1_79' title='bbox 1131 683 1170 723; x_wconf 83' lang='grc' dir='ltr'><strong><em>ἐν</em></strong></span> <span class='ocrx_word' id='word_1_80' title='bbox 1198 688 1282 730; x_wconf 89' lang='grc' dir='ltr'><strong><em>ταῖς</em></strong></span> <span class='ocrx_word' id='word_1_81' title='bbox 1306 688 1475 737; x_wconf 76' lang='grc' dir='ltr'><strong><em>γραφαῖς</em></strong></span> <span class='ocrx_word' id='word_1_82' title='bbox 1502 682 1739 735; x_wconf 81' lang='grc' dir='ltr'><strong><em>φερομένου,</em></strong></span> <span class='ocrx_word' id='word_1_83' title='bbox 1769 682 1834 722; x_wconf 80' lang='grc' dir='ltr'><strong><em>καὶ</em></strong></span> <span class='ocrx_word' id='word_1_84' title='bbox 1866 681 1929 722; x_wconf 87' lang='grc' dir='ltr'><strong><em>ἐπὶ</em></strong></span> 
     </span>
     <span class='ocr_line' id='line_1_11' title="bbox 411 747 1930 804; baseline 0.001 -17"><span class='ocrx_word' id='word_1_85' title='bbox 411 751 539 788; x_wconf 78' lang='grc' dir='ltr'><strong><em>πᾶσαν</em></strong></span> <span class='ocrx_word' id='word_1_86' title='bbox 556 752 632 788; x_wconf 88' lang='grc' dir='ltr'><strong><em>τῶν</em></strong></span> <span class='ocrx_word' id='word_1_87' title='bbox 655 749 882 802; x_wconf 82' lang='grc' dir='ltr'><strong><em>Αἰγυπτίων</em></strong></span> <span class='ocrx_word' id='word_1_88' title='bbox 903 752 974 803; x_wconf 84' lang='grc' dir='ltr'><strong><em>γῆν</em></strong></span> <span class='ocrx_word' id='word_1_89' title='bbox 997 751 1062 790; x_wconf 88' lang='grc' dir='ltr'><strong><em>καὶ</em></strong></span> <span class='ocrx_word' id='word_1_90' title='bbox 1084 750 1148 791; x_wconf 88' lang='grc' dir='ltr'><strong><em>ἐπὶ</em></strong></span> <span class='ocrx_word' id='word_1_91' title='bbox 1174 747 1215 791; x_wconf 78' lang='grc' dir='ltr'><strong><em>τό</em></strong></span> <span class='ocrx_word' id='word_1_92' title='bbox 1246 749 1469 802; x_wconf 80' lang='grc' dir='ltr'><strong><em>Πηλούσιον</em></strong></span> <span class='ocrx_word' id='word_1_93' title='bbox 1490 750 1658 804; x_wconf 88' lang='grc' dir='ltr'><strong><em>φέρεται.</em></strong></span> <span class='ocrx_word' id='word_1_94' title='bbox 1705 749 1783 790; x_wconf 85' lang='grc' dir='ltr'><strong><em>Καὶ</em></strong></span> <span class='ocrx_word' id='word_1_95' title='bbox 1806 747 1930 796; x_wconf 71' lang='grc' dir='ltr'><strong><em>οὕτως</em></strong></span> 
     </span>
     <span class='ocr_line' id='line_1_12' title="bbox 410 813 1931 873; baseline 0.003 -18"><span class='ocrx_word' id='word_1_96' title='bbox 410 817 464 864; x_wconf 87' lang='grc' dir='ltr'><strong><em>εἰς</em></strong></span> <span class='ocrx_word' id='word_1_97' title='bbox 485 813 554 864; x_wconf 71' lang='grc' dir='ltr'><strong><em>τοὶς</em></strong></span> <span class='ocrx_word' id='word_1_98' title='bbox 577 814 692 864; x_wconf 71' lang='grc' dir='ltr'><strong><em>ἄλλας</em></strong></span> <span class='ocrx_word' id='word_1_99' title='bbox 718 819 904 872; x_wconf 79' lang='grc' dir='ltr'><strong><em>πατρίδας</em></strong></span> <span class='ocrx_word' id='word_1_100' title='bbox 935 815 999 858; x_wconf 72' lang='grc' dir='ltr'><strong><em>διοὶ</em></strong></span> <span class='ocrx_word' id='word_1_101' title='bbox 1024 816 1223 871; x_wconf 78' lang='grc' dir='ltr'><strong><em>θαλάσσης</em></strong></span> <span class='ocrx_word' id='word_1_102' title='bbox 1247 817 1483 873; x_wconf 79' lang='grc' dir='ltr'><strong><em>διερχόμενοι</em></strong></span> <span class='ocrx_word' id='word_1_103' title='bbox 1514 819 1554 859; x_wconf 81' lang='grc' dir='ltr'><strong><em>οἱ</em></strong></span> <span class='ocrx_word' id='word_1_104' title='bbox 1576 815 1654 858; x_wconf 65' lang='lat' dir='ltr'><strong><em>&amp;scd</em></strong></span> <span class='ocrx_word' id='word_1_105' title='bbox 1679 821 1748 870; x_wconf 88' lang='grc' dir='ltr'><strong><em>τῆς</em></strong></span> <span class='ocrx_word' id='word_1_106' title='bbox 1767 815 1931 870; x_wconf 81' lang='grc' dir='ltr'><strong><em>Ἰνδικῆς</em></strong></span> 
     </span>
     <span class='ocr_line' id='line_1_13' title="bbox 411 882 1192 940; baseline -0.001 -15"><span class='ocrx_word' id='word_1_107' title='bbox 411 885 475 925; x_wconf 85' lang='grc' dir='ltr'><strong><em>ἐπὶ</em></strong></span> <span class='ocrx_word' id='word_1_108' title='bbox 505 882 575 937; x_wconf 79' lang='grc' dir='ltr'><strong><em>τῆν</em></strong></span> <span class='ocrx_word' id='word_1_109' title='bbox 610 882 876 937; x_wconf 70' lang='grc' dir='ltr'><strong><em>14Ῥωμανίαν</em></strong></span> <span class='ocrx_word' id='word_1_110' title='bbox 905 884 1192 940; x_wconf 78' lang='grc' dir='ltr'><strong><em>ἐμπορεύονται.</em></strong></span> 
     </span>
    </p>

    <p class='ocr_par' dir='ltr' id='par_1_5' title="bbox 410 951 1932 2712">
     <span class='ocr_line' id='line_1_14' title="bbox 529 951 1926 1008; baseline 0.001 -15"><span class='ocrx_word' id='word_1_111' title='bbox 529 956 656 993; x_wconf 80' lang='grc' dir='ltr'><strong><em>Ταῦτα</em></strong></span> <span class='ocrx_word' id='word_1_112' title='bbox 680 953 722 994; x_wconf 84' lang='grc' dir='ltr'><strong><em>δέ</em></strong></span> <span class='ocrx_word' id='word_1_113' title='bbox 745 969 810 1005; x_wconf 92' lang='grc' dir='ltr'><strong><em>μοι</em></strong></span> <span class='ocrx_word' id='word_1_114' title='bbox 833 952 931 994; x_wconf 74' lang='grc' dir='ltr'><strong><em>κατά</em></strong></span> <span class='ocrx_word' id='word_1_115' title='bbox 952 955 1050 1003; x_wconf 79' lang='grc' dir='ltr'><strong><em>λέξιν</em></strong></span> <span class='ocrx_word' id='word_1_116' title='bbox 1074 951 1327 1006; x_wconf 76' lang='grc' dir='ltr'><strong><em>ἐσπουδάσθη</em></strong></span> <span class='ocrx_word' id='word_1_117' title='bbox 1351 955 1518 1007; x_wconf 76' lang='grc' dir='ltr'><strong><em>ἱστορίας</em></strong></span> <span class='ocrx_word' id='word_1_118' title='bbox 1539 951 1648 1007; x_wconf 82' lang='grc' dir='ltr'><strong><em>χάριν</em></strong></span> <span class='ocrx_word' id='word_1_119' title='bbox 1670 955 1926 1008; x_wconf 82' lang='grc' dir='ltr'><strong><em>παραδοῦναι,</em></strong></span> 
     </span>
     <span class='ocr_line' id='line_1_15' title="bbox 410 1019 1929 1076; baseline 0.001 -16"><span class='ocrx_word' id='word_1_120' title='bbox 410 1020 518 1069; x_wconf 75' lang='grc' dir='ltr'><strong><em>ὅπως</em></strong></span> <span class='ocrx_word' id='word_1_121' title='bbox 543 1022 609 1061; x_wconf 88' lang='grc' dir='ltr'><strong><em>καὶ</em></strong></span> <span class='ocrx_word' id='word_1_122' title='bbox 632 1026 710 1062; x_wconf 90' lang='grc' dir='ltr'><strong><em>τῶν</em></strong></span> <span class='ocrx_word' id='word_1_123' title='bbox 740 1023 854 1075; x_wconf 75' lang='grc' dir='ltr'><strong><em>ῥιζῶν</em></strong></span> <span class='ocrx_word' id='word_1_124' title='bbox 884 1020 1046 1075; x_wconf 76' lang='grc' dir='ltr'><strong><em>ἑκάστης</em></strong></span> <span class='ocrx_word' id='word_1_125' title='bbox 1068 1019 1295 1069; x_wconf 75' lang='grc' dir='ltr'><strong><em>ὑποθέσεως</em></strong></span> <span class='ocrx_word' id='word_1_126' title='bbox 1320 1023 1357 1063; x_wconf 81' lang='grc' dir='ltr'><strong><em>οἱ</em></strong></span> <span class='ocrx_word' id='word_1_127' title='bbox 1383 1019 1621 1076; x_wconf 76' lang='grc' dir='ltr'><strong><em>ἐντυγχάνειν</em></strong></span> <span class='ocrx_word' id='word_1_128' title='bbox 1648 1021 1847 1070; x_wconf 83' lang='grc' dir='ltr'><strong><em>ἐθέλοντες</em></strong></span> <span class='ocrx_word' id='word_1_129' title='bbox 1877 1019 1929 1075; x_wconf 80' lang='grc' dir='ltr'><strong><em>μῆ</em></strong></span> 
     </span>
     <span class='ocr_line' id='line_1_16' title="bbox 411 1087 1931 1144; baseline 0.001 -14"><span class='ocrx_word' id='word_1_130' title='bbox 411 1087 663 1143; x_wconf 74' lang='grc' dir='ltr'><strong><em>ἀμοιρήσωσι.</em></strong></span> <span class='ocrx_word' id='word_1_131' title='bbox 723 1094 798 1130; x_wconf 86' lang='grc' dir='ltr'><strong><em>Δεῖ</em></strong></span> <span class='ocrx_word' id='word_1_132' title='bbox 817 1088 887 1144; x_wconf 75' lang='grc' dir='ltr'><strong><em>γάρ</em></strong></span> <span class='ocrx_word' id='word_1_133' title='bbox 917 1088 984 1132; x_wconf 76' lang='grc' dir='ltr'><strong><em>τόν</em></strong></span> <span class='ocrx_word' id='word_1_134' title='bbox 1011 1091 1309 1143; x_wconf 82' lang='grc' dir='ltr'><strong><em>ἐπιβαλλόμενον</em></strong></span> <span class='ocrx_word' id='word_1_135' title='bbox 1340 1088 1510 1143; x_wconf 83' lang='grc' dir='ltr'><strong><em>διηγήσει</em></strong></span> <span class='ocrx_word' id='word_1_136' title='bbox 1541 1090 1616 1130; x_wconf 91' lang='grc' dir='ltr'><strong><em>τινὶ</em></strong></span> <span class='ocrx_word' id='word_1_137' title='bbox 1643 1087 1741 1130; x_wconf 71' lang='grc' dir='ltr'><strong><em>κατα</em></strong></span> <span class='ocrx_word' id='word_1_138' title='bbox 1767 1087 1931 1142; x_wconf 86' lang='grc' dir='ltr'><strong><em>δύναμιν</em></strong></span> 
     </span>
     <span class='ocr_line' id='line_1_17' title="bbox 412 1155 1930 1212; baseline 0 -14"><span class='ocrx_word' id='word_1_139' title='bbox 412 1156 705 1210; x_wconf 79' lang='grc' dir='ltr'><strong><em>ἐπιβάλλεσθαι,</em></strong></span> <span class='ocrx_word' id='word_1_140' title='bbox 736 1158 801 1199; x_wconf 82' lang='grc' dir='ltr'><strong><em>καὶ</em></strong></span> <span class='ocrx_word' id='word_1_141' title='bbox 825 1159 866 1198; x_wconf 89' lang='grc' dir='ltr'><strong><em>ἐκ</em></strong></span> <span class='ocrx_word' id='word_1_142' title='bbox 889 1162 958 1211; x_wconf 86' lang='grc' dir='ltr'><strong><em>τῆς</em></strong></span> <span class='ocrx_word' id='word_1_143' title='bbox 980 1159 1085 1212; x_wconf 78' lang='grc' dir='ltr'><strong><em>ῥίζης</em></strong></span> <span class='ocrx_word' id='word_1_144' title='bbox 1109 1163 1308 1198; x_wconf 89' lang='grc' dir='ltr'><strong><em>ποιεῖσθαι</em></strong></span> <span class='ocrx_word' id='word_1_145' title='bbox 1334 1157 1404 1210; x_wconf 78' lang='grc' dir='ltr'><strong><em>τὴν</em></strong></span> <span class='ocrx_word' id='word_1_146' title='bbox 1435 1156 1661 1212; x_wconf 85' lang='grc' dir='ltr'><strong><em>εἷςαγωγήν·</em></strong></span> <span class='ocrx_word' id='word_1_147' title='bbox 1693 1159 1807 1199; x_wconf 75' lang='grc' dir='ltr'><strong><em>ἔνθεν</em></strong></span> <span class='ocrx_word' id='word_1_148' title='bbox 1831 1155 1930 1212; x_wconf 54' lang='grc' dir='ltr'><strong><em>εὖρίτ</em></strong></span> 
     </span>
     <span class='ocr_line' id='line_1_18' title="bbox 411 1223 1929 1282; baseline 0.001 -16"><span class='ocrx_word' id='word_1_149' title='bbox 411 1240 539 1266; x_wconf 83' lang='grc' dir='ltr'><strong><em>σκεται</em></strong></span> <span class='ocrx_word' id='word_1_150' title='bbox 561 1227 626 1266; x_wconf 88' lang='grc' dir='ltr'><strong><em>καὶ</em></strong></span> <span class='ocrx_word' id='word_1_151' title='bbox 649 1224 695 1266; x_wconf 75' lang='grc' dir='ltr'><strong><em>τοὶ</em></strong></span> <span class='ocrx_word' id='word_1_152' title='bbox 719 1231 788 1278; x_wconf 89' lang='grc' dir='ltr'><strong><em>τῆς</em></strong></span> <span class='ocrx_word' id='word_1_153' title='bbox 818 1224 1023 1278; x_wconf 79' lang='grc' dir='ltr'><strong><em>άληθείας,</em></strong></span> <span class='ocrx_word' id='word_1_154' title='bbox 1052 1223 1126 1267; x_wconf 80' lang='grc' dir='ltr'><strong><em>κᾶν</em></strong></span> <span class='ocrx_word' id='word_1_155' title='bbox 1150 1241 1188 1265; x_wconf 87' lang='grc' dir='ltr'><strong><em>τε</em></strong></span> <span class='ocrx_word' id='word_1_156' title='bbox 1211 1224 1343 1282; x_wconf 75' lang='grc' dir='ltr'><strong><em>ἀπορῇ</em></strong></span> <span class='ocrx_word' id='word_1_157' title='bbox 1370 1223 1393 1266; x_wconf 80' lang='grc' dir='ltr'>ὁ</span> <span class='ocrx_word' id='word_1_158' title='bbox 1414 1225 1533 1280; x_wconf 89' lang='grc' dir='ltr'><strong><em>λέγων</em></strong></span> <span class='ocrx_word' id='word_1_159' title='bbox 1565 1223 1771 1278; x_wconf 74' lang='grc' dir='ltr'><strong><em>εὐκοσμίας</em></strong></span> <span class='ocrx_word' id='word_1_160' title='bbox 1798 1223 1929 1281; x_wconf 88' lang='grc' dir='ltr'><strong><em>λόγου,</em></strong></span> 
     </span>
     <span class='ocr_line' id='line_1_19' title="bbox 414 1291 1930 1348; baseline 0.001 -15"><span class='ocrx_word' id='word_1_161' title='bbox 414 1294 478 1334; x_wconf 79' lang='grc' dir='ltr'><strong><em>καὶ</em></strong></span> <span class='ocrx_word' id='word_1_162' title='bbox 502 1292 677 1341; x_wconf 81' lang='grc' dir='ltr'><strong><em>εὐεπείας</em></strong></span> <span class='ocrx_word' id='word_1_163' title='bbox 702 1298 902 1348; x_wconf 83' lang='grc' dir='ltr'><strong><em>φθογγῆς,</em></strong></span> <span class='ocrx_word' id='word_1_164' title='bbox 934 1292 1042 1341; x_wconf 76' lang='grc' dir='ltr'><strong><em>ὅπως</em></strong></span> <span class='ocrx_word' id='word_1_165' title='bbox 1071 1291 1148 1334; x_wconf 65' lang='lat' dir='ltr'><strong><em>vind</em></strong></span> <span class='ocrx_word' id='word_1_166' title='bbox 1177 1297 1246 1345; x_wconf 87' lang='grc' dir='ltr'><strong><em>τῆς</em></strong></span> <span class='ocrx_word' id='word_1_167' title='bbox 1271 1292 1464 1345; x_wconf 77' lang='grc' dir='ltr'><strong><em>ἀληθινῆς</em></strong></span> <span class='ocrx_word' id='word_1_168' title='bbox 1493 1294 1661 1348; x_wconf 79' lang='grc' dir='ltr'><strong><em>ἱστορίας</em></strong></span> <span class='ocrx_word' id='word_1_169' title='bbox 1685 1291 1727 1335; x_wconf 83' lang='grc' dir='ltr'><strong><em>τό</em></strong></span> <span class='ocrx_word' id='word_1_170' title='bbox 1749 1292 1930 1347; x_wconf 83' lang='grc' dir='ltr'><strong><em>ζητούμε-</em></strong></span> 
     </span>
     <span class='ocr_line' id='line_1_20' title="bbox 415 1355 1932 1417; baseline 0.002 -16"><span class='ocrx_word' id='word_1_171' title='bbox 415 1379 484 1403; x_wconf 90' lang='grc' dir='ltr'><strong><em>νον</em></strong></span> <span class='ocrx_word' id='word_1_172' title='bbox 506 1367 587 1409; x_wconf 89' lang='grc' dir='ltr'><strong><em>τοῖς</em></strong></span> <span class='ocrx_word' id='word_1_173' title='bbox 606 1367 779 1410; x_wconf 86' lang='grc' dir='ltr'><strong><em>συνετοΐς</em></strong></span> <span class='ocrx_word' id='word_1_174' title='bbox 800 1359 1135 1414; x_wconf 64' lang='grc' dir='ltr'><strong><em>ἀποδειχθήσεται.</em></strong></span> <span class='ocrx_word' id='word_1_175' title='bbox 1171 1358 1235 1400; x_wconf 84' lang='grc' dir='ltr'><strong><em>Ἐν</em></strong></span> <span class='ocrx_word' id='word_1_176' title='bbox 1256 1359 1355 1417; x_wconf 75' lang='grc' dir='ltr'><strong><em>ἀρχῇ</em></strong></span> <span class='ocrx_word' id='word_1_177' title='bbox 1376 1363 1509 1402; x_wconf 87' lang='grc' dir='ltr'><strong><em>τοίνυν</em></strong></span> <span class='ocrx_word' id='word_1_178' title='bbox 1528 1355 1643 1410; x_wconf 77' lang='grc' dir='ltr'><strong><em>οὗτος</em></strong></span> <span class='ocrx_word' id='word_1_179' title='bbox 1662 1359 1685 1402; x_wconf 82' lang='grc' dir='ltr'>ὁ</span> <span class='ocrx_word' id='word_1_180' title='bbox 1703 1360 1932 1410; x_wconf 84' lang='grc' dir='ltr'><strong><em>Σκυθιανὸς</em></strong></span> 
     </span>
     <span class='ocr_line' id='line_1_21' title="bbox 412 1426 1931 1486; baseline 0.002 -17"><span class='ocrx_word' id='word_1_181' title='bbox 412 1428 566 1486; x_wconf 83' lang='grc' dir='ltr'><strong><em>πλούτῳ</em></strong></span> <span class='ocrx_word' id='word_1_182' title='bbox 584 1433 709 1486; x_wconf 81' lang='grc' dir='ltr'><strong><em>πολλῷ</em></strong></span> <span class='ocrx_word' id='word_1_183' title='bbox 730 1430 931 1485; x_wconf 87' lang='grc' dir='ltr'><strong><em>ἐπαρθεὶς,</em></strong></span> <span class='ocrx_word' id='word_1_184' title='bbox 961 1430 1026 1470; x_wconf 79' lang='grc' dir='ltr'><strong><em>καὶ</em></strong></span> <span class='ocrx_word' id='word_1_185' title='bbox 1044 1427 1231 1482; x_wconf 80' lang='grc' dir='ltr'><strong><em>κτήμασιν</em></strong></span> <span class='ocrx_word' id='word_1_186' title='bbox 1246 1427 1493 1481; x_wconf 70' lang='grc' dir='ltr'><strong><em>ἡδυσμάτων,</em></strong></span> <span class='ocrx_word' id='word_1_187' title='bbox 1523 1430 1589 1470; x_wconf 85' lang='grc' dir='ltr'><strong><em>καὶ</em></strong></span> <span class='ocrx_word' id='word_1_188' title='bbox 1607 1434 1688 1478; x_wconf 84' lang='grc' dir='ltr'><strong><em>τοῖς</em></strong></span> <span class='ocrx_word' id='word_1_189' title='bbox 1705 1426 1833 1479; x_wconf 72' lang='grc' dir='ltr'><strong><em>ἅλλοις</em></strong></span> <span class='ocrx_word' id='word_1_190' title='bbox 1850 1435 1931 1478; x_wconf 89' lang='grc' dir='ltr'><strong><em>τοῖς</em></strong></span> 
     </span>
     <span class='ocr_line' id='line_1_22' title="bbox 413 1495 1930 1551; baseline 0.001 -13"><span class='ocrx_word' id='word_1_191' title='bbox 413 1496 489 1539; x_wconf 72' lang='grc' dir='ltr'><strong><em>οἶπὸ</em></strong></span> <span class='ocrx_word' id='word_1_192' title='bbox 514 1502 581 1550; x_wconf 89' lang='grc' dir='ltr'><strong><em>τῆς</em></strong></span> <span class='ocrx_word' id='word_1_193' title='bbox 598 1495 751 1549; x_wconf 83' lang='grc' dir='ltr'><strong><em>Ἰνδίας,</em></strong></span> <span class='ocrx_word' id='word_1_194' title='bbox 782 1499 847 1538; x_wconf 86' lang='grc' dir='ltr'><strong><em>καὶ</em></strong></span> <span class='ocrx_word' id='word_1_195' title='bbox 868 1495 994 1539; x_wconf 74' lang='grc' dir='ltr'><strong><em>ἐλθών</em></strong></span> <span class='ocrx_word' id='word_1_196' title='bbox 1016 1498 1103 1549; x_wconf 85' lang='grc' dir='ltr'><strong><em>περὶ</em></strong></span> <span class='ocrx_word' id='word_1_197' title='bbox 1126 1495 1197 1550; x_wconf 81' lang='grc' dir='ltr'><strong><em>τήν</em></strong></span> <span class='ocrx_word' id='word_1_198' title='bbox 1218 1499 1399 1550; x_wconf 81' lang='grc' dir='ltr'><strong><em>Θηβαΐδα</em></strong></span> <span class='ocrx_word' id='word_1_199' title='bbox 1419 1499 1474 1546; x_wconf 90' lang='grc' dir='ltr'><strong><em>εἰς</em></strong></span> <span class='ocrx_word' id='word_1_200' title='bbox 1503 1495 1702 1551; x_wconf 74' lang='grc' dir='ltr'><strong><em>1Ὑψηλῆν</em></strong></span> <span class='ocrx_word' id='word_1_201' title='bbox 1727 1496 1840 1540; x_wconf 86' lang='grc' dir='ltr'><strong><em>πόλιν</em></strong></span> <span class='ocrx_word' id='word_1_202' title='bbox 1864 1496 1930 1540; x_wconf 59' lang='lat'><strong><em>05-</em></strong></span> 
     </span>
     <span class='ocr_line' id='line_1_23' title="bbox 415 1562 1930 1620; baseline 0 -12"><span class='ocrx_word' id='word_1_203' title='bbox 415 1585 466 1608; x_wconf 89' lang='grc' dir='ltr'><strong><em>τω</em></strong></span> <span class='ocrx_word' id='word_1_204' title='bbox 490 1567 745 1619; x_wconf 80' lang='grc' dir='ltr'><strong><em>καλουμένην,</em></strong></span> <span class='ocrx_word' id='word_1_205' title='bbox 777 1563 901 1620; x_wconf 71' lang='grc' dir='ltr'><strong><em>εὑρών</em></strong></span> <span class='ocrx_word' id='word_1_206' title='bbox 924 1567 1005 1606; x_wconf 87' lang='grc' dir='ltr'><strong><em>ἐκεῖ</em></strong></span> <span class='ocrx_word' id='word_1_207' title='bbox 1021 1564 1182 1620; x_wconf 89' lang='grc' dir='ltr'><strong><em>γύναιον</em></strong></span> <span class='ocrx_word' id='word_1_208' title='bbox 1207 1569 1226 1592; x_wconf 80' lang='lat'><strong>2</strong></span> <span class='ocrx_word' id='word_1_209' title='bbox 1242 1566 1493 1614; x_wconf 76' lang='grc' dir='ltr'><strong><em>ἐξωλέστατον</em></strong></span> <span class='ocrx_word' id='word_1_210' title='bbox 1513 1566 1579 1606; x_wconf 86' lang='grc' dir='ltr'><strong><em>καὶ</em></strong></span> <span class='ocrx_word' id='word_1_211' title='bbox 1602 1562 1729 1607; x_wconf 84' lang='grc' dir='ltr'><strong><em>κάλλει</em></strong></span> <span class='ocrx_word' id='word_1_212' title='bbox 1752 1566 1930 1620; x_wconf 69' lang='grc' dir='ltr'><strong><em>σώματος</em></strong></span> 
     </span>
     <span class='ocr_line' id='line_1_24' title="bbox 412 1631 1928 1690; baseline -0.001 -14"><span class='ocrx_word' id='word_1_213' title='bbox 412 1633 631 1690; x_wconf 88' lang='grc' dir='ltr'><strong><em>πρόοπτον,</em></strong></span> <span class='ocrx_word' id='word_1_214' title='bbox 663 1632 855 1688; x_wconf 76' lang='grc' dir='ltr'><strong><em>ἐκπλῆξάν</em></strong></span> <span class='ocrx_word' id='word_1_215' title='bbox 880 1651 920 1675; x_wconf 91' lang='grc' dir='ltr'><strong><em>τε</em></strong></span> <span class='ocrx_word' id='word_1_216' title='bbox 952 1640 968 1663; x_wconf 82' lang='grc'><strong>3</strong></span> <span class='ocrx_word' id='word_1_217' title='bbox 985 1631 1104 1675; x_wconf 79' lang='grc' dir='ltr'><strong><em>αὐτοῦ</em></strong></span> <span class='ocrx_word' id='word_1_218' title='bbox 1133 1631 1203 1686; x_wconf 78' lang='grc' dir='ltr'><strong><em>τήν</em></strong></span> <span class='ocrx_word' id='word_1_219' title='bbox 1236 1631 1459 1684; x_wconf 77' lang='grc' dir='ltr'><strong><em>οἶσυνεσίαν,</em></strong></span> <span class='ocrx_word' id='word_1_220' title='bbox 1491 1632 1722 1687; x_wconf 83' lang='grc' dir='ltr'><strong><em>ἀνελόμενός</em></strong></span> <span class='ocrx_word' id='word_1_221' title='bbox 1747 1650 1786 1675; x_wconf 90' lang='grc' dir='ltr'><strong><em>τε</em></strong></span> <span class='ocrx_word' id='word_1_222' title='bbox 1813 1638 1928 1676; x_wconf 81' lang='grc' dir='ltr'><strong><em>τοῦτο</em></strong></span> 
     </span>
     <span class='ocr_line' id='line_1_25' title="bbox 413 1699 1930 1760; baseline -0.001 -16"><span class='ocrx_word' id='word_1_223' title='bbox 413 1701 490 1744; x_wconf 81' lang='grc' dir='ltr'><strong><em>α’πὸ</em></strong></span> <span class='ocrx_word' id='word_1_224' title='bbox 514 1707 584 1744; x_wconf 81' lang='grc' dir='ltr'><strong><em>τοῦ</em></strong></span> <span class='ocrx_word' id='word_1_225' title='bbox 611 1707 630 1730; x_wconf 82' lang='lat'>4</span> <span class='ocrx_word' id='word_1_226' title='bbox 645 1703 802 1757; x_wconf 88' lang='grc' dir='ltr'><strong><em>στέγους</em></strong></span> <span class='ocrx_word' id='word_1_227' title='bbox 831 1703 978 1755; x_wconf 75' lang='grc' dir='ltr'><strong><em>(ἕστηκε</em></strong></span> <span class='ocrx_word' id='word_1_228' title='bbox 999 1700 1070 1757; x_wconf 77' lang='grc' dir='ltr'><strong><em>γαρ</em></strong></span> <span class='ocrx_word' id='word_1_229' title='bbox 1092 1699 1117 1754; x_wconf 75' lang='grc' dir='ltr'><strong><em>ἦ</em></strong></span> <span class='ocrx_word' id='word_1_230' title='bbox 1140 1700 1297 1754; x_wconf 81' lang='grc' dir='ltr'><strong><em>τοιαύτη</em></strong></span> <span class='ocrx_word' id='word_1_231' title='bbox 1319 1703 1360 1743; x_wconf 88' lang='grc' dir='ltr'><strong><em>ἐν</em></strong></span> <span class='ocrx_word' id='word_1_232' title='bbox 1383 1707 1430 1760; x_wconf 81' lang='grc' dir='ltr'><strong><em>τῇ</em></strong></span> <span class='ocrx_word' id='word_1_233' title='bbox 1450 1704 1668 1759; x_wconf 82' lang='grc' dir='ltr'><strong><em>πολυκοίνῳ</em></strong></span> <span class='ocrx_word' id='word_1_234' title='bbox 1691 1699 1930 1756; x_wconf 77' lang='grc' dir='ltr'><strong><em>ἄσεμνότητι)</em></strong></span> 
     </span>
     <span class='ocr_line' id='line_1_26' title="bbox 414 1768 1929 1828; baseline 0 -16"><span class='ocrx_word' id='word_1_235' title='bbox 414 1771 664 1823; x_wconf 85' lang='grc' dir='ltr'><strong><em>ἐπεκαθέσθη</em></strong></span> <span class='ocrx_word' id='word_1_236' title='bbox 688 1774 740 1828; x_wconf 80' lang='grc' dir='ltr'><strong><em>τῷ</em></strong></span> <span class='ocrx_word' id='word_1_237' title='bbox 761 1773 927 1828; x_wconf 82' lang='grc' dir='ltr'><strong><em>γυναίῳ,</em></strong></span> <span class='ocrx_word' id='word_1_238' title='bbox 957 1770 1024 1811; x_wconf 83' lang='grc' dir='ltr'><strong><em>καὶ</em></strong></span> <span class='ocrx_word' id='word_1_239' title='bbox 1047 1768 1308 1825; x_wconf 80' lang='grc' dir='ltr'><strong><em>ἐλευθερώσας</em></strong></span> <span class='ocrx_word' id='word_1_240' title='bbox 1335 1768 1453 1821; x_wconf 75' lang='grc' dir='ltr'><strong><em>αὐτὸ,</em></strong></span> <span class='ocrx_word' id='word_1_241' title='bbox 1484 1769 1672 1824; x_wconf 84' lang='grc' dir='ltr'><strong><em>συνήφθη</em></strong></span> <span class='ocrx_word' id='word_1_242' title='bbox 1696 1768 1801 1827; x_wconf 79' lang='grc' dir='ltr'><strong><em>αὐτῷ</em></strong></span> <span class='ocrx_word' id='word_1_243' title='bbox 1829 1768 1929 1825; x_wconf 74' lang='grc' dir='ltr'><strong><em>πρὸς</em></strong></span> 
     </span>
     <span class='ocr_line' id='line_1_27' title="bbox 414 1832 1928 1894; baseline -0.001 -15"><span class='ocrx_word' id='word_1_244' title='bbox 414 1838 550 1893; x_wconf 84' lang='grc' dir='ltr'><strong><em>γάμον.</em></strong></span> <span class='ocrx_word' id='word_1_245' title='bbox 613 1837 770 1894; x_wconf 90' lang='grc' dir='ltr'><strong><em>Χρόνου</em></strong></span> <span class='ocrx_word' id='word_1_246' title='bbox 793 1839 833 1880; x_wconf 83' lang='grc' dir='ltr'><strong><em>δὲ</em></strong></span> <span class='ocrx_word' id='word_1_247' title='bbox 853 1842 997 1880; x_wconf 83' lang='grc' dir='ltr'><strong><em>πολλοῦ</em></strong></span> <span class='ocrx_word' id='word_1_248' title='bbox 1018 1839 1328 1893; x_wconf 84' lang='grc' dir='ltr'><strong><em>προκόπτοντος,</em></strong></span> <span class='ocrx_word' id='word_1_249' title='bbox 1360 1837 1424 1879; x_wconf 75' lang='grc' dir='ltr'><strong><em>διά</em></strong></span> <span class='ocrx_word' id='word_1_250' title='bbox 1450 1837 1519 1892; x_wconf 83' lang='grc' dir='ltr'><strong><em>τῆν</em></strong></span> <span class='ocrx_word' id='word_1_251' title='bbox 1546 1836 1765 1893; x_wconf 74' lang='grc' dir='ltr'><strong><em>ὑπερβολὴν</em></strong></span> <span class='ocrx_word' id='word_1_252' title='bbox 1788 1832 1835 1891; x_wconf 81' lang='grc' dir='ltr'><strong><em>ῆς</em></strong></span> <span class='ocrx_word' id='word_1_253' title='bbox 1855 1835 1928 1891; x_wconf 80' lang='grc' dir='ltr'><strong><em>εἶχε</em></strong></span> 
     </span>
     <span class='ocr_line' id='line_1_28' title="bbox 412 1904 1927 1962; baseline 0 -15"><span class='ocrx_word' id='word_1_254' title='bbox 412 1911 564 1961; x_wconf 78' lang='grc' dir='ltr'><strong><em>τρυφῆς</em></strong></span> <span class='ocrx_word' id='word_1_255' title='bbox 588 1905 658 1948; x_wconf 77' lang='grc' dir='ltr'><strong><em>οὐκ</em></strong></span> <span class='ocrx_word' id='word_1_256' title='bbox 685 1905 842 1961; x_wconf 76' lang='grc' dir='ltr'><strong><em>ἤνεγκεν</em></strong></span> <span class='ocrx_word' id='word_1_257' title='bbox 863 1905 886 1949; x_wconf 82' lang='grc' dir='ltr'><strong><em>ό</em></strong></span> <span class='ocrx_word' id='word_1_258' title='bbox 914 1911 931 1934; x_wconf 87' lang='lat'>⁵</span> <span class='ocrx_word' id='word_1_259' title='bbox 946 1905 1158 1962; x_wconf 70' lang='grc' dir='ltr'><strong><em>ἁλιτήριος,</em></strong></span> <span class='ocrx_word' id='word_1_260' title='bbox 1190 1905 1281 1948; x_wconf 75' lang='grc' dir='ltr'><strong><em>ἄλλα</em></strong></span> <span class='ocrx_word' id='word_1_261' title='bbox 1308 1904 1361 1955; x_wconf 73' lang='grc' dir='ltr'><strong><em>ὥς</em></strong></span> <span class='ocrx_word' id='word_1_262' title='bbox 1382 1904 1499 1961; x_wconf 73' lang='grc' dir='ltr'><strong><em>ἅργὸς</em></strong></span> <span class='ocrx_word' id='word_1_263' title='bbox 1520 1907 1586 1948; x_wconf 88' lang='grc' dir='ltr'><strong><em>καὶ</em></strong></span> <span class='ocrx_word' id='word_1_264' title='bbox 1605 1905 1703 1955; x_wconf 75' lang='grc' dir='ltr'><strong><em>ἐθᾶς</em></strong></span> <span class='ocrx_word' id='word_1_265' title='bbox 1722 1910 1854 1948; x_wconf 88' lang='grc' dir='ltr'><strong><em>κακῶν</em></strong></span> <span class='ocrx_word' id='word_1_266' title='bbox 1885 1906 1927 1947; x_wconf 85' lang='grc' dir='ltr'><strong><em>ἐκ</em></strong></span> 
     </span>
     <span class='ocr_line' id='line_1_29' title="bbox 412 1972 1928 2031; baseline 0 -16"><span class='ocrx_word' id='word_1_267' title='bbox 412 1980 482 2016; x_wconf 82' lang='grc' dir='ltr'><strong><em>τοῦ</em></strong></span> <span class='ocrx_word' id='word_1_268' title='bbox 502 1979 686 2030; x_wconf 83' lang='grc' dir='ltr'><strong><em>περισσοῦ</em></strong></span> <span class='ocrx_word' id='word_1_269' title='bbox 706 1980 773 2028; x_wconf 84' lang='grc' dir='ltr'><strong><em>τῆς</em></strong></span> <span class='ocrx_word' id='word_1_270' title='bbox 792 1979 945 2031; x_wconf 81' lang='grc' dir='ltr'><strong><em>τρυφῆς</em></strong></span> <span class='ocrx_word' id='word_1_271' title='bbox 962 1973 1128 2030; x_wconf 84' lang='grc' dir='ltr'><strong><em>στρήνου</em></strong></span> <span class='ocrx_word' id='word_1_272' title='bbox 1151 1973 1298 2016; x_wconf 87' lang='grc' dir='ltr'><strong><em>ἐπενόει</em></strong></span> <span class='ocrx_word' id='word_1_273' title='bbox 1320 1972 1455 2016; x_wconf 77' lang='grc' dir='ltr'><strong><em>λοιπόν</em></strong></span> <span class='ocrx_word' id='word_1_274' title='bbox 1474 1973 1573 2017; x_wconf 76' lang='grc' dir='ltr'><strong><em>κατοὶ</em></strong></span> <span class='ocrx_word' id='word_1_275' title='bbox 1591 1973 1658 2016; x_wconf 88' lang='grc' dir='ltr'><strong><em>τόν</em></strong></span> <span class='ocrx_word' id='word_1_276' title='bbox 1679 1979 1773 2016; x_wconf 82' lang='grc' dir='ltr'><strong><em>νοῦν</em></strong></span> <span class='ocrx_word' id='word_1_277' title='bbox 1789 1991 1825 2016; x_wconf 93' lang='grc' dir='ltr'><strong><em>τι</em></strong></span> <span class='ocrx_word' id='word_1_278' title='bbox 1844 1991 1928 2015; x_wconf 89' lang='grc' dir='ltr'><strong><em>και-</em></strong></span> 
     </span>
     <span class='ocr_line' id='line_1_30' title="bbox 413 2039 1928 2100; baseline 0 -16"><span class='ocrx_word' id='word_1_279' title='bbox 413 2041 570 2098; x_wconf 90' lang='grc' dir='ltr'><strong><em>νότερον</em></strong></span> <span class='ocrx_word' id='word_1_280' title='bbox 603 2047 654 2099; x_wconf 78' lang='grc' dir='ltr'><strong><em>τῷ</em></strong></span> <span class='ocrx_word' id='word_1_281' title='bbox 688 2045 759 2100; x_wconf 79' lang='grc' dir='ltr'><strong><em>βίῳ</em></strong></span> <span class='ocrx_word' id='word_1_282' title='bbox 789 2049 1013 2099; x_wconf 87' lang='grc' dir='ltr'><strong><em>προςοῖσαι,</em></strong></span> <span class='ocrx_word' id='word_1_283' title='bbox 1044 2044 1111 2084; x_wconf 89' lang='grc' dir='ltr'><strong><em>καὶ</em></strong></span> <span class='ocrx_word' id='word_1_284' title='bbox 1133 2041 1202 2095; x_wconf 78' lang='grc' dir='ltr'><strong><em>ἀφ’</em></strong></span> <span class='ocrx_word' id='word_1_285' title='bbox 1228 2044 1368 2084; x_wconf 77' lang='grc' dir='ltr'><strong><em>ἑαυτοῦ</em></strong></span> <span class='ocrx_word' id='word_1_286' title='bbox 1392 2044 1617 2097; x_wconf 82' lang='grc' dir='ltr'><strong><em>διανοηθεὶς</em></strong></span> <span class='ocrx_word' id='word_1_287' title='bbox 1640 2041 1829 2085; x_wconf 87' lang='grc' dir='ltr'><strong><em>ἐπλάσατο</em></strong></span> <span class='ocrx_word' id='word_1_288' title='bbox 1860 2039 1928 2097; x_wconf 76' lang='grc' dir='ltr'><strong><em>ῥή-</em></strong></span> 
     </span>
     <span class='ocr_line' id='line_1_31' title="bbox 414 2109 1930 2166; baseline 0 -15"><span class='ocrx_word' id='word_1_289' title='bbox 414 2128 513 2164; x_wconf 82' lang='grc' dir='ltr'><strong><em>ματα</em></strong></span> <span class='ocrx_word' id='word_1_290' title='bbox 538 2115 697 2152; x_wconf 81' lang='grc' dir='ltr'><strong><em>τοιαῦτα</em></strong></span> <span class='ocrx_word' id='word_1_291' title='bbox 731 2111 804 2152; x_wconf 83' lang='grc' dir='ltr'><strong><em>οὔκ</em></strong></span> <span class='ocrx_word' id='word_1_292' title='bbox 835 2109 911 2153; x_wconf 74' lang='grc' dir='ltr'><strong><em>ἀπὸ</em></strong></span> <span class='ocrx_word' id='word_1_293' title='bbox 945 2116 1013 2165; x_wconf 85' lang='grc' dir='ltr'><strong><em>τῆς</em></strong></span> <span class='ocrx_word' id='word_1_294' title='bbox 1040 2113 1152 2160; x_wconf 89' lang='grc' dir='ltr'><strong><em>θείας</em></strong></span> <span class='ocrx_word' id='word_1_295' title='bbox 1180 2115 1333 2166; x_wconf 86' lang='grc' dir='ltr'><strong><em>γραφῆς</em></strong></span> <span class='ocrx_word' id='word_1_296' title='bbox 1359 2109 1585 2166; x_wconf 72' lang='grc' dir='ltr'><strong><em>εὑράμενος,</em></strong></span> <span class='ocrx_word' id='word_1_297' title='bbox 1615 2112 1682 2152; x_wconf 88' lang='grc' dir='ltr'><strong><em>καὶ</em></strong></span> <span class='ocrx_word' id='word_1_298' title='bbox 1710 2109 1930 2164; x_wconf 84' lang='grc' dir='ltr'><strong><em>πνεύματος</em></strong></span> 
     </span>
     <span class='ocr_line' id='line_1_32' title="bbox 414 2177 1929 2235; baseline 0 -15"><span class='ocrx_word' id='word_1_299' title='bbox 414 2177 526 2234; x_wconf 65' lang='grc' dir='ltr'><strong><em>ἁγίου</em></strong></span> <span class='ocrx_word' id='word_1_300' title='bbox 550 2183 750 2234; x_wconf 87' lang='grc' dir='ltr'><strong><em>φθογγῆς,</em></strong></span> <span class='ocrx_word' id='word_1_301' title='bbox 782 2177 873 2220; x_wconf 71' lang='grc' dir='ltr'><strong><em>ἄλλα</em></strong></span> <span class='ocrx_word' id='word_1_302' title='bbox 898 2177 975 2221; x_wconf 70' lang='grc' dir='ltr'><strong><em>ἀπὸ</em></strong></span> <span class='ocrx_word' id='word_1_303' title='bbox 996 2183 1187 2235; x_wconf 89' lang='grc' dir='ltr'><strong><em>λογισμῶν</em></strong></span> <span class='ocrx_word' id='word_1_304' title='bbox 1210 2177 1459 2235; x_wconf 70' lang='grc' dir='ltr'><strong><em>ἀνθρωπείας</em></strong></span> <span class='ocrx_word' id='word_1_305' title='bbox 1482 2178 1637 2232; x_wconf 90' lang='grc' dir='ltr'><strong><em>φύσεως</em></strong></span> <span class='ocrx_word' id='word_1_306' title='bbox 1655 2183 1733 2221; x_wconf 90' lang='grc' dir='ltr'><strong><em>τῶν</em></strong></span> <span class='ocrx_word' id='word_1_307' title='bbox 1756 2181 1929 2221; x_wconf 84' lang='grc' dir='ltr'><strong><em>δειλαίων</em></strong></span> 
     </span>
     <span class='ocr_line' id='line_1_33' title="bbox 415 2245 1929 2304; baseline 0.001 -17"><span class='ocrx_word' id='word_1_308' title='bbox 415 2246 598 2299; x_wconf 86' lang='grc' dir='ltr'><strong><em>φάσκων,</em></strong></span> <span class='ocrx_word' id='word_1_309' title='bbox 638 2249 714 2289; x_wconf 90' lang='grc' dir='ltr'><strong><em>τίνι</em></strong></span> <span class='ocrx_word' id='word_1_310' title='bbox 747 2251 800 2304; x_wconf 79' lang='grc' dir='ltr'><strong><em>τῷ</em></strong></span> <span class='ocrx_word' id='word_1_311' title='bbox 833 2246 932 2304; x_wconf 82' lang='grc' dir='ltr'><strong><em>λόγῳ</em></strong></span> <span class='ocrx_word' id='word_1_312' title='bbox 969 2246 1083 2289; x_wconf 71' lang='grc' dir='ltr'><strong><em>ἄνισα</em></strong></span> <span class='ocrx_word' id='word_1_313' title='bbox 1111 2253 1231 2289; x_wconf 86' lang='grc' dir='ltr'><strong><em>κεῖται</em></strong></span> <span class='ocrx_word' id='word_1_314' title='bbox 1258 2246 1305 2288; x_wconf 73' lang='grc' dir='ltr'><strong><em>τοὶ</em></strong></span> <span class='ocrx_word' id='word_1_315' title='bbox 1337 2249 1377 2289; x_wconf 86' lang='grc' dir='ltr'><strong><em>ἐν</em></strong></span> <span class='ocrx_word' id='word_1_316' title='bbox 1405 2249 1519 2289; x_wconf 86' lang='grc' dir='ltr'><strong><em>παντὶ</em></strong></span> <span class='ocrx_word' id='word_1_317' title='bbox 1547 2252 1599 2304; x_wconf 80' lang='grc' dir='ltr'><strong><em>τῷ</em></strong></span> <span class='ocrx_word' id='word_1_318' title='bbox 1627 2245 1832 2304; x_wconf 76' lang='grc' dir='ltr'><strong><em>ὁριζομένῳ</em></strong></span> <span class='ocrx_word' id='word_1_319' title='bbox 1861 2251 1929 2300; x_wconf 89' lang='grc' dir='ltr'><strong><em>τῆς</em></strong></span> 
     </span>
     <span class='ocr_line' id='line_1_34' title="bbox 420 2312 1926 2372; baseline -0.001 -16"><span class='ocrx_word' id='word_1_320' title='bbox 420 2317 604 2364; x_wconf 68' lang='grc' dir='ltr'><strong><em>θκτίσεως</em></strong></span> <span class='ocrx_word' id='word_1_321' title='bbox 633 2314 756 2366; x_wconf 88' lang='grc' dir='ltr'><strong><em>κύτει,</em></strong></span> <span class='ocrx_word' id='word_1_322' title='bbox 795 2316 909 2368; x_wconf 87' lang='grc' dir='ltr'><strong><em>μέλαν</em></strong></span> <span class='ocrx_word' id='word_1_323' title='bbox 938 2317 1006 2357; x_wconf 83' lang='grc' dir='ltr'><strong><em>καὶ</em></strong></span> <span class='ocrx_word' id='word_1_324' title='bbox 1035 2313 1193 2366; x_wconf 79' lang='grc' dir='ltr'><strong><em>λευκόν,</em></strong></span> <span class='ocrx_word' id='word_1_325' title='bbox 1231 2314 1383 2372; x_wconf 78' lang='grc' dir='ltr'><strong><em>πυρρόν</em></strong></span> <span class='ocrx_word' id='word_1_326' title='bbox 1415 2317 1480 2358; x_wconf 87' lang='grc' dir='ltr'><strong><em>καὶ</em></strong></span> <span class='ocrx_word' id='word_1_327' title='bbox 1510 2313 1676 2371; x_wconf 80' lang='grc' dir='ltr'><strong><em>χλωρόν,</em></strong></span> <span class='ocrx_word' id='word_1_328' title='bbox 1713 2312 1834 2370; x_wconf 78' lang='grc' dir='ltr'><strong><em>ὖγρὸν</em></strong></span> <span class='ocrx_word' id='word_1_329' title='bbox 1862 2315 1926 2356; x_wconf 80' lang='grc' dir='ltr'><strong><em>καὶ</em></strong></span> 
     </span>
     <span class='ocr_line' id='line_1_35' title="bbox 415 2381 1929 2439; baseline -0.001 -14"><span class='ocrx_word' id='word_1_330' title='bbox 415 2382 551 2438; x_wconf 76' lang='grc' dir='ltr'><strong><em>ξηρόν,</em></strong></span> <span class='ocrx_word' id='word_1_331' title='bbox 586 2381 751 2439; x_wconf 81' lang='grc' dir='ltr'><strong><em>ούρανὸς</em></strong></span> <span class='ocrx_word' id='word_1_332' title='bbox 774 2383 841 2424; x_wconf 88' lang='grc' dir='ltr'><strong><em>καὶ</em></strong></span> <span class='ocrx_word' id='word_1_333' title='bbox 865 2387 933 2438; x_wconf 88' lang='grc' dir='ltr'><strong><em>γῆ,</em></strong></span> <span class='ocrx_word' id='word_1_334' title='bbox 964 2381 1032 2433; x_wconf 75' lang='grc' dir='ltr'><strong><em>νύξ</em></strong></span> <span class='ocrx_word' id='word_1_335' title='bbox 1058 2384 1124 2426; x_wconf 86' lang='grc' dir='ltr'><strong><em>καὶ</em></strong></span> <span class='ocrx_word' id='word_1_336' title='bbox 1148 2382 1293 2439; x_wconf 74' lang='grc' dir='ltr'><strong><em>ἡμέρα,</em></strong></span> <span class='ocrx_word' id='word_1_337' title='bbox 1325 2382 1433 2438; x_wconf 77' lang='grc' dir='ltr'><strong><em>ψυχὴ</em></strong></span> <span class='ocrx_word' id='word_1_338' title='bbox 1457 2385 1523 2426; x_wconf 87' lang='grc' dir='ltr'><strong><em>καὶ</em></strong></span> <span class='ocrx_word' id='word_1_339' title='bbox 1546 2389 1678 2438; x_wconf 86' lang='grc' dir='ltr'><strong><em>σῶμα,</em></strong></span> <span class='ocrx_word' id='word_1_340' title='bbox 1710 2381 1864 2438; x_wconf 75' lang='grc' dir='ltr'><strong><em>οἷγαθόν</em></strong></span> <span class='ocrx_word' id='word_1_341' title='bbox 1891 2398 1929 2424; x_wconf 82' lang='grc' dir='ltr'><strong><em>τε</em></strong></span> 
     </span>
     <span class='ocr_line' id='line_1_36' title="bbox 415 2449 1928 2503; baseline 0 -11"><span class='ocrx_word' id='word_1_342' title='bbox 415 2452 481 2492; x_wconf 84' lang='grc' dir='ltr'><strong><em>καὶ</em></strong></span> <span class='ocrx_word' id='word_1_343' title='bbox 512 2455 684 2503; x_wconf 78' lang='grc' dir='ltr'><strong><em>φαῦλον,</em></strong></span> <span class='ocrx_word' id='word_1_344' title='bbox 716 2449 867 2493; x_wconf 90' lang='grc' dir='ltr'><strong><em>δίκαιόν</em></strong></span> <span class='ocrx_word' id='word_1_345' title='bbox 891 2467 930 2491; x_wconf 92' lang='grc' dir='ltr'><strong><em>τε</em></strong></span> <span class='ocrx_word' id='word_1_346' title='bbox 960 2452 1025 2492; x_wconf 85' lang='grc' dir='ltr'><strong><em>καὶ</em></strong></span> <span class='ocrx_word' id='word_1_347' title='bbox 1061 2450 1216 2503; x_wconf 69' lang='grc' dir='ltr'><strong><em>ἄδικον,</em></strong></span> <span class='ocrx_word' id='word_1_348' title='bbox 1255 2450 1330 2493; x_wconf 74' lang='grc' dir='ltr'><strong><em>ἄλλ’</em></strong></span> <span class='ocrx_word' id='word_1_349' title='bbox 1357 2451 1415 2494; x_wconf 79' lang='grc' dir='ltr'><strong><em>ὅτι</em></strong></span> <span class='ocrx_word' id='word_1_350' title='bbox 1450 2451 1604 2501; x_wconf 88' lang='grc' dir='ltr'><strong><em>πάντως</em></strong></span> <span class='ocrx_word' id='word_1_351' title='bbox 1634 2456 1755 2493; x_wconf 81' lang='grc' dir='ltr'><strong><em>ταῦτα</em></strong></span> <span class='ocrx_word' id='word_1_352' title='bbox 1783 2451 1826 2492; x_wconf 81' lang='grc' dir='ltr'><strong><em>ἐκ</em></strong></span> <span class='ocrx_word' id='word_1_353' title='bbox 1855 2449 1928 2492; x_wconf 82' lang='grc' dir='ltr'><strong><em>δύο</em></strong></span> 
     </span>
     <span class='ocr_line' id='line_1_37' title="bbox 416 2516 1929 2578; baseline 0 -18"><span class='ocrx_word' id='word_1_354' title='bbox 416 2524 533 2560; x_wconf 91' lang='grc' dir='ltr'><strong><em>τινῶν</em></strong></span> <span class='ocrx_word' id='word_1_355' title='bbox 554 2520 792 2573; x_wconf 87' lang='grc' dir='ltr'><strong><em>συνέστηκεν.</em></strong></span> <span class='ocrx_word' id='word_1_356' title='bbox 849 2516 1045 2560; x_wconf 79' lang='grc' dir='ltr'><strong><em>Ἐνεκίσσα</em></strong></span> <span class='ocrx_word' id='word_1_357' title='bbox 1067 2521 1108 2561; x_wconf 81' lang='grc' dir='ltr'><strong><em>δὲ</em></strong></span> <span class='ocrx_word' id='word_1_358' title='bbox 1131 2522 1170 2562; x_wconf 89' lang='grc' dir='ltr'><strong><em>ἐν</em></strong></span> <span class='ocrx_word' id='word_1_359' title='bbox 1198 2525 1244 2578; x_wconf 77' lang='grc' dir='ltr'><strong><em>τῇ</em></strong></span> <span class='ocrx_word' id='word_1_360' title='bbox 1274 2519 1393 2562; x_wconf 77' lang='grc' dir='ltr'><strong><em>αὐτοῦ</em></strong></span> <span class='ocrx_word' id='word_1_361' title='bbox 1417 2523 1566 2577; x_wconf 74' lang='grc' dir='ltr'><strong><em>διανοίᾳ</em></strong></span> <span class='ocrx_word' id='word_1_362' title='bbox 1587 2518 1610 2562; x_wconf 77' lang='grc' dir='ltr'><em>ὅ</em></span> <span class='ocrx_word' id='word_1_363' title='bbox 1633 2517 1834 2573; x_wconf 85' lang='grc' dir='ltr'><strong><em>διάβολος,</em></strong></span> <span class='ocrx_word' id='word_1_364' title='bbox 1864 2519 1929 2561; x_wconf 84' lang='grc' dir='ltr'><strong><em>ἐπὶ</em></strong></span> 
     </span>
     <span class='ocr_line' id='line_1_38' title="bbox 417 2584 1927 2643; baseline 0.001 -16"><span class='ocrx_word' id='word_1_365' title='bbox 417 2592 547 2628; x_wconf 88' lang='grc' dir='ltr'><strong><em>πλεῖον</em></strong></span> <span class='ocrx_word' id='word_1_366' title='bbox 571 2591 591 2615; x_wconf 82' lang='lat'>⁷</span> <span class='ocrx_word' id='word_1_367' title='bbox 605 2586 833 2642; x_wconf 86' lang='grc' dir='ltr'><strong><em>στρατεύσας</em></strong></span> <span class='ocrx_word' id='word_1_368' title='bbox 851 2584 948 2628; x_wconf 72' lang='grc' dir='ltr'><strong><em>κατα</em></strong></span> <span class='ocrx_word' id='word_1_369' title='bbox 968 2590 1036 2639; x_wconf 87' lang='grc' dir='ltr'><strong><em>τῆς</em></strong></span> <span class='ocrx_word' id='word_1_370' title='bbox 1059 2586 1308 2643; x_wconf 65' lang='grc' dir='ltr'><strong><em>ἀνθρωπείας</em></strong></span> <span class='ocrx_word' id='word_1_371' title='bbox 1327 2588 1494 2641; x_wconf 85' lang='grc' dir='ltr'><strong><em>φύσεως,</em></strong></span> <span class='ocrx_word' id='word_1_372' title='bbox 1525 2587 1567 2630; x_wconf 77' lang='grc' dir='ltr'><strong><em>τὸ</em></strong></span> <span class='ocrx_word' id='word_1_373' title='bbox 1587 2586 1714 2630; x_wconf 77' lang='grc' dir='ltr'><strong><em>δεινόν</em></strong></span> <span class='ocrx_word' id='word_1_374' title='bbox 1732 2585 1927 2642; x_wconf 85' lang='grc' dir='ltr'><strong><em>φρόνημα,</em></strong></span> 
     </span>
     <span class='ocr_line' id='line_1_39' title="bbox 418 2652 1929 2712; baseline 0 -16"><span class='ocrx_word' id='word_1_375' title='bbox 418 2652 470 2704; x_wconf 80' lang='grc' dir='ltr'><strong><em>ῶς</em></strong></span> <span class='ocrx_word' id='word_1_376' title='bbox 489 2653 670 2698; x_wconf 73' lang='grc' dir='ltr'><strong><em>ὑπονοεῖν</em></strong></span> <span class='ocrx_word' id='word_1_377' title='bbox 690 2655 731 2698; x_wconf 73' lang='lat' dir='ltr'><strong><em>vd</em></strong></span> <span class='ocrx_word' id='word_1_378' title='bbox 756 2654 809 2710; x_wconf 84' lang='grc' dir='ltr'><strong><em>μῆ</em></strong></span> <span class='ocrx_word' id='word_1_379' title='bbox 834 2653 878 2697; x_wconf 73' lang='grc' dir='ltr'><strong><em>δν</em></strong></span> <span class='ocrx_word' id='word_1_380' title='bbox 900 2655 966 2696; x_wconf 85' lang='grc' dir='ltr'><strong><em>καὶ</em></strong></span> <span class='ocrx_word' id='word_1_381' title='bbox 994 2653 1065 2697; x_wconf 82' lang='grc' dir='ltr'><strong><em>8τό</em></strong></span> <span class='ocrx_word' id='word_1_382' title='bbox 1090 2653 1135 2696; x_wconf 79' lang='grc' dir='ltr'><strong><em>δν</em></strong></span> <span class='ocrx_word' id='word_1_383' title='bbox 1162 2655 1214 2709; x_wconf 79' lang='grc' dir='ltr'><strong><em>μὴ</em></strong></span> <span class='ocrx_word' id='word_1_384' title='bbox 1245 2655 1528 2712; x_wconf 84' lang='grc' dir='ltr'><strong><em>ἐπιγινώσκειν,</em></strong></span> <span class='ocrx_word' id='word_1_385' title='bbox 1557 2658 1622 2698; x_wconf 78' lang='grc' dir='ltr'><strong><em>ἵνα</em></strong></span> <span class='ocrx_word' id='word_1_386' title='bbox 1648 2653 1817 2709; x_wconf 86' lang='grc' dir='ltr'><strong><em>πόλεμόν</em></strong></span> <span class='ocrx_word' id='word_1_387' title='bbox 1846 2671 1929 2697; x_wconf 90' lang='grc' dir='ltr'><strong><em>τινα</em></strong></span> 
     </span>
    </p>
   </div>
   <div class='ocr_carea' id='block_1_5' title="bbox 418 2824 1927 3048">
    <p class='ocr_par' dir='ltr' id='par_1_6' title="bbox 463 2824 1926 2913">
     <span class='ocr_line' id='line_1_40' title="bbox 466 2824 1926 2870; baseline -0.001 -11"><span class='ocrx_word' id='word_1_388' title='bbox 466 2827 514 2860; x_wconf 86' lang='lat'><strong><em>11.</em></strong></span> <span class='ocrx_word' id='word_1_389' title='bbox 538 2826 718 2870; x_wconf 81' lang='grc' dir='ltr'><strong><em>κλίσματος</em></strong></span> <span class='ocrx_word' id='word_1_390' title='bbox 740 2829 858 2859; x_wconf 78' lang='lat' dir='ltr'><em>volebat</em></span> <span class='ocrx_word' id='word_1_391' title='bbox 880 2829 937 2859; x_wconf 87' lang='lat' dir='ltr'><em>Ios.</em></span> <span class='ocrx_word' id='word_1_392' title='bbox 959 2828 1104 2867; x_wconf 60' lang='lat' dir='ltr'><strong><em>Scaliger.</em></strong></span> <span class='ocrx_word' id='word_1_393' title='bbox 1199 2824 1261 2860; x_wconf 70' lang='lat'><strong><em>174</em></strong></span> <span class='ocrx_word' id='word_1_394' title='bbox 1279 2838 1341 2868; x_wconf 82' lang='lat' dir='ltr'><strong><em>sq.,</em></strong></span> <span class='ocrx_word' id='word_1_395' title='bbox 1375 2832 1401 2860; x_wconf 76' lang='lat' dir='ltr'><strong><em>et</em></strong></span> <span class='ocrx_word' id='word_1_396' title='bbox 1429 2829 1471 2860; x_wconf 84' lang='lat' dir='ltr'><strong><em>du</em></strong></span> <span class='ocrx_word' id='word_1_397' title='bbox 1493 2830 1594 2868; x_wconf 75' lang='lat' dir='ltr'><strong><em>Canye</em></strong></span> <span class='ocrx_word' id='word_1_398' title='bbox 1618 2829 1648 2859; x_wconf 83' lang='lat' dir='ltr'><strong><em>in</em></strong></span> <span class='ocrx_word' id='word_1_399' title='bbox 1672 2828 1718 2859; x_wconf 87' lang='lat' dir='ltr'><strong><em>Gl.</em></strong></span> <span class='ocrx_word' id='word_1_400' title='bbox 1741 2827 1783 2858; x_wconf 85' lang='lat' dir='ltr'><strong><em>ad</em></strong></span> <span class='ocrx_word' id='word_1_401' title='bbox 1804 2828 1926 2867; x_wconf 77' lang='lat' dir='ltr'><strong><em>Scriptt.</em></strong></span> 
     </span>
     <span class='ocr_line' id='line_1_41' title="bbox 463 2868 1628 2913; baseline 0 -10"><span class='ocrx_word' id='word_1_402' title='bbox 463 2872 513 2904; x_wconf 71' lang='lat'><strong><em>1⁴2.</em></strong></span> <span class='ocrx_word' id='word_1_403' title='bbox 550 2868 646 2911; x_wconf 81' lang='grc' dir='ltr'><strong><em>ἄλλος</em></strong></span> <span class='ocrx_word' id='word_1_404' title='bbox 678 2877 801 2913; x_wconf 72' lang='lat' dir='ltr'><em>uterque</em></span> <span class='ocrx_word' id='word_1_405' title='bbox 837 2874 901 2904; x_wconf 84' lang='lat' dir='ltr'><strong><em>cod.</em></strong></span> <span class='ocrx_word' id='word_1_406' title='bbox 934 2882 988 2904; x_wconf 89' lang='lat' dir='ltr'><strong><em>ms.</em></strong></span> <span class='ocrx_word' id='word_1_407' title='bbox 1044 2869 1152 2909; x_wconf 80' lang='grc' dir='ltr'><strong><em>ἄλλως</em></strong></span> <span class='ocrx_word' id='word_1_408' title='bbox 1198 2874 1278 2903; x_wconf 87' lang='lat' dir='ltr'><strong><em>Med.</em></strong></span> <span class='ocrx_word' id='word_1_409' title='bbox 1293 2877 1320 2904; x_wconf 78' lang='lat' dir='ltr'><strong><em>et</em></strong></span> <span class='ocrx_word' id='word_1_410' title='bbox 1340 2875 1399 2913; x_wconf 72' lang='lat' dir='ltr'><strong><em>Ins.</em></strong></span> <span class='ocrx_word' id='word_1_411' title='bbox 1421 2875 1527 2905; x_wconf 86' lang='lat' dir='ltr'><strong><em>Graec.</em></strong></span> <span class='ocrx_word' id='word_1_412' title='bbox 1553 2882 1576 2904; x_wconf 86' lang='lat' dir='ltr'><strong><em>s.</em></strong></span> <span class='ocrx_word' id='word_1_413' title='bbox 1599 2882 1628 2903; x_wconf 86' lang='lat' dir='ltr'><strong><em>v.</em></strong></span> 
     </span>
    </p>

    <p class='ocr_par' dir='ltr' id='par_1_7' title="bbox 418 2914 1927 3048">
     <span class='ocr_line' id='line_1_42' title="bbox 418 2914 1927 2959; baseline 0 -11"><span class='ocrx_word' id='word_1_414' title='bbox 418 2918 498 2948; x_wconf 78' lang='lat' dir='ltr'><em>edili.</em></span> <span class='ocrx_word' id='word_1_415' title='bbox 1254 2917 1329 2949; x_wconf 77' lang='lat' dir='ltr'>CAP.</span> <span class='ocrx_word' id='word_1_416' title='bbox 1352 2919 1393 2949; x_wconf 88' lang='grc' dir='ltr'><strong><em>ΙΙ.</em></strong></span> <span class='ocrx_word' id='word_1_417' title='bbox 1431 2937 1472 2943; x_wconf 91' lang='grc'>-</span> <span class='ocrx_word' id='word_1_418' title='bbox 1528 2919 1556 2950; x_wconf 87' lang='lat'><strong><em>1.</em></strong></span> <span class='ocrx_word' id='word_1_419' title='bbox 1581 2914 1702 2959; x_wconf 74' lang='grc' dir='ltr'><strong><em>ὖψιλήν</em></strong></span> <span class='ocrx_word' id='word_1_420' title='bbox 1725 2919 1790 2950; x_wconf 85' lang='lat' dir='ltr'><em>cod.</em></span> <span class='ocrx_word' id='word_1_421' title='bbox 1815 2919 1876 2950; x_wconf 82' lang='lat' dir='ltr'><em>Ien.</em></span> <span class='ocrx_word' id='word_1_422' title='bbox 1901 2921 1927 2949; x_wconf 70' lang='lat' dir='ltr'><strong><em>et</em></strong></span> 
     </span>
     <span class='ocr_line' id='line_1_43' title="bbox 468 2962 1315 3006; baseline -0.002 -10"><span class='ocrx_word' id='word_1_423' title='bbox 468 2962 513 2994; x_wconf 82' lang='lat'><strong><em>13.</em></strong></span> <span class='ocrx_word' id='word_1_424' title='bbox 539 2962 703 3006; x_wconf 79' lang='grc' dir='ltr'><strong><em>χρυσόροα</em></strong></span> <span class='ocrx_word' id='word_1_425' title='bbox 726 2964 815 2995; x_wconf 84' lang='lat' dir='ltr'><em>codd.</em></span> <span class='ocrx_word' id='word_1_426' title='bbox 837 2973 908 2995; x_wconf 86' lang='lat' dir='ltr'><em>mss.</em></span> <span class='ocrx_word' id='word_1_427' title='bbox 931 2967 958 2994; x_wconf 80' lang='lat' dir='ltr'><strong><em>et</em></strong></span> <span class='ocrx_word' id='word_1_428' title='bbox 979 2964 1025 2994; x_wconf 87' lang='lat' dir='ltr'><strong><em>ed.</em></strong></span> <span class='ocrx_word' id='word_1_429' title='bbox 1042 2965 1140 3003; x_wconf 79' lang='lat' dir='ltr'><strong><em>princ.</em></strong></span> <span class='ocrx_word' id='word_1_430' title='bbox 1198 2963 1244 2994; x_wconf 86' lang='lat' dir='ltr'><strong><em>ed.</em></strong></span> <span class='ocrx_word' id='word_1_431' title='bbox 1266 2972 1315 3002; x_wconf 80' lang='lat' dir='ltr'><strong><em>pr.</em></strong></span> 
     </span>
     <span class='ocr_line' id='line_1_44' title="bbox 465 3004 1152 3048; baseline 0.001 -10"><span class='ocrx_word' id='word_1_432' title='bbox 465 3004 513 3039; x_wconf 73' lang='lat'><strong><em>14.</em></strong></span> <span class='ocrx_word' id='word_1_433' title='bbox 552 3009 597 3047; x_wconf 80' lang='lat' dir='ltr'><strong><em>Cf.</em></strong></span> <span class='ocrx_word' id='word_1_434' title='bbox 632 3010 662 3040; x_wconf 78' lang='lat' dir='ltr'><strong><em>d.</em></strong></span> <span class='ocrx_word' id='word_1_435' title='bbox 699 3009 830 3041; x_wconf 82' lang='lat' dir='ltr'><em>Gasaub.</em></span> <span class='ocrx_word' id='word_1_436' title='bbox 863 3011 895 3041; x_wconf 83' lang='lat' dir='ltr'><strong><em>in</em></strong></span> <span class='ocrx_word' id='word_1_437' title='bbox 926 3008 1086 3048; x_wconf 79' lang='lat' dir='ltr'><strong><em>Lamprid.</em></strong></span> <span class='ocrx_word' id='word_1_438' title='bbox 1120 3017 1152 3047; x_wconf 86' lang='lat' dir='ltr'><strong><em>p.</em></strong></span> 
     </span>
    </p>
   </div>
  </div>
 </body>
</html>
