2066 3319
1613 168 1695 209 439

162 257 198 297 id
224 256 350 296 minus
379 256 481 295 ferre
506 254 713 303 dehemus,
748 268 831 293 cum
858 254 903 294 ali
927 255 1201 296 molestissimo
1228 255 1292 295 illo
1316 254 1549 296 Manicliaeo
1581 256 1694 296 deum

1371 323 1524 364 Etenim
1557 339 1642 364 cum
1674 338 1695 364 a

510 175 690 208 PANARH
714 175 798 207 LIB.
819 175 859 207 Π.
880 175 988 208 ΤΟΜ.
1009 177 1047 207 ΙΙ.
1075 176 1204 209 ΗΑΕΒ.
1223 176 1341 208 vat.

161 323 432 364 universorum
459 322 652 362 dominum
686 323 811 376 appeti
838 322 1049 362 maledictis
1085 324 1310 364 audiemus?

160 391 231 431 deo
257 405 325 445 pro
349 390 495 431 infinita
517 403 586 430 sua
612 390 876 430 misericordia
902 405 945 430 ac
970 390 1140 431 bonitate
1172 391 1314 431 imbres
1349 405 1368 431 c
1400 392 1509 431 coelo
1538 393 1694 433 mittun-

161 466 242 508 tur,
278 458 488 500 maledicus
512 458 586 499 iste
611 472 685 498 11011
715 465 873 498 veretur
894 472 912 497 a
939 459 1010 499 deo
1033 459 1174 499 imbres
1196 459 1282 499 illos
1309 473 1395 499 esse
1422 473 1590 514 negare,
1624 461 1692 501 sed

159 540 209 567 ex
238 525 456 581 Principum
491 527 633 567 asserit
664 526 853 581 profluvio
885 541 1075 567 manasse.

271 592 383 648 Quod
409 596 455 635 ad
483 595 629 649 reliqua
656 595 836 647 pertinet,
872 595 954 649 quis
978 595 1015 635 iu
1039 596 1096 636 liis
1118 595 1466 635 commemorandis
1491 596 1609 636 risum
1637 603 1693 636 te-

157 670 269 713 neat,
304 677 390 703 cum
424 661 663 703 Philistionis
698 662 798 702 inimi
834 663 1005 703 ridiculis
1042 663 1143 704 illius
1175 663 1287 716 nugis
1326 663 1449 715 inagis
1481 677 1568 703 esse
1600 665 1693 705 serii

157 732 389 771 videantur?
448 729 620 771 Primum
644 731 745 770 enim
773 731 904 771 nescio
928 744 1039 784 quem
1062 729 1237 771 Baiulum
1264 744 1351 770 esse
1374 730 1496 784 lingit,
1531 733 1593 785 qui
1617 740 1694 772 ter-

156 813 236 839 rain
265 812 418 839 omnem
444 799 525 839 suis
551 799 721 839 humeris
749 805 967 848 sustentet,
1000 812 1044 838 ac
1070 799 1270 853 trigesimo
1301 813 1452 853 quoque
1481 814 1605 850 anno,
1640 800 1693 840 la-

155 867 318 908 borante
342 867 463 907 altero
486 867 661 917 humero,
698 881 795 907 onus
819 867 856 906 111
883 867 1045 907 alterum
1073 868 1299 917 transferat,
1336 867 1435 907 unde
1458 874 1588 907 terrae
1613 882 1693 907 mo-

490 933 603 989 Quod
634 935 665 975 si
694 949 825 976 verum
853 941 979 985 esset,
1015 934 1190 975 naturale
1214 934 1248 974 id
1274 935 1431 974 0111111110
1458 936 1557 975 foret
1583 936 1692 975 1111111-

571 1002 649 1045 Sed
688 1002 984 1059 praestigiarum
1015 1002 1201 1043 artificem
1234 1002 1443 1043 salvatoris
1475 1004 1693 1043 sententiae

156 942 215 975 tus
238 935 426 976 existant.

155 1017 291 1058 meque
322 1004 508 1044 divinum.

1743 599 1821 640 Cap.

1722 645 1832 676 XXll.

154 1073 434 1122 condemnant,
468 1070 576 1112 velut
595 1086 679 1112 cum
708 1072 784 1121 ait,
819 1075 949 1111 Eslole
971 1073 1074 1118 boni,
1107 1074 1208 1110 sicut
1225 1079 1337 1123 paler
1359 1080 1478 1110 vester
1503 1073 1685 1119 coelestis,
1706 1084 1843 1121 Mutum,
1853 1087 1894 1114 15.

153 1143 324 1192 qnoniam
351 1142 563 1194 orz'rz’sacz't
584 1143 696 1179 solem
720 1155 825 1179 snum
850 1155 963 1192 super
986 1143 1103 1178 2'115103
1125 1147 1162 1178 el
1186 1142 1366 1187 iniustos,
1400 1148 1438 1179 et
1459 1142 1562 1192 pluit
1580 1155 1693 1192 super

153 1211 270 1247 malos
302 1216 338 1247 el
369 1210 494 1248 bonos.

149 1267 308 1329 peslilen
313 1280 363 1316 tia
370 1307 377 1315 .

153 1345 282 1385 cidere
308 1344 500 1395 dicantur,
535 1359 618 1385 cum
648 1346 877 1400 saepissime
901 1344 1021 1385 variis
1044 1345 1080 1385 in
1103 1344 1197 1385 locis
1223 1351 1328 1385 terra
1351 1346 1558 1399 quatiatur,
1593 1347 1689 1386 adeo

152 1420 192 1454 ut
233 1427 506 1467 nonnunquam
547 1421 627 1454 toto
666 1428 767 1453 anno
805 1412 1044 1468 singulisque
1085 1413 1263 1454 noctibus
1301 1414 1454 1454 concuti
1494 1415 1687 1465 videatur,

153 1490 371 1523 utrumnam
396 1482 545 1522 baiulus
570 1482 631 1522 ille
657 1482 841 1522 sauciatis
873 1481 1042 1521 linmeris
1066 1481 1210 1522 laboris
1237 1482 1439 1536 impatiens
1466 1482 1687 1522 continuam

152 1551 249 1591 lianc
284 1550 533 1604 agitationem
569 1550 721 1590 efficere
756 1550 940 1590 dicendus
979 1550 1066 1589 est?
1127 1549 1225 1602 Quis
1263 1557 1405 1590 tantam
1439 1550 1687 1591 stoliditatem

151 1619 369 1660 sustineat?
429 1616 530 1671 Quid
565 1627 692 1658 autem
728 1618 826 1658 aliud
863 1618 962 1671 quod
1000 1617 1197 1671 probabile
1231 1619 1431 1659 videretur
1461 1633 1536 1659 non
1569 1633 1688 1660 ausus

150 1695 211 1728 est
245 1688 455 1728 asserere?
514 1685 641 1726 Docet
680 1687 780 1727 8111111
817 1687 918 1726 111181
952 1692 1104 1737 cetera,
1149 1686 1320 1738 animas,
1365 1701 1463 1741 qnae
1506 1687 1589 1727 salsi
1628 1687 1688 1728 sui

150 1755 340 1810 dogmatis
365 1755 526 1795 scientia
556 1756 735 1810 perfusae
762 1762 872 1805 sunt,
907 1755 952 1795 ad
984 1754 1156 1795 lunarem
1189 1756 1322 1796 orbem
1350 1755 1485 1805 evehi,
1520 1770 1604 1796 cum
1632 1756 1687 1796 lu-

150 1824 232 1864 cida
256 1824 307 1864 sit
330 1824 481 1864 animae
508 1831 659 1864 natura.
723 1821 847 1877 Quam
872 1823 919 1863 ob
942 1837 1116 1863 caussam
1134 1855 1144 1875 ,
1177 1822 1326 1878 inquit,
1360 1825 1471 1878 plena
1505 1831 1564 1863 est
1592 1823 1687 1864 alias

148 1893 260 1940 luna,
296 1892 390 1932 alias
417 1892 500 1932 luce
523 1892 721 1947 privatur,
757 1893 854 1946 quod
880 1906 965 1932 eain
993 1892 1143 1932 animae
1170 1893 1344 1945 repleant
1365 1905 1463 1946 quae
1486 1891 1687 1931 infidelita-

150 1962 197 2001 tis
231 1961 333 2001 illius
362 1962 585 2015 cognitione
621 1961 815 2015 praeditae
844 1974 895 2001 ex
922 1961 990 2000 liae
1019 1961 1098 2001 vita
1125 1959 1395 2000 discesserint.
1458 1958 1609 2000 Deinde
1641 1959 1686 1999 ab

149 2029 240 2070 luna
268 2036 448 2083 tanquam
479 2029 628 2070 minore
657 2028 810 2082 navigio
836 2030 990 2069 easdem
1019 2029 1228 2069 exonerari
1256 2036 1384 2083 putat,
1420 2035 1459 2069 et
1489 2029 1589 2069 intra
1623 2042 1687 2068 so-

148 2098 221 2139 lem
248 2097 390 2151 recipi,
425 2106 537 2152 atque
564 2099 601 2138 in
624 2111 759 2138 aevum
789 2097 988 2138 beatorum
1015 2097 1174 2153 exponi.
1237 2096 1451 2137 Enimvero
1476 2097 1685 2137 obcaecata

149 2180 302 2222 semper
332 2166 476 2206 malitia
510 2167 692 2222 pudorem
725 2180 835 2206 suum
863 2166 1190 2220 ignominiamque
1224 2180 1300 2206 non
1336 2166 1475 2216 sentit,
1510 2165 1684 2219 adeoque

147 2235 241 2290 ipsis
262 2235 344 2275 suis
366 2235 498 2275 verbis
523 2233 783 2285 convincitur,
817 2249 901 2274 cum
933 2235 1134 2275 mendacia
1159 2249 1229 2275 sna
1256 2234 1491 2289 probabilem
1519 2233 1684 2287 aliquam

148 2304 194 2344 ad
226 2304 417 2344 rationem
450 2302 675 2357 exitumque
708 2303 919 2358 perducere
952 2310 1132 2358 nequeat.

262 2370 306 2412 ln
328 2372 462 2428 primis
486 2372 585 2412 enim
610 2386 708 2412 unus
734 2371 846 2412 lionio
872 2374 1060 2413 formatus
1087 2379 1146 2413 est
1169 2371 1364 2422 Adamus,
1399 2385 1419 2411 a
1443 2384 1517 2424 quo
1540 2368 1683 2410 utrius-

148 2455 221 2496 que
245 2454 367 2481 sexus
391 2441 498 2481 liberi
524 2441 722 2495 propagati
747 2447 850 2480 sunt.
915 2440 1016 2481 Tum
1040 2441 1110 2481 sub
1133 2440 1262 2481 mundi
1284 2440 1448 2488 initium,
1484 2452 1585 2478 anno
1607 2437 1682 2478 cir-

146 2509 244 2550 citer
267 2510 406 2550 Adami
431 2510 668 2559 centesimo,
701 2509 802 2549 Abel
827 2510 1054 2550 interfectus
1081 2517 1164 2559 est,
1198 2523 1321 2549 annos
1356 2515 1467 2548 natus
1501 2509 1582 2546 l‘ere
1614 2508 1681 2547 tri-

146 2579 269 2633 ginta.
331 2577 428 2619 Post
455 2578 577 2628 liunc,
613 2576 676 2632 qui
705 2577 849 2632 primus
873 2578 1050 2619 omnibus
1077 2578 1229 2619 occisus
1256 2585 1336 2627 est,
1372 2577 1515 2632 primus
1539 2588 1679 2631 parens

145 2681 279 2725 singulis
308 2681 458 2713 noctibus
490 2687 576 2712 terra
611 2691 709 2722 saepe
734 2691 889 2712 concussa
934 2684 1075 2714 5111101118.
1124 2683 1158 2714 In
1191 2682 1277 2712 libris
1302 2682 1381 2712 enim
1414 2681 1522 2719 legitur
1553 2679 1602 2718 εἰς
1626 2677 1682 2713 τὸν

146 2727 266 2765 suerit,
291 2747 335 2752 —
360 2739 456 2765 num,
483 2727 626 2769 inquam,
654 2725 750 2757 toties
774 2725 889 2757 baculo
935 2723 1027 2768 ἥλιον
1071 2726 1108 2762 δὲ
1154 2727 1272 2768 παραλ.
1335 2727 1472 2757 Ceterum
1514 2726 1553 2766 cf.
1598 2727 1681 2766 infra

145 2781 256 2804 vestro
287 2772 429 2804 humeris
460 2772 634 2810 sauciatis,
671 2783 741 2802 cum
766 2771 890 2803 doloris
935 2783 1004 2813 cap.
1028 2772 1082 2805 26.

146 2818 289 2850 taedium
327 2820 413 2850 serre
447 2823 609 2861 nequeat,
659 2824 785 2848 motum
825 2817 890 2849 ciet
982 2818 1060 2849 Cap.
1080 2818 1210 2848 xxiii.
1236 2834 1280 2840 —
1330 2818 1357 2849 l.
1380 2814 1517 2851 ἕκαστον
1541 2820 1625 2850 extat
1648 2819 1680 2849 in

145 2863 357 2895 istiusmodi?

192 2910 222 2941 3.
247 2902 313 2949 ἆρα
337 2911 426 2941 codd.
451 2919 523 2941 mss.
572 2903 657 2951 ἄρα,
689 2912 803 2949 puncto
833 2918 890 2940 an-

147 2957 290 2994 teposito,
313 2957 397 2987 edili.

192 3002 222 3031 4.
248 3002 382 3032 Alterum
403 3002 458 3033 hoc
476 2996 568 3043 ἥλιον
589 3002 707 3033 restitui
727 3009 816 3032 sensu
833 3009 891 3040 po-

935 2866 1075 2895 omnibus
1099 2865 1194 2894 libris.

981 2912 1010 2940 ’,’.
1037 2906 1269 2942 ἀποκτέννεται
1296 2909 1385 2941 codd.
1404 2919 1478 2942 mss.
1523 2905 1678 2943 ἀποκτεί-

935 2965 1024 2988 νεταν,
1046 2955 1129 2985 editi.

561 1206 683 1249 Item:
727 1211 855 1248 Erant
886 1216 1009 1248 terrae
1037 1215 1155 1247 motus
1182 1222 1252 1260 per
1284 1210 1385 1256 loca,
1421 1216 1457 1247 et
1474 1210 1621 1262 sames,
1656 1216 1692 1247 et
1710 1210 1894 1245 Ἀθη-1318-

1777 1250 1805 1272 et

442 1275 555 1330 Quod
581 1277 613 1317 si
639 1277 867 1317 naturaliter
889 1284 1003 1331 atque
1028 1277 1168 1316 usitato
1193 1290 1299 1317 more
1323 1283 1449 1317 terrae
1479 1285 1605 1317 motus
1627 1279 1892 1317 ac-Matth·2⁴‚⁷-

1732 2377 1810 2418 Cap.

1715 2423 1844 2456 XXllI.
