2066 3319
240 1962 326 2004 Κεφ.
347 1960 412 1995 ηδ’.

263 2312 329 2339 pag.
349 2305 407 2332 703.

411 186 492 224 542
975 191 1138 224 SANCTI
1163 193 1386 225 EPIPHANH

411 267 554 309 κελεύει
578 270 830 320 σαββατίζειν,
862 268 928 308 καὶ
953 269 1063 316 εἴτις
1084 266 1156 309 οὔκ
1181 268 1424 322 ε’σαββάτισε,
1450 272 1579 318 λίθοις
1600 272 1949 322 κατελιθοβολεῖτο,

418 333 471 383 ὦς
494 335 561 375 καὶ
585 337 751 388 φορτίον
783 333 907 383 ξύλων
937 352 994 383 τις
1020 336 1197 384 συλλέξας
1222 335 1447 390 παρεδόθη·
1493 335 1520 390 ἦ
1547 338 1587 380 δὲ
1618 336 1733 389 καινὴ
1759 334 1949 389 διαθήκη,

412 403 607 443 τουτέστιν
639 399 661 443 ὁ
686 400 823 454 κύριος
847 403 888 442 ἒν
919 406 973 458 τῷ
998 400 1202 459 εὐαγγελίῳ
1226 404 1302 454 ἔφη
1327 403 1404 454 ὅτι,
1450 402 1547 458 Ἐγώ
1573 403 1800 459 ἐργάζομαι,
1832 405 1899 444 καὶ
1930 401 1952 443 ὁ

413 469 541 523 πατήρ
566 486 642 521 μου
664 468 876 523 ἐργάζεται·
908 470 974 510 καὶ
998 470 1037 510 ἐν
1061 473 1116 525 τῷ
1136 469 1319 523 σαββάτῳ
1344 471 1485 512 ἔτιλλον
1507 471 1673 524 στάχυας
1698 473 1738 512 οἱ
1761 471 1952 523 μαθηταὶ,

413 538 479 577 καὶ
503 538 542 577 ἕν
564 541 616 593 τῷ
638 535 821 593 σαββάτῳ
848 535 1098 591 ἐθεράπευσε.
1146 538 1222 577 Καὶ
1249 535 1296 578 οὗ
1318 536 1440 589 μόνον
1463 543 1592 589 τοῦτο,
1618 536 1709 579 άλλά
1732 539 1809 589 καὶ,
1832 532 1953 591 ὅἈρον

414 602 482 644 τόν
508 602 732 658 κράββατόν
754 618 839 653 σου,
871 605 937 645 καὶ
958 603 1081 659 ὕπαγε
1102 605 1155 652 εἰς
1180 602 1247 645 τόν
1272 602 1382 646 οἶκόν
1409 619 1500 655 σου,
1533 607 1644 660 ἔλεγε.
1705 606 1784 645 Καὶ
1808 599 1838 646 ὦ
1863 609 1954 646 πολ-

414 675 483 723 λῆς
509 668 715 726 α’γνωσίας.
781 670 906 712 Οὐδὲν
935 669 1008 726 γάρ
1033 670 1250 726 χειρότερον
1273 676 1340 724 τῆς
1359 670 1553 727 άπειρίας·
1584 671 1751 721 πολλοὺς
1772 671 1845 727 γάρ
1871 671 1954 713 ε’τύ-

417 744 571 790 φλωσεν
605 736 631 791 ή
662 736 844 792 άγνωσία.
907 738 1012 780 Πότε
1039 737 1111 793 γάρ
1136 737 1178 779 ‘co'
1210 738 1407 791 σάββατον
1431 741 1494 781 ε’πὶ
1524 738 1658 797 άγαθῇ
1681 738 1879 795 προφάσει
1908 737 1955 780 οὐ

417 807 587 856 λέλυται,·
630 804 723 847 πότε
757 806 798 847 δὲ
823 803 895 847 οὔκ
925 806 1143 859 ἐδεσμεύθη
1177 805 1253 848 οἷπό
1277 810 1487 861 πονηρίας,
1520 806 1567 848 οὗ
1592 807 1714 860 μόνον
1742 806 1784 848 τὸ
1809 804 1956 859 σάββα-

416 890 504 925 τον,
537 872 630 915 α’λλά
653 877 760 915 πάσα
784 871 926 928 ἡμέρα,-
971 871 1120 927 Ἰησοῦς
1151 873 1223 929 γάρ
1259 872 1282 915 ὁ
1304 879 1375 915 τοῦ
1398 879 1537 927 Ναυῆ,
1577 873 1600 915 ὁ
1623 873 1806 927 διάδοχος
1829 877 1955 914 Μωϋ-

417 943 534 991 σέως,
567 939 589 983 ὁ
615 943 656 983 ἐν
677 940 899 995 προφήταις
920 943 1283 995 κατηριθμημένος,
1327 939 1349 982 ό
1373 940 1550 990 ἐκλεκτός
1583 939 1690 995 παρά
1713 946 1815 998 θεῷ,
1857 938 1879 981 ὁ
1909 937 1957 981 δι’

417 1007 530 1062 εὐχῆς
554 1007 756 1062 κατασχών
780 1008 846 1050 τόν
874 1008 983 1062 ἥλιον
1017 1010 1082 1050 καὶ
1106 1008 1176 1062 τήν
1206 1007 1387 1062 σελήνην,
1421 1007 1474 1057 ὥς
1498 1011 1594 1061 ἔφη,
1636 1008 1775 1061 Στήτω
1808 1006 1831 1050 ὅ
1849 1007 1958 1061 »ἥλιος

416 1075 515 1118 κατά
541 1075 730 1130 Γαβαών,
775 1078 838 1118 καὶ
868 1074 894 1129 ἡ
922 1076 1059 1129 σελήνη
1092 1075 1189 1117 κατά
1221 1075 1405 1131 φάραγγα
1428 1074 1558 1127 Ἰάλω,
1590 1075 1715 1124 εὐθύς
1742 1074 1959 1131 εὑρίσκεται

416 1143 460 1186 τό
488 1143 689 1197 σάββατον
711 1143 814 1185 λύων
838 1145 900 1185 ἐπὶ
921 1142 1173 1199 άγαθοεργία.
1232 1142 1318 1184 Ἐπὶ
1346 1142 1440 1184 ἑπτά
1471 1141 1617 1198 ἡμέρας
1649 1143 1721 1198 γάρ
1747 1149 1888 1185 κυκλοῖ
1910 1141 1957 1184 τά

416 1214 517 1265 τείχη
549 1209 691 1266 Ἰεριχῶ
722 1209 745 1252 ὅ
775 1209 941 1263 Ἰησοῦς·
984 1210 1043 1252 ὅτι
1074 1208 1149 1251 οὐκ
1176 1212 1265 1263 ἐξῆν
1295 1213 1464 1263 βαδίζειν
1499 1212 1538 1251 ἐν
1564 1210 1758 1263 σάββασιν
1785 1209 1883 1266 ὑπὲρ
1914 1211 1956 1252 τό

421 1282 565 1335 μέτρον
587 1283 662 1320 τῶν
684 1282 727 1328 ἓξ
753 1281 921 1319 σταδίων
947 1283 1023 1318 τῶν
1047 1275 1279 1331 ὥρισμένων.
1340 1276 1391 1318 Τό
1419 1277 1460 1318 δὲ
1483 1280 1712 1333 περίμετρον
1730 1283 1799 1331 τῆς
1815 1276 1959 1332 Ἵεριχῶ

417 1346 515 1402 ὑπὲρ
547 1349 731 1394 σταδίους
766 1347 888 1387 εἴκοσι
924 1344 1112 1400 τυγχάνει.
1167 1344 1257 1385 Ἐπὶ
1294 1343 1390 1385 ἑπτά
1418 1344 1458 1385 δὲ
1495 1343 1644 1400 ἡμέρας
1678 1344 1960 1387 κυκλωσάντων

418 1413 567 1465 αὐτῶν,
610 1413 765 1462 πάντως
788 1412 848 1453 ὅτι
882 1410 1072 1453 ὑπέπιπτε
1098 1410 1140 1453 τὸ
1169 1411 1366 1465 σάββατον
1397 1413 1439 1453 ἐν
1463 1416 1534 1469 μιᾷ
1561 1418 1639 1454 τῶν
1668 1411 1836 1467 ήμερῶν.
1887 1408 1960 1454 ΐΗν

417 1483 458 1523 δὲ
477 1486 590 1523 τοῦτο
616 1479 842 1535 πρόςταγμα
867 1483 980 1530 θεοῦ,
1011 1482 1078 1520 ἵνα
1098 1481 1204 1536 δείξῃ
1227 1478 1350 1521 αὐτοῦ
1374 1478 1416 1520 τὸ
1440 1481 1594 1533 θέλημα
1616 1485 1684 1534 τῆς
1706 1487 1961 1535 θαυματουρ-

417 1551 516 1605 γίας.
581 1546 680 1589 Οὔτε
709 1546 782 1603 γάρ
807 1548 994 1601 μηχαναὶ,
1027 1546 1114 1588 οὔτε
1137 1545 1317 1601 μάγγανα
1340 1542 1411 1601 ἧν,
1444 1546 1492 1589 οὗ
1519 1549 1643 1602 κριοὶ,
1681 1546 1802 1589 Ῑοῦθ’
1829 1547 1957 1590 ἑλεπό-

420 1622 518 1666 λεις,
550 1614 643 1657 άλλά
664 1614 765 1673 μόνῃ
791 1620 905 1673 φωνῇ
929 1614 1137 1670 σάλπιγγος
1163 1617 1366 1668 κερατίνης
1399 1616 1465 1656 καὶ
1497 1614 1590 1673 εὐχῇ
1619 1618 1775 1657 δικαίου
1801 1618 1958 1669 ἐκλίθη·

418 1698 492 1725 σαν
516 1683 785 1725 καταπεσόντα
806 1681 853 1724 τά
875 1685 976 1736 τείχη
998 1687 1076 1723 τῶν
1096 1680 1348 1724 ὑπεναντίων.
1396 1681 1507 1724 ’Έδει
1528 1683 1601 1738 γάρ
1627 1681 1773 1732 αὐτούς
1792 1701 1960 1739 τιμωρη-

419 1755 564 1805 θῆναι,
596 1750 731 1804 ἐπειδὴ
761 1749 1048 1806 ἐπληρώθησαν
1078 1752 1121 1791 αἱ
1149 1747 1335 1805 άμαρτίαι
1365 1755 1443 1792 τῶν
1471 1749 1725 1807 Ἀμορραίων.

541 1952 739 2006 Δικαστής
765 1952 835 2009 γάρ
866 1948 915 2007 ἦν
942 1952 964 1995 ὁ
995 1953 1116 2006 νόμος
1146 1953 1246 1995 κατά
1267 1959 1336 2007 τῆς
1360 1950 1535 2005 άδικίας,
1566 1955 1632 1995 καὶ
1659 1953 1807 2011 ἑκάστῳ
1841 1950 1962 1996 loim-

423 2023 535 2063 δίδου
560 2020 658 2062 κατά
681 2020 727 2062 τά
750 2023 830 2063 ἴδια
856 2023 961 2076 ἔργα,
992 2022 1057 2062 καὶ
1083 2020 1217 2074 ἐπειδὴ
1238 2023 1278 2063 ἐν
1303 2020 1509 2075 άμαρτίαις
1531 2020 1740 2076 ἐτύγχανον
1764 2024 1803 2063 οἱ
1823 2019 1962 2077 Ἀμορ-

421 2095 548 2143 ραῖοι,
590 2090 631 2131 ἐν
657 2088 876 2143 παραβάσει
905 2087 1104 2143 γεγονότες
1138 2091 1204 2130 καὶ
1230 2087 1489 2145 άρνησάμενοι
1521 2088 1589 2131 τὸν
1623 2089 1745 2144 ὅρκον
1777 2088 1823 2131 ὃν
1861 2087 1963 2142 ὤμο-

421 2171 512 2207 σαν,
546 2155 598 2205 ὥς
624 2158 690 2198 καὶ
714 2155 790 2209 ἤδη
816 2155 908 2210 άλλή
931 2174 1009 2198 που
1035 2174 1099 2210 μοι
1123 2159 1288 2211 εἴρηται·
1322 2155 1436 2198 οὐδὲν
1459 2158 1500 2198 δὲ
1517 2155 1680 2210 λυπήσει
1702 2157 1767 2198 καὶ
1790 2158 1964 2198 ἐνταῦθα

424 2223 472 2265 τά
505 2222 605 2265 αὐτά
639 2225 908 2279 παραθέσθαι.
975 2227 1106 2265 Ταῦτα
1137 2223 1209 2279 γάρ
1247 2226 1322 2266 ἐστι
1351 2224 1397 2265 τά
1427 2223 1614 2279 πρόχειρα
1645 2228 1715 2277 τῆς
1745 2228 1816 2265 τοῦ
1839 2222 1963 2277 Μάνη

428 2291 666 2345 δεινότητος,
706 2292 786 2341 ὅτι,
829 2291 958 2339 Καλός
992 2289 1014 2332 ό
1042 2290 1139 2340 θεὸς
1167 2297 1237 2333 τοῦ
1271 2290 1417 2345 νόμου,
1459 2291 1502 2340 ὃς
1533 2291 1737 2333 ἐσκύλευσε
1770 2291 1839 2344 μὲν
1871 2290 1964 2340 τούς

425 2361 685 2414 Αἰγυπτίους,
728 2361 880 2412 ἐξέβαλε
917 2359 958 2400 δὲ
989 2357 1246 2414 Ἀμορραίους
1277 2361 1342 2401 καὶ
1379 2362 1656 2414 Γεργεσαίους,
1699 2360 1765 2400 καὶ
1794 2357 1841 2400 τά
1872 2357 1965 2400 ἅλλα

424 2429 536 2480 ἔθνη,
568 2429 636 2469 καὶ
661 2429 780 2469 ἔδωκε
802 2426 872 2479 τήν
893 2432 964 2481 γῆν
986 2425 1113 2467 αὐτῶν
1137 2433 1218 2475 τοῖς
1242 2430 1343 2476 υἱοῖς
1360 2427 1531 2482 Ἰσραήλ·
1565 2425 1588 2468 ὁ
1610 2427 1750 2482 λέγων,
1783 2425 1859 2479 Μή
1884 2428 1964 2468 ἔπι-

424 2495 632 2552 θυμήσῃς,
663 2499 750 2543 πῶς
775 2496 920 2536 ἔδωκεν
954 2492 1087 2542 αὐτοῖς
1111 2494 1157 2534 τά
1181 2493 1380 2550 άλλότρια,·
1426 2496 1505 2535 Καὶ
1536 2492 1608 2535 οὐκ
1631 2492 1734 2535 οἶδεν
1761 2492 1784 2534 ό
1807 2492 1965 2546 ἰδιώτης

426 2561 486 2603 ὅτι
510 2561 578 2615 τήν
612 2564 716 2603 ἰδίαν
748 2567 821 2617 γῆν
851 2560 1070 2614 άπείληφαν
1104 2563 1396 2616 διηρπασμένην
1428 2560 1493 2603 ἄπ’
1527 2560 1674 2612 αὐτῶν,
1714 2561 1779 2602 καὶ
1813 2562 1963 2610 2ἐξεδι-

426 2628 535 2682 κήθη
561 2628 608 2671 τά
633 2628 775 2683 μεταξύ
799 2628 970 2683 άλλήλων
1004 2630 1188 2684 γινόμενα
1214 2631 1254 2670 ἐν
1282 2629 1362 2686 ὅρῳ
1388 2627 1573 2683 άληθείας
1596 2629 1663 2670 καὶ
1688 2627 1805 2684 ὅρκῳ.
1870 2632 1965 2669 Νῶε

426 2695 498 2751 γάρ
521 2699 666 2746 σωθεὶς
687 2696 764 2739 άπὸ
787 2702 859 2739 τοῦ
882 2701 1176 2749 κατακλυσμοῦ,
1207 2698 1274 2738 καὶ
1301 2695 1328 2750 ἦ
1350 2696 1473 2738 αὐτοῦ
1495 2696 1661 2749 σύμβιος
1686 2694 1758 2736 σύν
1781 2700 1863 2742 τοῖς
1885 2713 1961 2750 τρι-

427 2765 489 2804 σὶν
508 2767 610 2813 υἱοῖς
642 2763 764 2806 αὐτοῦ
787 2766 850 2806 καὶ
876 2766 974 2820 τρισὶ
999 2763 1194 2817 νύμφαις,
1227 2763 1348 2816 μόνος
1373 2767 1533 2818 διαιρῶν
1557 2762 1623 2805 τόν
1657 2761 1785 2804 πάντα
1814 2760 1964 2815 κόσμον

473 2888 549 2920 CAP.
563 2890 759 2921 LXXXIII.
776 2909 815 2914 —
858 2890 887 2922 1.
913 2887 985 2924 062?
1007 2886 1175 2926 ἑλεπόλεις
1221 2888 1306 2932 μόνῃ
1327 2890 1423 2933 φωνῇ
1446 2886 1626 2930 σάλπιγγος
1646 2886 1704 2921 καὶ
1726 2883 1809 2941 εὐχῇ
1833 2889 1864 2921 δ.
1878 2885 1964 2920 ἐκλί-

427 2935 493 2965 cod.
517 2935 645 2974 Rhediy.
692 2932 752 2968 οὐκ
782 2933 951 2973 ἑλεπόλεις
974 2937 1040 2967 cod.
1064 2937 1126 2968 Ien.
1148 2937 1173 2965 et
1219 2936 1337 2976 ζτησαν.
1396 2936 1491 2974 Vulgo
1525 2935 1606 2965 enim
1645 2936 1727 2964 extat
1762 2929 1846 2966 αλλοὶ
1877 2929 1963 2974 μόνη

426 2979 509 3011 editi.
555 2980 589 3011 1η
619 2989 699 3020 seqq.
732 2982 949 3021 corrigendum
979 2982 1058 3012 duxi
1089 2976 1172 3014 ἀλλὰ
1218 2977 1313 3021 φωνή
1341 2990 1392 3019 σ.,
1425 2991 1455 3012 κ.
1482 2974 1566 3021 εὐχὴ
1594 2979 1643 3018 δ.,
1678 2976 1783 3010 ἐκλίῗᾶ.
