2066 3319
535 214 716 247 PANARn
740 215 823 246 Lm.
843 216 883 247 11.
909 215 1016 248 ΤοΜ.
1037 217 1059 247 1.
1086 216 1356 248 HAER.LX1V.
1639 206 1715 247 351

175 295 238 350 qui
265 309 333 350 pro
359 294 546 349 singulari
570 294 810 335 humanitate
836 309 904 335 sua
937 297 1190 337 amarantinis
1218 304 1405 352 perpetuo
1435 295 1613 346 coronis,
1648 295 1720 335 1100

175 371 234 404 est
263 363 442 405 veritatis
475 363 742 417 dogmatibus,
775 364 980 404 ecclesiam
1008 373 1190 406 exornat.
1253 364 1371 405 Nunc
1402 379 1497 419 ergo
1530 365 1719 404 adversus

173 433 337 473 eundem
371 446 440 487 pro
472 431 621 472 viribus
653 432 908 487 disputemus.

287 499 351 541 Tu
377 499 518 554 igitur,
553 500 603 540 mi
634 500 770 551 homo,
807 515 875 556 per
908 502 1034 542 iocum
1068 503 1162 542 baec
1196 501 1307 542 nobis
1344 502 1504 552 obiicis,
1540 510 1580 542 ut
1611 502 1720 542 initio

173 569 435 619 meminimus,
470 575 686 609 utrumnam
713 570 827 624 pellio
853 571 1004 624 quidam
1033 572 1128 611 deus
1153 579 1274 621 esset,
1310 577 1350 610 ut
1375 578 1550 611 scorteas
1573 571 1722 611 tunicas

174 636 327 678 Adamo
359 637 521 692 eiusque
548 637 701 692 coniugi
730 639 898 689 faceret,
934 654 1018 679 cum
1045 640 1189 680 nullum
1218 640 1341 679 adhuc
1372 639 1584 692 iugulatum
1618 647 1724 679 esset

172 706 339 747 animal?
399 707 458 746 Ac
482 706 635 746 tametsi
661 714 827 748 mactata
849 721 937 748 esse
961 710 1096 748 demus
1117 707 1262 762 aliqua,
1299 722 1373 748 non
1401 714 1545 758 tamen,
1580 708 1718 762 inquit,

173 774 219 815 de
248 775 420 830 pelliceis
445 774 586 815 tunicis
603 807 612 825 ,
647 776 715 816 sed
742 776 787 815 de
813 783 994 827 terreno,
1031 777 1129 830 quod
1158 791 1228 816 nos
1254 775 1395 826 ambit,
1431 791 1595 830 corpore
1621 778 1722 817 acei-

172 844 312 898 pienda
333 843 429 884 baec
451 843 648 884 videntur.
706 842 749 884 ln
774 859 848 900 quo
871 845 974 885 omni
1001 859 1050 885 ex
1076 852 1186 900 parte
1207 845 1346 885 diaboli
1372 846 1543 885 fraudem
1569 860 1612 885 ac
1638 860 1721 886 ser-

173 912 298 967 pentis
321 913 568 953 calliditatem
594 913 735 953 imitari
761 914 1029 963 convincitur,
1065 921 1178 968 atque
1205 913 1257 954 ita
1282 914 1449 954 humano
1477 913 1613 967 generi
1638 914 1722 954 infi-

173 980 343 1022 delitatis
380 981 639 1036 corruptelam
679 982 942 1023 consciscere.
1008 981 1342 1035 Quemadmodum
1376 989 1413 1022 et
1450 981 1575 1022 Evam
1608 989 1722 1022 antea

172 1063 335 1105 serpens
366 1049 431 1090 ille
460 1050 632 1105 decepit,
668 1065 712 1090 ac
736 1051 1014 1106 simpliciorum
1045 1051 1239 1092 hominum
1271 1051 1421 1092 animos
1448 1051 1620 1091 versutia
1653 1066 1722 1092 sua

172 1132 217 1158 ac
239 1118 447 1159 calliditate
473 1119 677 1174 pervertit.
745 1118 957 1160 Videamus
981 1120 1100 1174 igitur
1123 1127 1249 1161 utrum
1275 1127 1379 1160 stare
1407 1134 1505 1175 quae
1529 1128 1620 1160 sunt
1641 1135 1660 1160 a
1686 1128 1722 1160 te

173 1187 272 1228 dicta
300 1187 473 1242 possint,
508 1202 593 1228 cum
622 1195 824 1243 tantopere
848 1188 1038 1229 laboraris
1064 1203 1108 1229 ac
1142 1191 1284 1229 frustra
1318 1196 1394 1230 tam
1426 1189 1587 1230 infinitis
1611 1191 1722 1231 voln-

172 1255 340 1297 minibus
373 1256 667 1297 conscribendis
703 1257 892 1312 quoddam
929 1258 994 1297 tibi
1035 1265 1233 1298 certamen
1270 1258 1478 1299 indixeris.
1544 1258 1586 1300 Si
1620 1260 1720 1300 enim

171 1338 306 1365 verum
338 1332 400 1366 est
422 1326 520 1379 quod
548 1326 593 1366 de
619 1333 656 1366 te
681 1326 926 1381 percrebuit,
961 1341 1035 1367 sex
1060 1327 1245 1367 librorum
1270 1327 1388 1369 millia
1411 1344 1433 1369 a
1457 1336 1492 1369 te
1515 1343 1604 1370 esse
1631 1344 1722 1369 con-

173 1394 316 1449 scripta
333 1425 343 1444 ,
378 1408 400 1433 0
421 1394 584 1444 infelix,
619 1394 682 1448 qui
704 1395 934 1436 inanissime
956 1396 1182 1446 desudaris,
1217 1411 1262 1436 ac
1290 1403 1452 1438 conatus
1476 1405 1562 1438 tuos
1588 1413 1722 1439 omnes

175 1469 279 1503 tauta
313 1462 429 1502 animi
459 1463 709 1503 contentione
736 1463 773 1503 in
801 1464 1108 1518 vituperationes
1139 1479 1183 1505 ac
1212 1465 1446 1507 vanissimas
1479 1468 1634 1507 fraudes
1667 1468 1724 1507 in—

173 1531 412 1586 sumpseris,
447 1546 602 1587 operam
636 1532 802 1586 deniqne
833 1540 934 1572 tuam
961 1534 1106 1573 frustra
1132 1534 1335 1588 posueris,
1370 1535 1549 1575 nimirum
1575 1536 1723 1590 praeci-

174 1599 259 1654 puis
290 1600 364 1640 illis
398 1614 442 1640 ac
474 1600 710 1641 necessariis
745 1601 830 1640 fidei
863 1601 1052 1655 capitibus
1083 1603 1364 1657 depravandis,
1399 1604 1648 1659 desperatum
1679 1619 1722 1644 ac

175 1668 302 1709 fructu
328 1676 526 1709 carentem
551 1669 654 1709 omni
679 1669 958 1723 negotiationis
981 1677 1069 1711 tuae
1094 1671 1266 1711 laborem
1290 1672 1505 1714 reddidisti.
1565 1672 1668 1713 'Nam
1692 1674 1724 1714 si

174 1751 315 1792 corpus
342 1752 417 1777 non
449 1738 644 1792 resurgit,
680 1738 781 1778 nulla
809 1738 882 1778 iam
907 1738 1059 1779 animae
1093 1753 1182 1794 spes
1215 1740 1441 1781 hereditatis
1474 1741 1720 1796 relinquitur.

172 1804 297 1847 Unica
324 1807 425 1847 enim
452 1813 513 1847 est
539 1807 750 1861 eademque
773 1807 948 1862 corporis
977 1808 1207 1863 animaeque
1231 1810 1475 1860 communio,
1510 1825 1580 1865 par
1609 1818 1723 1865 atque

172 1874 274 1915 idem
307 1889 419 1930 opus.
481 1874 544 1915 Tu
569 1889 665 1916 vero
690 1876 1021 1917 resurrectionem
1051 1877 1166 1918 etiam
1192 1878 1353 1918 subdole
1387 1879 1600 1933 callideque
1633 1894 1725 1919 con-

173 1942 303 1995 fitens,
337 1958 414 1984 non
438 1943 495 1984 rei
520 1945 742 1996 veritatem,
777 1945 845 1985 sed
870 1946 965 1986 falsa
987 1945 1119 2000 specie
1143 1946 1407 1987 adumbratam
1431 1947 1640 2002 imaginem
1662 1962 1724 1989 re-

175 2012 319 2063 tinens,
353 2012 477 2053 solum
505 2027 648 2053 nomen
675 2028 863 2069 usurpare
885 2014 1056 2068 cogeris.
1121 2013 1233 2068 Quae
1259 2016 1360 2056 enim
1384 2016 1535 2058 animae
1563 2017 1636 2057 dici
1661 2031 1723 2058 re-

173 2081 367 2122 surrectio
393 2088 540 2136 potest,
575 2097 673 2136 quae
701 2097 827 2137 neque
853 2084 956 2124 eadit
986 2098 1175 2138 unquam,
1211 2099 1282 2125 nec
1313 2086 1534 2140 sepulturae
1566 2087 1723 2127 manda-

175 2157 257 2202 tur,
290 2151 357 2191 sed
382 2151 445 2191 vel
466 2151 725 2206 appellatione
748 2151 832 2207 ipsa
858 2153 1050 2205 declarat,
1085 2154 1285 2208 corporis,
1320 2156 1420 2209 quod
1445 2155 1630 2196 ceciderit
1661 2170 1723 2196 se·

174 2219 395 2274 pultumque
427 2220 565 2270 fuerit,
600 2222 932 2262 resurrectionem
961 2235 1049 2262 esse
1073 2221 1292 2277 propriam3
1328 2238 1439 2278 quam
1465 2224 1631 2278 ubique,
1665 2232 1722 2265 at—

175 2301 248 2342 que
278 2288 317 2328 in
356 2289 458 2329 omni
493 2289 684 2343 scriptura
717 2289 897 2331 veritatis
932 2291 996 2331 filii
1036 2291 1277 2344 praedicant.
1341 2290 1385 2333 Si
1417 2293 1535 2347 igitur
1566 2293 1722 2333 minime

174 2357 368 2412 resurgit,
413 2372 600 2412 nusquam
633 2358 697 2399 illa
728 2365 788 2398 est
815 2359 1094 2413 scripturarum
1126 2361 1295 2401 omnium
1330 2362 1590 2401 monumentis
1621 2363 1723 2403 cele-

174 2425 285 2466 brata
310 2427 564 2467 resurrectio.
630 2425 792 2468 Sublata
816 2443 933 2482 porro
957 2430 1249 2470 resurrectione
1271 2444 1371 2470 vana
1396 2438 1455 2470 est
1482 2437 1721 2471 mortuorum

176 2495 478 2535 resurrectionis
501 2496 741 2550 expectatio.
789 2495 881 2537 Non
903 2498 1004 2538 enim
1027 2498 1072 2538 ad
1094 2498 1243 2539 animas
1268 2499 1329 2539 illa
1351 2500 1555 2539 transferri
1577 2507 1719 2555 potest,

177 2577 275 2617 quae
299 2577 538 2618 nequaquam
562 2564 791 2616 ceciderint,
822 2566 888 2606 sed
910 2567 1149 2621 consepultis
1170 2574 1230 2607 est
1252 2567 1455 2608 tribuenda
1474 2569 1718 2623 corporibus.

178 2629 291 2685 Quod
322 2632 355 2672 si
388 2646 476 2687 pars
509 2633 636 2688 aliqua
670 2635 960 2676 resurrectione
989 2636 1223 2687 suscitatur,
1267 2636 1341 2676 alia
1376 2650 1464 2690 pars
1498 2638 1718 2692 deponitur,

177 2700 262 2755 quis
295 2701 369 2741 erit
405 2701 558 2742 tandem
594 2702 715 2757 partis
751 2702 852 2743 illius
879 2705 1032 2744 status?
1090 2702 1184 2744 Non
1221 2704 1320 2744 enim
1357 2712 1520 2759 possunt
1552 2706 1651 2747 aliae
1681 2707 1718 2747 in

179 2782 341 2824 corpore
371 2770 537 2811 excitari
564 2779 718 2826 partes,
753 2771 938 2825 depositis
962 2773 1048 2814 aliis
1080 2788 1124 2814 ac
1150 2772 1312 2813 relictis.
1377 2771 1490 2826 Quod
1522 2782 1651 2816 autem
1684 2783 1721 2816 et

179 2837 342 2879 animale
367 2853 508 2893 corpus
534 2846 572 2879 et
596 2840 770 2894 spiritale
792 2840 947 2892 dicitur,
983 2857 1058 2882 non
1082 2842 1137 2882 sic
1161 2841 1425 2896 accipiendum
1452 2850 1525 2894 est,
1560 2851 1600 2885 nt
1618 2845 1720 2885 aliud

179 2905 374 2960 spiritale,
408 2907 508 2948 aliud
535 2908 702 2949 animale
727 2909 798 2960 sit,
832 2910 900 2950 sed
928 2917 968 2950 ut
990 2910 1089 2950 idem
1120 2917 1234 2964 atque
1258 2924 1374 2950 unum
1404 2911 1515 2952 ambo
1538 2912 1603 2953 illa
1630 2927 1721 2954 cen-

180 2982 352 3016 seantur.
415 2974 572 3017 Etenim
597 2977 778 3032 quamdiu
799 2978 837 3018 in
861 2977 933 3018 hoc
956 2979 1098 3018 mundo
1121 2992 1348 3030 versamur,
1381 2994 1426 3021 ac
1449 2981 1722 3036 corruptibiles

181 3042 309 3083 carnis
342 3044 561 3086 functiones
596 3059 855 3098 exercemus,
899 3046 1081 3087 animalia
1115 3061 1280 3103 corpora
1313 3056 1418 3090 suut.
1482 3049 1587 3091 Tum
1619 3051 1721 3092 enim
