2030 3324
455 198 636 231 PANARII
660 199 806 231 LIB.11.
829 199 938 231 TOM.
961 200 1001 230 ll.
1028 197 1159 230 HAER.
1184 198 1312 230 LXlX.
1595 191 1675 231 657

128 281 293 321 humana
315 285 452 318 natura
475 278 677 329 videatur,
722 279 789 319 sed
814 293 899 319 cum
935 279 1070 319 eodem
1103 279 1326 318 coniuncta.
1391 275 1452 319 Ob
1487 278 1522 318 id
1555 278 1676 318 domi-

129 362 217 388 num
244 344 521 400 Christumque
549 346 640 386 fecit
662 346 756 387 deus
783 347 817 387 id
843 347 941 401 quod
968 361 1019 386 ex
1042 344 1171 386 Maria
1194 346 1365 400 genitum
1390 354 1490 397 erat,
1527 354 1565 386 et
1590 361 1677 387 cum

128 415 331 455 divinitate
367 414 604 469 copulatum.
666 413 760 455 Non
785 416 886 455 enim
909 413 1036 455 Maria
1063 415 1157 454 deus
1183 413 1335 464 extitit;
1383 415 1482 454 unde
1515 416 1677 455 verbum

129 483 242 534 illud,
274 485 394 529 Fecit,
430 496 522 522 mox
547 482 706 523 addidit.
771 481 850 523 Sed
875 490 913 522 et
936 483 1098 535 angelus
1122 481 1284 521 Gabriel
1308 481 1565 536 interroganti
1591 482 1678 523 Ma-

127 550 233 600 riae,
281 552 468 601 Quomodo
487 552 567 602 fiet
595 554 717 598 istud,
753 554 925 603 quoniam
958 553 1075 588 virum
1107 565 1179 589 non
1213 556 1427 601 cognosco?
1458 552 1672 605 respondit,
1697 569 1866 603 nummu.

130 620 300 670 Spiritus
329 621 473 657 clome'm'
498 622 734 670 superveniet
763 623 801 657 e'n
835 627 890 666 le,
932 626 969 656 el
1000 621 1120 656 vlt-lus
1149 620 1328 656 altissimi
1355 620 1590 658 obumbrabit
1620 629 1676 658 te:

128 688 284 738 ideoque
306 689 406 739 quod
423 690 608 738 gignetur
631 695 822 734 soleclum,
859 687 1052 725 vocabum·
1082 688 1144 724 dee·
1158 688 1287 737 filius.
1354 684 1434 726 lam
1460 701 1544 726 cum
1571 687 1677 737 dicit,

131 756 238 804 Quod
264 758 472 806 gignetur,
519 763 632 795 extra
660 768 813 794 omnem
837 754 1147 795 controversiam
1183 754 1229 793 de
1252 754 1313 794 dei
1336 754 1458 794 verbo
1486 754 1681 809 signitica-

129 822 184 862 vit
207 821 307 862 haud
331 823 446 863 dubie
483 823 599 863 lilium
632 837 743 872 esse,
789 822 851 876 qui
888 836 959 862 nec
986 822 1186 861 creatione
1212 836 1284 862 nec
1310 823 1516 863 effectione
1539 824 1681 878 produ-

129 897 215 930 ctus
245 891 376 931 luerit.
441 890 500 931 Dc
522 898 702 945 suscepta
725 897 852 930 autem
879 904 898 930 e
923 888 1052 929 Maria
1081 889 1247 930 hominis
1285 898 1421 931 natura
1453 906 1538 932 cum
1574 892 1681 932 addi-

130 965 305 998 tamento
339 959 429 1009 illo,
476 962 554 1010 Quo
584 973 607 998 α
633 963 841 1010 ἕιένιείιιν,
878 958 968 998 illud
1003 958 1124 1012 accipi
1151 958 1287 1009 (lebet,
1334 962 1522 998 Cla-esium
1553 968 1589 999 el
1618 964 1683 999 do-

129 1028 406 1080 minumseeil,
454 1027 614 1081 perinde
645 1034 760 1080 atque
794 1026 830 1066 in
868 1026 955 1065 aliis
990 1025 1086 1065 locis
1124 1026 1330 1066 manifeste
1365 1027 1520 1082 impleta
1554 1028 1684 1069 omnia

130 1102 241 1145 sunt,
275 1108 347 1134 nec
372 1094 604 1134 difficultatis
629 1094 835 1148 quicquam
863 1092 1081 1134 continent.
1145 1091 1228 1142 lta,
1263 1094 1441 1147 inquam,
1477 1096 1576 1148 quod
1609 1096 1681 1136 lioc

132 1163 218 1203 loco
241 1161 404 1213 dicitur,
451 1162 490 1202 in
521 1161 792 1203 incarnatione
828 1163 1041 1217 perfectum
1073 1168 1148 1201 est.
1214 1160 1347 1214 Quare
1376 1162 1469 1202 nihil
1492 1171 1552 1204 est
1583 1165 1684 1218 quod

131 1230 193 1281 hi,
238 1231 300 1285 qui
332 1231 436 1271 vitae
468 1244 563 1271 suae
590 1245 722 1271 curam
756 1237 922 1285 gerunt,
968 1230 1090 1284 abripi
1124 1243 1166 1270 se
1192 1229 1230 1270 in
1257 1244 1434 1271 errorem
1468 1231 1543 1271 ullo
1568 1233 1682 1272 modo

131 1299 344 1354 patiantur.
397 1297 578 1352 Denique
606 1298 737 1338 vivum
767 1298 928 1339 verbum
953 1312 973 1338 a
999 1298 1091 1338 vivo
1116 1304 1225 1352 patre
1249 1299 1458 1352 processit,
1493 1300 1592 1340 filius
1620 1315 1686 1356 pa-

133 1367 219 1418 tris,
254 1382 330 1407 non
359 1367 405 1407 ab
429 1381 476 1407 eo
500 1374 670 1407 creatus.
715 1365 842 1407 Porro
870 1365 999 1407 onmia
1025 1367 1062 1406 in
1085 1366 1358 1407 incarnatione
1383 1369 1556 1422 perfecta
1577 1377 1682 1420 sunt,

133 1449 182 1476 ne
215 1441 283 1476 aut
317 1435 445 1475 inanis
480 1436 668 1490 quaedam
706 1436 859 1491 species
894 1441 959 1475 aut
992 1435 1183 1475 divinitati
1219 1435 1563 1476 consubstantialis
1597 1452 1687 1478 caro

135 1504 389 1555 crederetur,
434 1505 502 1544 sed
536 1504 574 1544 in
606 1518 720 1544 unam
761 1504 954 1559 passionis
988 1510 1192 1558 expertem
1227 1510 1390 1544 naturae
1424 1504 1688 1546 conditionem

135 1572 362 1613 consociata
387 1580 525 1612 natura
549 1572 715 1612 bominis
747 1572 1056 1626 intelligeretur,
1091 1572 1127 1611 id
1151 1572 1250 1626 quod
1275 1572 1483 1627 praecipue
1507 1581 1595 1627 post
1626 1589 1687 1614 re-

135 1640 420 1681 surrectionem
448 1640 628 1693 contigit.
689 1643 776 1680 Non
802 1644 897 1680 enim
924 1643 1084 1693 amplius
1111 1644 1293 1687 moritur,
1329 1640 1467 1694 inquit,
1502 1657 1602 1681 mol-s
1629 1645 1691 1682 illi
1706 1652 1792 1681 Rom.
1806 1655 1833 1689 6,
1851 1655 1875 1684 9.

133 1710 236 1748 ultra
266 1724 339 1748 non
371 1710 639 1748 dominabitur.
719 1708 792 1749 Est
830 1709 932 1749 enim
971 1723 1070 1749 unus
1106 1709 1307 1758 dominus,
1353 1724 1450 1749 unus
1488 1707 1685 1762 Christus,

135 1792 236 1818 unus
261 1792 360 1828 rex,
403 1777 448 1818 ad
477 1778 681 1817 dexteram
713 1777 832 1832 patris
859 1777 1096 1827 considens,
1132 1791 1248 1817 uuum
1278 1777 1480 1831 quiddam,
1516 1779 1689 1832 spiritale

135 1846 283 1902 pariter
302 1852 341 1886 et
363 1859 612 1900 corporeum,
634 1846 844 1900 singularis
863 1846 1009 1896 unitas,
1037 1859 1110 1885 una
1132 1845 1318 1900 spiritalis
1336 1845 1536 1897 divinitas,
1560 1848 1689 1902 splen-

136 1914 242 1954 doris
273 1913 388 1955 ambo
422 1914 650 1969 gloriaeque
686 1914 925 1969 plenissima.
991 1912 1137 1954 verum
1177 1914 1222 1954 de
1248 1913 1319 1953 hoe
1355 1914 1442 1954 loco
1477 1914 1687 1967 hactenus3

137 1982 290 2022 abunde
316 1982 417 2023 enim
444 1996 465 2022 a
492 1983 603 2023 nobis
626 1983 864 2038 explicatum
892 1982 1077 2022 arbitror.
1125 1980 1242 2022 Nunc
1265 1982 1311 2022 ad
1338 1982 1412 2022 alia
1435 1982 1687 2034 veniendum,

138 2064 237 2106 quae
269 2051 315 2090 ad
348 2051 586 2091 audientium
620 2051 833 2106 perniciem
865 2051 912 2091 ab
945 2050 1019 2092 illis
1052 2050 1275 2104 excogitata
1308 2059 1413 2091 sunt.

254 2117 341 2160 Hoc
365 2118 466 2159 enim
490 2119 702 2160 obiiciunt:
738 2118 781 2161 Si
805 2133 857 2160 ex
882 2119 1052 2159 essentia
1075 2119 1194 2174 patris
1219 2125 1300 2169 est,
1336 2119 1529 2172 quomodo
1554 2119 1688 2159 horam
1762 2120 1840 2164 Cap.

139 2201 185 2227 ac
210 2187 310 2227 diem
337 2187 517 2241 ignorat,
551 2201 670 2242 seque
693 2188 791 2242 quod
814 2195 926 2242 pater
949 2188 1058 2228 novit
1083 2187 1236 2228 nescire
1262 2186 1460 2240 discipulis
1486 2186 1567 2227 suis
1592 2188 1689 2227 l'ate-
1737 2166 1863 2199 XLttt.

141 2257 228 2296 tur?
287 2259 343 2295 De
372 2258 431 2294 die
453 2257 542 2303 illa,
578 2256 720 2310 inquit,
755 2264 791 2296 el
814 2259 908 2296 hora
932 2271 1037 2295 nemo
1060 2259 1184 2303 novit,
1218 2270 1336 2308 neque
1361 2256 1487 2305 angele
1507 2257 1544 2293 iu
1569 2257 1684 2302 coelo,
1724 2253 1836 2282 Matih.

1718 2288 1751 2314 22
1786 2289 1827 2316 ⁴2.

140 2339 258 2377 neque
275 2326 414 2376 filius,
460 2327 539 2363 ιιιζςί
563 2326 666 2364 solus
691 2333 817 2377 paler.
883 2323 927 2366 Si
962 2325 1080 2379 igitur
1113 2331 1224 2379 pater
1259 2323 1367 2363 novit
1402 2322 1501 2375 quod
1536 2322 1691 2376 ignorat
1754 2310 1762 2323 ’
1783 2328 1813 2350 2‘

141 2392 247 2447 ipse,
282 2392 344 2446 qui
374 2398 501 2446 potest
527 2392 645 2446 patris
671 2407 716 2433 ac
745 2393 808 2433 lilii
836 2393 971 2434 eadem
999 2406 1088 2433 esse
1115 2392 1322 2441 divinitas,
1358 2404 1442 2430 cum
1472 2390 1571 2430 filius
1593 2405 1693 2445 quae
1715 2357 1839 2426 λῑιῖξέἳ-

142 2459 242 2515 patri
266 2460 423 2514 cognita
447 2467 538 2500 sunt
566 2461 739 2502 nesciat?
798 2460 947 2502 Verum
979 2475 1076 2514 quae
1109 2459 1274 2515 mystice
1297 2472 1341 2498 ac
1367 2472 1436 2512 pro
1460 2458 1590 2498 divina
1622 2473 1692 2500 sua

143 2528 334 2583 sapientia
368 2528 414 2567 ad
458 2528 703 2570 certissimae
741 2529 930 2570 scientiae
972 2529 1191 2569 firmitatem
1233 2541 1277 2567 ac
1316 2526 1594 2566 munimentum
1632 2527 1694 2567 dei

143 2596 243 2637 filius
269 2596 444 2636 docendo
469 2597 694 2651 proposuit,
729 2611 903 2652 quaeque
936 2597 981 2637 ad
1014 2596 1216 2636 humanam
1249 2594 1512 2635 conditionem
1540 2608 1696 2635 accom-

143 2665 296 2706 modata
319 2671 434 2715 sunt,
471 2665 594 2719 ignari
624 2665 687 2705 isti
713 2679 822 2706 suam
851 2666 896 2705 ad
922 2671 1068 2719 pestem
1092 2678 1137 2704 ac
1166 2662 1377 2718 perniciem
1405 2662 1575 2712 trahunt,
1611 2669 1694 2703 tan-

144 2747 256 2788 quam
288 2741 494 2788 serpentes
526 2733 676 2787 quidam
706 2733 950 2783 exitiabiles,
994 2739 1109 2786 atque
1135 2732 1180 2771 ab
1208 2731 1346 2771 callido
1374 2737 1574 2785 captatore
1602 2744 1695 2771 esca

145 2802 309 2856 quadam
338 2810 377 2842 et
397 2801 580 2842 illecebra
608 2801 783 2856 pellecti,
818 2815 890 2841 nec
915 2800 1006 2841 illud
1028 2800 1223 2849 sentiunt,
1259 2798 1357 2839 hanc
1386 2812 1475 2839 esse
1503 2798 1695 2839 mendacii

147 2877 349 2922 naturam,
395 2877 438 2910 ut
461 2869 679 2910 consistere
710 2869 884 2923 nuspiam
918 2868 1064 2923 possit,
1111 2875 1246 2907 contra
1278 2866 1483 2907 veritatem
1517 2881 1592 2907 non
1627 2880 1695 2907 eos

146 2967 200 3004 ὑπ’
226 2969 349 3010 αὐτῶν,
373 2975 421 3005 vel
442 2975 512 3010 τοῖς
533 2969 657 3010 αὗτοῖς,
683 2973 900 3011 suspicabatur
945 2970 986 3003 ab
1011 2969 1088 3013 ipsis
1113 2968 1155 3001 ad
1177 2969 1418 3001 subvertendos
1443 2968 1614 3002 audientes
1638 2979 1698 3000 ex-

145 3018 302 3050 Pacuvius.
349 3020 386 3050 Et
407 3019 578 3050 Carnarius
600 3019 689 3050 vertit
708 3024 742 3049 ct
765 3015 806 3048 de
829 3016 898 3049 aliis
947 3015 1100 3060 cogitatis
1121 3014 1231 3048 dicere
1254 3014 1437 3059 aggrediar.

215 3071 334 3109 Corpus
353 3071 535 3101 Haereseol.
557 3072 593 3100 11.
613 3072 638 3100 2.
1368 3076 1423 3115 42
