2066 3319
523 187 703 220 PANARH
728 187 809 220 Lm.
831 186 871 218 11.
901 185 1052 218 ToM.1.
1076 184 1349 217 HAER.LX111.
1623 174 1703 213 225

171 276 395 326 presserant
429 267 665 309 mulierculis
701 265 914 319 accepisse.
986 263 1093 304 Inter
1130 279 1224 318 quos
1261 263 1450 318 quendam
1482 261 1703 317 episcopum

172 338 443 387 nominabant,
478 335 540 390 qui
568 335 606 375 in
630 334 774 388 exiguo
795 332 1044 374 Palaestinae
1071 334 1208 388 oppido
1231 332 1358 372 multis
1383 331 1493 371 annis
1515 329 1704 371 ecclesiae

172 407 357 462 praefuit,
400 412 438 445 et
464 403 764 444 contubernales
795 401 1010 442 istiusmodi
1039 402 1200 441 feminas
1232 401 1276 440 ad
1312 400 1563 440 domesticum
1597 398 1707 439 mini-

149 477 329 517 ·sterium
355 472 506 522 habuit,
541 486 652 526 quem
683 485 753 511 nos
781 471 896 511 etiam
923 484 974 511 ex
1001 471 1270 510 confessorum
1295 482 1454 507 numero
1483 468 1601 508 fuisse
1633 466 1708 508 sci-

173 558 272 585 mus.
335 540 412 583 Sed
448 540 493 581 iis
519 541 581 595 qui
607 540 654 580 de
685 554 732 580 eo
762 539 862 580 istud
896 540 1154 588 affirmarent,
1198 544 1235 576 et
1265 536 1311 576 de
1345 536 1581 576 mulierculis
1615 535 1706 589 ipsis

172 611 405 667 cognovisse
429 608 617 658 dicerent,
653 608 764 648 fidem
791 608 930 648 nullam
955 606 1207 647 adhibendam
1233 605 1465 659 putavimus.
1514 603 1616 644 Nam
1642 618 1708 644 eo-

172 695 279 731 rum,
313 678 433 734 quiid
457 677 678 728 iactabant,
711 676 937 731 improbitas
961 674 1234 714 necessitatem
1268 673 1457 727 quandam
1486 673 1636 723 attulit,
1670 679 1712 713 ut

172 748 376 803 aliquando
401 747 674 795 crederemus,
708 744 913 799 aliquando
938 742 1094 783 minime
1118 742 1383 792 crederemuS,
1419 754 1515 794 quae
1536 741 1581 780 ad
1606 741 1711 781 senis

172 817 273 858 illius
304 816 499 856 infamiam
534 814 702 870 episcopi
730 820 816 868 post
843 812 926 853 eius
962 811 1106 851 obitum
1139 811 1348 851 referrent.
1410 808 1535 849 Porro
1567 809 1713 849 crimen

172 885 288 935 illud,
323 885 432 925 cuius
457 883 775 933 insimulabatur,
809 880 997 921 eiusmodi
1030 879 1113 920 fuit.
1177 877 1276 920 Cum
1311 893 1364 919 ex
1397 892 1441 918 ea
1471 878 1636 919 factione
1669 892 1712 917 ac

173 968 293 1009 grege
323 953 474 1008 quidam
511 951 694 993 facinoris
726 950 836 991 istius
861 948 1064 990 convictus
1091 963 1112 988 a
1142 948 1253 989 nobis
1283 948 1607 1002 redargueretur,
1641 946 1713 986 hoc

174 1023 220 1063 ad
257 1022 494 1078 purgandum
521 1034 610 1061 sese
645 1020 681 1060 in
718 1019 882 1059 medium
917 1018 1064 1069 attulit,
1099 1018 1144 1057 ab
1175 1031 1221 1058 ea
1248 1030 1359 1071 quam
1390 1021 1715 1070 constupraverat

173 1091 336 1141 femina,
372 1104 597 1145 quamquam
623 1089 765 1129 effoeta
788 1088 862 1128 iam
894 1095 932 1128 et
956 1101 1052 1127 anus
1077 1094 1184 1137 erat,
1220 1084 1467 1126 foedissimae
1497 1084 1600 1124 illius
1631 1082 1714 1123 libi-

175 1159 273 1201 dinis
296 1159 484 1201 rationem
510 1157 714 1208 didicisse,
749 1156 795 1197 ab
818 1170 940 1212 eaque
962 1155 1017 1196 uti
1038 1155 1246 1196 concubitu
1270 1155 1326 1195 sic
1351 1153 1551 1204 edoctum,
1586 1159 1626 1193 ut
1650 1152 1714 1192 de-

175 1228 342 1270 testandi
376 1227 546 1268 humoris
578 1225 806 1282 profluvium
839 1226 876 1266 in
910 1233 1052 1266 terram
1085 1231 1303 1280 spargeret.

288 1297 418 1351 Atque
443 1296 513 1337 hoc
539 1296 689 1350 quidem
717 1294 978 1349 turpissimum
1005 1300 1042 1334 et
1070 1293 1334 1334 execrandum
1363 1297 1422 1331 est
1446 1290 1600 1331 illorum
1632 1303 1717 1331 sce·
1745 1291 1822 1335 Cap.
1844 1292 1901 1324 111.

178 1366 260 1416 lus,
295 1366 394 1421 quod
422 1372 461 1405 et
483 1365 653 1420 ipsorum
677 1363 829 1418 decepit
851 1362 1026 1413 animos,
1061 1369 1099 1403 et
1123 1376 1143 1402 a
1173 1360 1360 1401 diabolica
1388 1359 1576 1400 caecitate
1604 1359 1718 1415 profi-

178 1434 351 1475 ciscitur.
415 1432 659 1487 Quibusnam
682 1446 777 1474 vero
805 1430 1100 1472 auctoritatibus
1129 1429 1437 1482 testimoniisque
1466 1429 1554 1469 freti
1583 1429 1629 1469 ad
1654 1428 1717 1468 illa

178 1502 321 1557 delapsi
344 1501 444 1553 sint,
478 1502 515 1542 in
542 1501 706 1542 medium
732 1501 873 1541 afferre
901 1514 976 1540 non
1004 1499 1131 1554 putavi
1157 1498 1446 1548 necessarium,
1481 1511 1529 1538 ne
1559 1498 1644 1538 dum
1671 1497 1717 1537 ad

180 1571 367 1625 cuiusque
394 1570 569 1611 haeresis
601 1569 831 1623 flagitiosam
865 1568 1059 1609 libidinem
1098 1567 1354 1608 aversandam
1387 1566 1607 1607 accuratius
1639 1566 1718 1607 sin-

178 1640 268 1695 gula
290 1638 582 1695 persequimur,
618 1638 910 1678 imbecilliorum
936 1651 981 1677 ac
1006 1636 1163 1678 levitate
1188 1635 1348 1689 quadam
1374 1635 1562 1675 elatorum
1596 1634 1717 1675 homi-

179 1722 269 1749 num
296 1708 445 1748 animos
470 1707 515 1747 ad
540 1721 586 1747 ea
609 1706 733 1761 magis
757 1705 920 1746 incitare
942 1705 1166 1755 videamur,
1201 1704 1262 1758 qui
1288 1703 1440 1758 quidem
1462 1704 1601 1744 malum
1627 1717 1718 1758 prae

180 1776 283 1818 bono
309 1776 379 1817 sibi
404 1775 650 1816 consciscere
680 1789 724 1815 ac
748 1782 905 1830 captare
928 1779 1180 1815 consuerunt.
1244 1771 1391 1813 Verum
1424 1773 1471 1813 ad
1499 1771 1718 1812 uberiorem

181 1845 398 1886 horrendae
420 1844 523 1885 illius
547 1858 591 1885 ac
617 1844 863 1899 serpentinae
889 1842 1061 1884 haeresis
1085 1840 1388 1882 confutationem
1412 1855 1533 1896 pauca
1556 1840 1602 1881 de
1624 1840 1720 1881 mul-

183 1902 247 1955 tis*
263 1921 452 1954 attexam.

295 1981 408 2024 Unde
429 1981 561 2036 igitur,
597 1995 758 2036 quaeso,
794 1988 868 2021 tam
893 1979 1078 2021 nefarium
1104 1979 1232 2020 scelus
1254 1978 1482 2033 excogitare
1506 1977 1720 2018 didicistis?

182 2050 354 2093 Primum
388 2050 513 2101 enim,
547 2057 588 2090 ut
613 2049 796 2091 universe
824 2049 969 2100 dicam,
1004 2049 1088 2103 quis
1117 2063 1193 2088 non
1218 2048 1346 2098 videt,
1380 2062 1464 2088 cum
1491 2047 1720 2088 daemonum

183 2120 375 2176 propriam
408 2126 578 2160 vestram
614 2118 711 2158 hanc
747 2132 834 2159 esse
869 2117 1104 2169 doctrinam,
1149 2124 1228 2158 tum
1263 2116 1354 2157 illud
1391 2123 1536 2157 tantum
1568 2123 1718 2170 tamque

184 2196 298 2230 atrox
329 2202 349 2229 a
374 2188 484 2229 vobis
507 2188 708 2228 inventum
735 2186 941 2241 flagitium,
975 2200 1051 2226 non
1077 2186 1148 2227 nisi
1176 2199 1312 2226 errore
1345 2185 1566 2240 depravatis
1598 2184 1720 2224 homi-

185 2258 298 2299 nibus
332 2272 377 2298 ac
410 2256 630 2311 corruptela
662 2255 902 2296 convenire?
960 2253 1063 2295 Nam
1096 2255 1128 2295 si
1155 2254 1312 2295 omnino
1345 2253 1550 2308 concipere
1582 2253 1719 2293 malum

186 2334 268 2378 est,
303 2326 477 2382 profecto
504 2340 581 2365 non
608 2324 654 2366 ob
676 2324 797 2380 ipsam
826 2323 969 2364 sobolis
993 2323 1320 2378 procreationem,
1355 2323 1422 2364 sed
1446 2322 1493 2362 ob
1516 2335 1720 2376 corporum

186 2394 469 2450 copulationem
496 2394 637 2434 malum
670 2407 758 2434 esse
785 2392 993 2434 videbitur.
1057 2390 1191 2445 Quare
1216 2391 1305 2446 quid
1342 2406 1412 2432 vos
1445 2390 1583 2430 attinet
1611 2390 1721 2430 volu-

185 2471 290 2520 ptate
312 2470 514 2518 superatos
537 2464 791 2503 commiscere
816 2462 1006 2516 corpora?
1064 2461 1146 2501 Aut
1175 2461 1207 2501 si
1238 2474 1443 2515 corporum
1468 2459 1532 2499 illa
1560 2459 1720 2499 coniun-

186 2532 262 2574 ctio
284 2532 381 2573 mala
407 2546 483 2572 non
507 2538 591 2583 est,
625 2544 672 2572 ne
696 2530 860 2585 idipsum
881 2530 1032 2585 quidem
1057 2529 1155 2584 quod
1183 2528 1356 2583 gignitur
1378 2529 1423 2568 ad
1455 2526 1601 2567 exitum
1633 2540 1721 2582 per-

186 2601 328 2642 ducere
349 2600 487 2641 malum
511 2607 584 2641 est.
630 2598 786 2640 Etenim
809 2598 871 2640 vel
893 2598 1080 2639 abdicatis
1105 2597 1281 2638 omnibus
1302 2596 1576 2650 agriculturam
1598 2596 1721 2636 omni-

186 2684 236 2711 no
261 2684 337 2711 non
360 2669 552 2724 attingere
575 2668 767 2709 homiuem
792 2675 959 2723 oportet,
993 2666 1311 2722 quemadmodum
1327 2664 1428 2705 Abel
1448 2666 1576 2705 ovium
1600 2664 1720 2706 fuisse
1740 2667 1816 2696 Gen.
1835 2668 1862 2703 ⁴,
1880 2668 1905 2696 ²·

189 2745 341 2794 pastor,
377 2735 524 2779 Cainus
549 2744 691 2778 terram
719 2736 886 2778 coluisse
908 2736 1062 2777 dicitur.
1125 2733 1200 2775 Vel
1230 2734 1261 2774 si
1286 2733 1409 2773 solum
1436 2747 1626 2774 exercere
1652 2734 1721 2774 ali-

189 2807 272 2861 quis
294 2805 480 2857 instituit,
516 2806 569 2846 uti
593 2804 684 2847 Noe‘
712 2805 852 2846 fecisse
875 2804 1029 2855 dicitur,
1062 2803 1141 2858 qui,
1176 2810 1215 2843 ut
1237 2801 1420 2856 scriptum
1451 2809 1531 2854 est,
1566 2806 1624 2842 vit·
1642 2805 1722 2856 suit
1737 2812 1813 2840 Gen.
1833 2812 1859 2847 9,
1880 2811 1921 2839 20.

188 2877 380 2926 agricola,
414 2883 453 2915 et
467 2877 656 2927 plantavit
678 2877 840 2923 vineam,
874 2888 951 2915 uon
974 2872 1086 2923 ideo,
1120 2878 1233 2926 puto,
1265 2870 1416 2911 vineam
1441 2870 1646 2926 plantavit,
1681 2878 1720 2912 ut

233 2977 265 3009 2.
291 2978 353 3010 Hoc
373 2979 502 3010 alterum
527 2973 588 3011 οὖν.
610 2974 791 3021 ἐφύτευσεν
812 2979 933 3010 uncinis
977 2977 1119 3009 inlutum.

190 3025 307 3055 notavit
320 3024 473 3055 Petavius.
506 3024 560 3055 Est
580 3028 683 3055 autem
703 3034 773 3056 cum
795 3024 933 3064 emphasi

260 3077 376 3113 Corpus
397 3076 575 3105 Haereseol.
595 3077 631 3105 11.
649 3078 674 3105 2.
1399 3080 1448 3120 15
