2066 3319
500 184 682 216 PANARn
707 185 790 216 1213.
810 185 850 216 11.
875 185 983 217 TOM.
1005 187 1029 217 1.
1055 185 1186 217 HAER.
1207 185 1327 217 inv.
1609 177 1688 216 293

145 264 253 319 quasi
279 263 466 304 medicam
494 264 683 317 quandam
715 263 984 318 purgationem
1021 265 1070 304 ita
1105 272 1268 305 mortem
1302 266 1395 304 dens
1430 264 1686 319 excogitavit,

143 339 183 372 ut
216 345 286 371 nos
318 331 510 372 immunes
542 331 589 371 ab
621 331 725 371 omni
757 332 895 372 damno
928 332 1178 387 integrosque
1211 340 1442 387 praestaret.
1751 367 1828 408 Cap.

254 400 340 454 Age
364 400 489 450 enim,
525 400 704 454 quoniam
728 399 857 440 multis
881 400 924 440 ad
950 401 984 440 id
1009 401 1199 455 exemplis
1225 416 1319 454 opus
1343 409 1418 451 cst,
1455 401 1542 441 hinc
1570 400 1688 455 potis·
1709 412 1875 443 XXXIV.

140 468 278 509 simum
305 468 380 508 ista
411 467 730 518 consideremus3
766 482 890 522 neque
917 469 1021 523 prius
1046 469 1092 508 ab
1117 483 1164 509 eo
1190 477 1419 523 arginnento
1445 470 1688 510 discedamus
1703 458 1884 500 (Xlet.)

139 550 249 591 quam
273 536 310 575 in
337 536 542 576 clariorem
570 536 870 591 explicationem
896 552 940 576 ac
966 537 1233 591 probationem
1257 545 1389 577 nostra
1417 538 1576 577 desierit
1601 552 1687 578 ora-

139 604 209 644 tio.
273 602 443 644 Perinde
476 604 593 658 igitur
620 604 833 658 contigisse
868 605 958 644 mihi
991 605 1145 645 videtur
1168 619 1212 644 ac
1237 604 1269 644 si
1295 605 1552 659 peritissimus
1585 607 1688 660 quis-

138 673 237 728 piam
274 673 417 713 artifex
445 673 643 726 egregiam
676 687 726 713 cx
751 687 847 713 auro
875 680 941 712 ant
968 673 1040 712 alia
1066 673 1228 713 materia
1256 680 1420 712 statuam
1447 688 1467 712 a
1496 688 1537 714 se
1572 674 1688 714 fabri-

138 748 261 782 catam
286 755 331 781 ac
355 740 540 781 membris
566 740 746 781 omnibns
773 741 963 780 concinne
992 740 1272 794 eleganterque
1295 741 1522 795 perpolitam
1547 742 1685 782 iterum

137 810 302 861 conflet,
338 810 437 864 qnod
466 809 568 849 illam
606 809 769 850 subinde
795 808 840 848 ab
870 808 1111 862 nequissimo
1142 809 1270 863 aliquo
1296 809 1487 849 foedatam
1515 810 1686 850 animad-

134 879 313 928 verterit,
348 877 410 932 qui
438 878 533 917 lianc
557 885 710 918 statuae
735 876 1055 932 pulchritudinem
1086 891 1177 931 prae
1202 877 1347 917 invidia
1375 891 1450 917 non
1479 878 1609 918 ferens
1635 878 1687 917 la-

135 946 220 986 hem
246 946 411 1001 aliquam
438 947 582 986 inferre
607 945 824 995 studuerit,
858 959 933 999 quo
961 944 1115 985 inanem
1151 959 1203 985 ex
1240 945 1383 985 invidia
1416 960 1485 986 sua
1521 946 1684 986 fructum

134 1021 307 1070 caperet.
369 1015 654 1055 Animadverte
678 1014 806 1065 enim,
839 1028 862 1052 o
887 1013 1177 1068 sapientissime
1204 1014 1462 1068 Aglaophon,
1498 1014 1529 1054 si
1554 1014 1684 1054 detur-

134 1090 260 1139 patam
295 1097 338 1123 ac
369 1083 562 1123 foedatam
599 1083 703 1123 illam
739 1082 883 1122 habere
911 1089 1074 1122 statuam
1108 1082 1202 1122 nolit
1229 1081 1396 1133 artifex,
1431 1097 1542 1137 quam
1576 1090 1683 1123 tanto

133 1152 260 1192 studio
296 1151 572 1206 diligentiaque
607 1151 841 1198 elaborarit,
882 1165 1034 1191 rursum
1069 1151 1107 1190 in
1139 1150 1306 1191 animam
1341 1151 1609 1202 inducturum,
1645 1159 1686 1191 ut

132 1221 234 1261 illam
258 1220 462 1260 conflatam
488 1219 611 1274 qualis
638 1227 722 1259 erat
746 1227 861 1260 antea
886 1219 1050 1259 reficiat.
1115 1218 1229 1273 Quod
1252 1220 1284 1260 si
1311 1221 1471 1260 fundere
1496 1221 1622 1260 denuo
1648 1227 1686 1259 et

131 1290 169 1329 in
197 1303 313 1329 unum
344 1301 487 1343 cogere
520 1303 597 1328 non
634 1288 774 1339 libeat,
810 1289 876 1328 sed
907 1301 991 1328 eam
1027 1287 1217 1328 duntaxat
1243 1289 1454 1328 emendans
1484 1303 1529 1328 ac
1561 1288 1684 1328 corri-

132 1371 228 1412 gens
256 1357 308 1396 ita
337 1357 390 1397 uti
415 1370 457 1396 se
483 1356 597 1396 habet
625 1357 845 1410 relinquat,
880 1370 1045 1397 necesse
1070 1363 1130 1396 est
1153 1356 1232 1410 igni
1254 1357 1520 1398 candefactam
1551 1372 1595 1397 ac
1628 1358 1682 1397 fa-

132 1425 217 1466 brili
239 1432 322 1465 arte
346 1431 595 1465 retractatam
619 1425 781 1477 effigiem
806 1438 881 1464 non
904 1425 1067 1464 eandem
1090 1439 1248 1465 manere
1273 1425 1452 1480 amplius,
1487 1426 1553 1467 sed
1578 1440 1683 1466 com-

132 1500 315 1534 mutatam
343 1507 386 1533 ac
409 1494 634 1533 distractam
657 1492 798 1533 videri.
863 1491 995 1546 Quare
1022 1493 1052 1533 si
1083 1493 1324 1548 praeclarum
1354 1508 1398 1534 ac
1428 1494 1526 1534 labis
1556 1495 1680 1534 omnis

131 1576 275 1618 expers
300 1576 395 1617 opus
426 1576 536 1601 suum
562 1575 650 1602 esse
676 1560 868 1612 voluerit,
903 1561 1095 1615 confringi
1125 1562 1363 1616 conflarique
1397 1562 1535 1602 iterum
1566 1577 1680 1617 opor-

131 1638 208 1680 tet,
254 1637 293 1670 ut
327 1630 504 1684 quicquid
539 1630 821 1670 malevolorum
858 1629 991 1669 fraude
1027 1637 1141 1684 atque
1174 1630 1318 1671 invidia
1351 1629 1599 1685 turpitudinis
1635 1644 1680 1670 ac

129 1699 212 1740 vitii
237 1706 296 1739 est
325 1698 508 1748 allatum,
552 1698 837 1739 instauratione
869 1713 912 1738 ac
946 1698 1179 1739 conflatione
1214 1699 1394 1749 tollatur,
1429 1699 1677 1740 simulacrum

129 1781 246 1823 porro
272 1767 394 1822 ipsum
429 1766 622 1820 integrum
657 1773 695 1806 et
719 1766 894 1808 illaesum
921 1767 1047 1807 denuo
1075 1767 1147 1806 sibi
1179 1782 1291 1821 quam
1324 1767 1558 1807 simillimum
1591 1769 1678 1808 red-

129 1837 256 1876 datur.
321 1833 379 1875 lta
402 1835 503 1875 enim
530 1842 682 1876 statuae
706 1835 778 1890 ipsi
801 1835 978 1890 contigit,
1015 1850 1089 1875 non
1116 1842 1158 1875 ut
1181 1835 1317 1876 artifici
1339 1849 1411 1875 suo
1436 1843 1586 1891 pereat,
1622 1843 1678 1876 ta-

128 1903 241 1945 metsi
274 1903 310 1943 in
342 1917 451 1943 suam
485 1904 686 1944 materiem
721 1905 918 1955 solvatur,
958 1904 1025 1944 sed
1056 1911 1095 1943 ut
1127 1903 1164 1943 in
1198 1904 1391 1958 integrum
1429 1905 1674 1957 restituatur,

128 1973 235 2013 labes
261 1979 388 2013 autem
414 1986 548 2013 omnes
573 1986 617 2012 ac
644 1972 849 2013 foeditates
877 1987 960 2012 cum
986 1973 1066 2027 ipsa
1091 1971 1366 2027 colliquatione
1390 1981 1567 2028 pereant,
1598 1989 1674 2014 non

128 2041 290 2096 amplius
314 2041 501 2092 redeunt,
538 2049 744 2096 propterea
769 2041 867 2095 quod
897 2041 935 2081 in
966 2041 1068 2081 omni
1095 2048 1179 2081 arte
1207 2041 1568 2095 praestantissimus
1595 2043 1677 2098 opi-

128 2111 193 2150 fex
222 2124 297 2149 non
327 2109 362 2149 id
389 2110 488 2164 quod
519 2111 557 2150 in
585 2123 704 2164 opere
735 2124 806 2150 suo
840 2109 1086 2164 turpitudinis
1115 2116 1153 2149 et
1180 2108 1408 2150 offensionis
1436 2111 1577 2165 aliquid
1611 2111 1676 2151 ha-

127 2178 237 2228 beat,
271 2178 338 2218 sed
362 2179 461 2232 quod
489 2178 689 2233 aptissime
712 2178 943 2219 modulatum
972 2177 1195 2232 affabreque
1224 2179 1364 2219 factum
1391 2187 1450 2219 est
1481 2179 1552 2219 sibi
1586 2193 1674 2234 pro-

129 2254 260 2302 ponat.
324 2244 430 2287 Idem
464 2247 583 2301 igitur
616 2246 655 2287 in
690 2247 800 2287 nobis
826 2246 967 2287 fecisse
990 2246 1080 2286 mihi
1106 2247 1200 2286 dens
1231 2254 1269 2287 et
1290 2247 1584 2288 administrasse
1617 2248 1673 2287 vi-

127 2315 254 2355 detur.
318 2313 417 2356 Cum
445 2316 546 2356 enim
575 2315 766 2356 hominem
794 2315 1125 2370 elegantissimum
1154 2329 1248 2369 opus
1276 2330 1384 2355 snum
1417 2316 1672 2357 fraudulentis

125 2383 271 2424 artibus
304 2391 420 2439 atque
450 2384 595 2424 invidia
634 2385 802 2439 pessime
832 2384 1010 2425 affectum
1035 2383 1209 2435 videret,
1252 2384 1366 2423 talem
1400 2398 1468 2439 pro
1503 2398 1571 2424 sua
1605 2385 1671 2426 be-

127 2452 314 2507 nignitate
347 2452 569 2507 relinquere
602 2453 746 2503 nolnit,
782 2466 830 2493 ne
863 2453 933 2493 hac
960 2453 997 2493 in
1031 2467 1184 2493 omnem
1217 2453 1490 2493 aeternitatem
1524 2455 1671 2494 macula

174 2601 224 2633 10.
249 2600 450 2656 χωνεύσεως
470 2598 679 2656 οἷπόῖλὶωπα.
705 2603 851 2634 Galland.
922 2605 991 2640 τοῖς
1015 2600 1052 2636 δὲ
1058 2601 1165 2656 αἰσχ.
1192 2603 1339 2634 Galland

174 2646 224 2678 lt.
250 2644 287 2680 τὸ
303 2659 384 2681 auro
399 2645 488 2685 εἶδος
502 2640 635 2685 αυῗδις
621 2642 727 2689 τὸᾶ(.
749 2644 874 2690 ομοιότ.
970 2647 1020 2680 14.
1046 2645 1324 2688 ςῖποκατασῖἠηι
1351 2649 1432 2678 Gall

125 2691 243 2725 ἑαυτοῦ
274 2689 330 2725 οἷσ
332 2704 384 2730 νες
414 2692 471 2726 καὶ
501 2690 743 2737 οἱκιβδήλευτον
773 2705 875 2726 κατα·
972 2695 1020 2726 Ιὺ.
1047 2695 1099 2726 Sic
1121 2695 1239 2725 emend.
1257 2694 1406 2724 Gallaud.
1453 2695 1539 2726 Libri
1562 2696 1672 2728 habent

127 2738 194 2780 σὲῐῇ
222 2740 370 2770 Galland.
925 2736 1270 2783 ἐπιτευχὲτησόμενον,
1308 2737 1451 2770 otlensas
1475 2743 1566 2772 vertit
1597 2743 1672 2773 Cor-

174 2783 222 2815 12.
249 2780 312 2817 υπὸ
338 2787 439 2824 recepi
460 2794 498 2816 ex
514 2786 662 2816 Galland.
700 2785 786 2816 Libri
805 2787 874 2816 vul·
922 2788 1039 2817 narius

125 2838 162 2868 9⁰
182 2831 326 2868 praebent
347 2827 444 2871 κατὰ,
469 2831 551 2870 quod
568 2832 715 2862 Pelavius
733 2833 875 2871 spurium
969 2829 1018 2862 16.
1044 2833 1222 2862 Fortasse
1208 2826 1331 2871 εὖφυες
1316 2853 1340 2862 .

126 2875 276 2906 iudicavit
307 2878 333 2906 et
355 2878 477 2907 uncinis
506 2877 640 2908 inclusit.
665 2895 709 2900 -
757 2878 874 2908 Corna-
969 2875 1018 2908 17.
1053 2873 1095 2916 δὴ
1123 2877 1415 2927 Galland.l'u190
1436 2874 1484 2911 δὲ.
1530 2879 1614 2910 Idem
1638 2881 1670 2910 in

125 2920 191 2949 rius
210 2921 331 2951 videtur
351 2923 457 2962 legisse
473 2921 521 2965 τῷ
538 2917 640 2954 αυτοῦ
661 2921 808 2965 τεχνίτῃ,
833 2925 874 2954 si-
918 2932 999 2962 seqq.
1024 2932 1083 2953 om.
1111 2916 1218 2958 οὕτως

126 2965 249 3003 quidem
270 2969 379 2997 vertit:
405 2978 490 3020 „per
511 2966 698 2998 artifice’m
690 2967 812 3009 ipsius.‘
971 2969 1018 2999 lx
1054 2968 1138 2998 Edili
1175 2968 1312 3007 (praeter
1337 2970 1500 3011 Galland.)
1536 2969 1584 3012 <9⁸3
1589 2982 1666 3013 ονῳ,

177 3008 223 3041 13.
263 3011 375 3054 χυθῇ,
414 3009 692 3055 ἀποκατασῇῆναι
721 3012 759 3047 δέ
783 3011 873 3048 &ow
920 3013 1072 3045 mendose.
1105 3014 1202 3044 Antea
1219 3014 1337 3052 placuit
1357 3012 1474 3058 φὸόνῳ
1494 3026 1530 3049 τε
1550 3026 1588 3048 κε
1592 3027 1666 3049 mx.
