2066 3319
207 407 273 435 pag.
293 399 349 427 50⁸.

205 2033 292 2077 Κεφ.
309 2033 350 2068 δ’.

234 2662 300 2690 pag.
320 2655 378 2683 509.

365 173 444 211 200
658 188 672 195 N
925 172 1084 205 SANCTI
1109 174 1331 205 EPIPHANH

366 256 546 309 κρινέτω·
583 256 735 308 Χριστῷ
757 249 829 306 γάρ
856 251 980 291 ἐσθίει
1000 251 1065 291 καὶ
1089 253 1200 292 πίνει.
1263 251 1341 291 Καὶ
1362 248 1455 306 ὁρᾷς
1479 251 1568 302 μίαν
1590 246 1796 301 ὁμόνοιαν,
1827 249 1892 289 καὶ

367 325 457 376 μίαν
478 323 625 371 ἐλπίδα,
656 320 723 360 καὶ
743 321 834 372 μίαν
854 320 982 358 πίστιν
1003 319 1042 358 ἐν
1062 322 1107 376 τῇ
1130 319 1325 374 ἐκκλησία,
1357 317 1504 374 ἑκάστῳ
1525 316 1774 370 χαριζομένην
1793 314 1890 357 κατά

371 389 439 443 τήν
467 391 569 430 ἰδίαν
592 387 760 440 δύναμιν
785 386 851 427 καὶ
877 383 970 437 μετὰ
992 383 1059 426 τὸν
1090 388 1190 427 ἰ’διον
1219 385 1352 441 ἀγῶνα
1373 390 1442 427 τοῦ
1463 382 1650 436 καμάτου.
1698 381 1832 424 ’Ἐοικε
1854 383 1896 424 δὲ

370 457 394 511 ἦ
415 456 504 512 άγία
528 460 631 498 2τοῦ
655 459 754 496 θεοῦ
778 455 957 506 ἐκκλησία
982 456 1056 506 νηΐ.
1118 458 1232 502 Ναῦς
1255 454 1295 495 δὲ
1321 452 1393 495 οὐκ
1423 451 1499 493 άπὸ
1531 449 1618 499 ἓνός
1648 452 1765 500 ξύλου
1799 447 1895 505 3029-

369 524 547 579 μόζεται,
591 521 665 564 ἀλλ’
700 524 743 564 ἐκ
779 519 993 574 διαφόρων.
1056 522 1134 562 Καὶ
1165 520 1235 574 τήν
1268 521 1335 574 μὲν
1370 520 1508 575 τρόπιν
1549 517 1627 560 άπὸ
1659 518 1744 568 ἕνὸς
1780 518 1923 576 ξύλου-

369 594 570 645 κέκτηται,
602 589 694 631 ἄλλοι
720 587 767 631 οὔ
797 587 1037 642 μονοβόλως·
1077 587 1146 637 τάς
1176 589 1216 630 δὲ
1241 587 1414 644 ἀγκύρας
1446 588 1605 642 ἑτέρων,
1639 585 1898 642 4περιτόναιά

370 678 409 702 τε
433 661 497 702 καὶ
525 661 703 708 σανίδας,
734 658 801 698 καὶ
827 655 905 697 5τᾶ
930 658 1117 711 ἐγκοίλια,
1148 655 1306 710 σώματά
1327 673 1367 697 τε
1388 657 1453 697 καὶ
1480 656 1576 708 μέρη
1603 653 1812 709 ὃπρύμνης
1832 655 1899 696 καὶ

372 731 508 781 τοίχων
533 727 601 768 καὶ
624 724 878 780 ζυγωμάτων,
912 726 1074 766 ῗῖστίων
1096 741 1134 765 τε
1157 726 1222 766 καὶ
1245 727 1464 777 πηδαλίων,
1499 721 1656 764 8ὀκνῶν
1677 739 1716 763 τε
1739 723 1805 764 καὶ
1831 719 1898 763 αὗ-

372 798 527 849 χενίων,
567 793 714 836 οἰάκων
738 811 775 834 τε
801 794 867 834 καὶ
896 796 972 833 τῶν
999 790 1121 833 ἄλλων
1148 792 1327 842 πάντων,
1368 793 1409 833 ἐκ
1444 789 1645 844 διαφόρων
1675 788 1799 839 ξύλων
1828 791 1902 843 ἔχει

374 862 445 917 τήν
466 860 706 917 συναγωγήν.
763 859 927 913 Ἑκάστη
953 860 994 901 δὲ
1017 859 1165 902 τούτων
1185 865 1262 902 τῶν
1285 861 1468 914 αἱρέσεων
1491 856 1702 911 μονόξυλός
1723 874 1781 905 τις
1803 851 1902 899 οὖσα

378 930 477 972 9τόν
507 934 730 985 χαρακτῆρα
764 933 834 982 τῆς
862 930 1064 980 ἐκκλησίας
1095 927 1164 982 οὐχ
1196 926 1417 979 ὑποφαίνει.
1475 925 1524 967 Ἡ
1550 926 1591 967 δὲ
1625 923 1714 980 άγία
1744 929 1902 967 10θεοῦ

374 1000 554 1052 ἐκκλησία
580 1000 653 1051 ἔχει
678 998 746 1051 μὲν
768 996 893 1052 γάμον
918 995 1071 1049 σεμνόν,
1102 997 1168 1037 καὶ
1192 1001 1282 1053 τιμᾷ
1305 994 1374 1036 τὸν
1397 999 1594 1045 τοιοῦτον,
1627 992 1759 1047 ε’πειδή
1780 996 1904 1047 τίμιος

376 1065 399 1108 ὅ
417 1065 555 1121 γάμος,
585 1067 652 1107 καὶ
674 1063 699 1118 ἡ
723 1068 832 1117 κοίτη
853 1062 1049 1117 ἆμίαντος.
1098 1062 1202 1117 ’Ἑχει
1223 1064 1445 1118 ἐγκράτειαν
1466 1060 1808 1115 θαυμασιωτάτην,
1838 1061 1905 1102 καὶ

377 1137 528 1177 ἐπαινεῖ
546 1132 616 1187 τὴν
639 1132 846 1186 τοιαύτην,
878 1131 1011 1185 ἐπειδὴ
1032 1130 1164 1187 ἀγῶνα
1187 1130 1426 1187 ἀγωνίζεται,
1457 1131 1524 1172 καὶ
1549 1129 1815 1184 κατεφρόνησε
1836 1134 1906 1170 τοῦ

376 1206 489 1257 βίου,
522 1200 574 1250 ὥς
605 1203 658 1243 ἔτι
691 1201 946 1255 δυνατωτέρα.
993 1198 1101 1253 ’Έχει
1131 1200 1172 1241 δὲ
1198 1202 1435 1254 παρθενίαν,
1466 1200 1531 1240 καὶ
1558 1196 1809 1253 ὗπερδοξάζει
1837 1195 1908 1250 τὴν

375 1269 560 1322 τοιαύτην
587 1268 768 1324 ἐνάρετόν
798 1286 881 1309 τινα
914 1262 1058 1318 οὖσαν,
1089 1269 1153 1309 καὶ
1186 1272 1312 1323 πτερῷ
1344 1265 1577 1324 κουφοτάτῳ
1602 1266 1906 1320 κεκοσμημένην.

377 1337 483 1391 ’Έχει
521 1336 840 1389 άποταξαμένους
870 1340 923 1392 τῷ
956 1334 1113 1392 κόσμῳ,
1153 1336 1217 1376 καὶ
1250 1334 1302 1388 μή
1336 1335 1678 1387 πεφυσιασμένους
1707 1332 1804 1376 κατά
1833 1337 1910 1374 τῶν

379 1408 434 1447 ἔτι
463 1407 503 1446 ἐν
528 1404 662 1461 κόσμῳ
687 1402 964 1458 ὑπαρχόντων,
998 1401 1089 1444 ἄλλά
1119 1406 1323 1458 χαίροντας
1346 1408 1428 1450 τοῖς
1450 1401 1653 1451 τοιούτοις.
1713 1399 1908 1455 Καθάπερ

379 1474 445 1515 καὶ
470 1475 507 1514 οἱ
529 1471 738 1514 άπόστολοι
763 1469 873 1512 αὐτοὶ
901 1471 969 1523 μὲν
991 1469 1204 1524 άκτήμονες
1227 1469 1477 1526 ὑπάρχοντες,
1507 1471 1572 1511 καὶ
1594 1468 1712 1518 αὐτὸς
1735 1467 1756 1511 ὁ
1780 1467 1909 1523 σωτὴρ

381 1540 540 1582 πάντων
563 1539 753 1592 δεσπότης
779 1538 852 1590 ὢν,
884 1540 926 1580 έν
952 1539 1067 1593 σαρκὶ
1096 1538 1324 1593 γενόμενος,
1355 1536 1470 1580 οὐδὲν
1503 1536 1581 1579 άπὸ
1604 1543 1672 1591 τῆς
1702 1542 1773 1593 γῆς
1803 1534 1911 1589 ἐκτή-

381 1624 495 1660 σατο,
529 1606 604 1649 ἀλλ’
630 1606 701 1649 οὐκ
731 1605 941 1664 ἐπεβάλετο
972 1605 1041 1656 τάς
1063 1605 1183 1649 αὐτοῦ
1206 1624 1245 1648 τε
1267 1608 1334 1648 καὶ
1365 1612 1446 1655 τοῖς
1468 1604 1589 1647 αὐτοῦ
1611 1611 1810 1659 μαθηταῖς
1831 1606 1912 1645 δια-

381 1676 575 1726 κονούσας
602 1682 802 1732 γυναῖκας.
861 1676 978 1731 Λέγει
1002 1673 1096 1730 γάρ,
1127 1676 1284 1723 Αἴτινες
1306 1673 1585 1728 ἠκολούθησαν
1608 1670 1713 1732 αὐτῷ
1736 1671 1814 1715 άπὸ
1844 1677 1913 1725 τῆς

384 1748 610 1796 Γαλιλαίας,
651 1747 905 1785 διακονοῦσαι
943 1741 1071 1800 αὐτῷ,
1112 1744 1179 1785 καὶ
1209 1749 1289 1792 τοῖς
1322 1741 1397 1796 μετ’
1434 1740 1556 1784 αὐτοῦ
1586 1739 1662 1784 άπὸ
1695 1746 1773 1784 τῶν
1804 1743 1914 1783 ἰδίων

383 1811 650 1869 ὑπαρχόντων.

473 2015 588 2058 Ἐπεὶ
611 2021 696 2065 πῶς
719 2015 795 2068 ἄρα
818 2015 1119 2071 πληρωθήσεται
1136 2014 1179 2057 τὸ
1203 2017 1415 2072 εἰρημένον,
1438 2020 1559 2057 Δεῦτε
1576 2017 1618 2058 ἐκ
1635 2018 1769 2065 δεξιῶν
1786 2031 1863 2070 μου
1879 2016 1920 2056 οἱ

388 2085 651 2140 εὐλογημένοι,
679 2082 740 2133 οἷς
760 2082 780 2125 ὁ
801 2083 928 2139 πατήρ
947 2102 1022 2137 μου
1040 2082 1062 2125 ὁ
1079 2082 1266 2139 οὐράνιος
1282 2086 1395 2126 ἔθετο
1413 2084 1483 2138 τὴν
1499 2086 1692 2137 βασιλείαν
1708 2081 1785 2139 πρὸ
1801 2100 1916 2125 κατα-

391 2158 510 2208 βολῆς
528 2154 697 2206 κόσμου,
720 2154 901 2193 ἐπείνασα
918 2151 1004 2235 γάρ,
1024 2169 1091 2193 και
1108 2151 1275 2194 ἐδωκατέ
1290 2170 1356 2206 μοι
1372 2159 1524 2208 φαγεῖν,
1543 2154 1725 2206 ἐδίψησα,
1744 2152 1811 2193 καὶ
1826 2153 1917 2193 ἕπο-

389 2223 517 2264 τίσατέ
531 2238 590 2274 με,
619 2226 631 2248 ¹
651 2221 772 2272 [ξένος
786 2218 903 2272 ἢμην,
926 2221 990 2261 καὶ
1008 2219 1239 2276 συνηγάγετέ
1252 2227 1326 2274 με,]
1347 2220 1505 2276 γυμνὸς,
1528 2222 1594 2262 καὶ
1609 2218 1848 2275 περιεβάλετέ
1862 2235 1918 2272 με.

394 2290 534 2333 Πόθεν
555 2289 596 2330 δὲ
617 2283 728 2329 οὗτοι
748 2293 868 2329 ταῦτα
887 2286 988 2341 εἶχον
1009 2287 1203 2343 πράττειν,
1237 2291 1271 2331 εἰ
1287 2288 1340 2343 μή
1362 2288 1439 2331 απὸ
1461 2291 1621 2331 δικαίων
1641 2287 1775 2330 πόνων
1795 2287 1919 2329 ἐπετέ-

390 2365 497 2411 λουν,
519 2360 585 2400 καὶ
607 2354 684 2397 από
709 2360 788 2396 τῶν
805 2358 914 2397 ἰδίων
934 2354 1138 2411 ὖπάρξεων
1160 2359 1200 2399 ἐν
1221 2362 1267 2416 τῇ
1285 2357 1536 2416 δικαιοσύνη,
1569 2358 1647 2398 Και
1666 2358 1700 2397 εἰ
1718 2357 1786 2410 μὲν
1807 2354 1918 2397 αυτοὶ

393 2426 680 2480 άποταξάμενοι
702 2425 766 2465 καὶ
791 2422 1046 2465 άποστολικον
1069 2428 1157 2478 βίον
1179 2429 1355 2479 βιοῦντες
1377 2443 1470 2479 μετα
1493 2430 1570 2467 τῶν
1591 2423 1713 2466 άλλων
1735 2419 1834 2478 ἦσαν
1855 2440 1916 2477 με·

394 2500 582 2552 μιγμένοι,
604 2501 677 2544 οὐκ
696 2491 891 2546 ἆλλθΐῼῑῡς
903 2486 952 2544 ἧν
969 2509 987 2533 ο
1005 2510 1212 2548 χαρακτηρ,
1231 2493 1320 2536 οὔτε
1334 2493 1410 2536 dno*
1428 2499 1497 2547 τῆς
1512 2498 1582 2535 τοῦ
1597 2497 1698 2534 θεοῦ
1713 2491 1920 2541 διατάξεως

393 2563 701 2623 οἷπεξενωμένος·
730 2572 797 2612 καὶ
814 2565 848 2604 εἰ
864 2561 1039 2621 γυναιξὶν
1056 2561 1293 2613 άπετάξαντο
1311 2562 1358 2605 δι’
1374 2561 1608 2618 ἐγκράτειαν,
1632 2559 1811 2613 ε’παινετή
1828 2555 1878 2614 ἧν
1894 2557 1920 2613 ἦ

399 2640 675 2693 προειρημένη,
707 2642 811 2694 εἴπερ
831 2637 898 2680 τὸν
919 2634 1043 2694 γάμον
1059 2630 1131 2673 οὐκ
1153 2631 1446 2687 ἐβδελύσσοντο·
1479 2627 1571 2670 ἄλλοι
1584 2634 1666 2677 τοῖς
1681 2630 1736 2670 ἔτι
1752 2630 1791 2670 έν
1807 2627 1919 2685 γάμῳ

439 2764 471 2796 2.
497 2765 553 2797 τοῦ
580 2775 639 2798 om.
666 2767 732 2798 cod
756 2768 826 2798 Ven.
1182 2772 1259 2802 και,
1293 2759 1422 2797 vestiyia
1443 2757 1511 2788 cod.
1536 2757 1656 2795 Veneti,
1686 2757 1813 2795 optimi,
1836 2764 1921 2787 secu-

439 2809 470 2840 3.
497 2809 715 2853 σκευάζεται,
740 2807 823 2844 α’λλά
848 2811 914 2842 cod.
938 2810 1037 2841 Venet.
1182 2809 1250 2844 tus,
1274 2806 1306 2835 in
1326 2813 1384 2843 quo
1407 2803 1516 2841 leyitur
1538 2798 1579 2834 τὰ
1603 2799 1640 2842 ἐγ
1644 2800 1738 2834 κοίλα
1761 2799 1837 2843 (sic)
1861 2798 1921 2833 σοὶ-

441 2851 473 2886 4.
497 2857 581 2886 Libri
600 2859 691 2897 vulyo
712 2855 894 2898 περιτόνεα,
918 2857 966 2886 vel
988 2851 1137 2894 περιττό-
1184 2861 1273 2893 ματα
1305 2848 1379 2889 (sic)
1412 2845 1449 2879 τὲ
1479 2846 1547 2879 και.
1596 2847 1669 2877 Cod
1690 2847 1817 2885 Rhediy.
1851 2854 1922 2876 cum

397 2910 462 2932 νεα
498 2902 609 2932 Pollux
628 2903 837 2938 Onomast.1,
861 2902 914 2933 89.
941 2902 1073 2939 explicat
1095 2896 1137 2931 τὰ
1184 2898 1271 2927 edilis
1292 2895 1379 2925 habet
1402 2889 1443 2924 τὰ
1464 2890 1500 2934 ἐγ
1493 2888 1690 2933 κυὶίσματά
1709 2901 1746 2924 τε
1765 2889 1831 2923 καὶ.
1863 2892 1922 2921 Pe-

398 2955 472 2985 ’ῑερ’
498 2955 558 2984 τη)
579 2945 726 3001 πρύμναν
750 2942 932 2989 προῦχοντα
958 2940 1048 2983 ξύλα.
1183 2943 1284 2973 iuvius
1304 2939 1519 2977 suspicabatm
1540 2934 1581 2970 τὰ
1593 2921 1789 2980 γελυσματά
1803 2946 1840 2969 τε
1853 2932 1920 2968 καὶ.

444 3000 474 3022 0
501 2990 619 3030 Sfflbsi
653 2989 694 3025 τὰ
724 2989 889 3036 ἐγκοίλια,
928 2985 1070 3033 σώματά
1102 2999 1138 3022 τε
1229 2984 1259 3018 6.
1284 2982 1444 3026 ποοίμνης
1467 2982 1532 3013 cod.
1556 2984 1654 3014 Venet.
