2066 3319
441 187 623 220 PANARII
646 188 729 219 LIB.
752 188 792 218 Π.
817 187 925 219 ΤΟΜ.
944 188 966 218 Ι.
993 187 1123 219 HAER.
1143 186 1266 218 LXIV.
1547 175 1626 215 317

91 269 198 309 Haec
224 267 323 308 enim
348 266 466 306 verba
483 299 492 317 ,
537 270 624 305 Seio
650 275 796 318 raptum
826 269 1040 305 huiusmodi
1066 281 1180 317 nsque
1211 269 1260 304 nd
1290 269 1438 304 tertium
1469 267 1624 312 coelum,

89 336 283 392 peculiare
310 335 512 389 quiddam,
547 349 632 375 cum
656 335 702 374 ad
727 333 881 374 tertium
909 335 1060 374 coelum
1085 341 1191 373 esset
1216 341 1391 383 evectus,
1427 340 1626 373 ostensum

88 404 142 444 illi
166 418 255 444 esse
282 404 565 444 demonstrant.
628 402 683 442 At
718 402 808 442 illud
842 403 940 456 quod
975 402 1199 442 subiicitur:
1245 404 1296 440 Et
1320 405 1396 440 seio
1421 404 1635 440 huiusmodi

89 475 267 512 hominem
299 475 376 510 sire
406 475 443 510 in
475 486 650 523 corpore,
694 474 770 509 sire
802 479 911 509 ωτι-α
944 485 1100 522 eorpus,
1145 473 1315 521 quoniam
1347 478 1477 521 raptus
1508 478 1564 508 est
1593 473 1630 508 in

88 543 330 588 Paradisum,
367 539 468 580 aliud
495 552 630 579 rursus
656 539 692 578 in
719 537 905 578 Paradiso
931 540 1161 592 patefactum
1188 537 1258 591 ipsi
1284 544 1395 591 atque
1423 538 1629 577 indicatum

91 609 345 649 demonstrat.
410 606 606 661 Quocirca
644 621 812 647 canorae
849 607 946 646 istae
983 620 1107 660 nugae
1147 612 1260 655 sunt,
1306 612 1343 644 et
1376 606 1421 644 ad
1458 620 1630 660 pompam

90 677 337 732 speciemque
371 676 516 729 tragice
549 677 760 724 conlictae,
794 674 942 715 demitti
972 688 992 713 e
1020 673 1130 714 coelo
1162 673 1312 713 animas
1339 687 1541 723 asserere,
1577 682 1633 713 at-

91 759 163 800 que
189 745 227 785 in
253 745 353 785 bunc
374 744 599 784 inferiorem
629 744 761 784 orbem
789 743 966 797 delapsos
991 742 1128 795 igneos
1153 743 1279 781 l'ontes
1307 748 1345 781 et
1365 756 1501 795 aquas,
1536 756 1633 795 quae

91 828 207 868 supra
230 814 511 853 firmamentum
532 812 726 861 eminent,
761 818 1046 851 transcurrere.
1110 808 1211 849 Nam
1243 817 1280 848 et
1304 809 1478 849 Adamas
1509 810 1633 850 neuti-

92 896 204 936 quam
229 896 250 922 e
277 881 387 922 coelo
412 881 585 920 deiectus
610 887 691 929 est,
732 879 798 919 sed
834 893 883 919 ex
914 893 960 918 eo
983 876 1174 918 Paradiso
1207 877 1269 931 qui
1298 878 1333 917 in
1364 876 1472 917 Eden
1511 879 1635 917 fuerat

92 951 138 991 ad
164 951 355 990 orientem
383 949 573 989 consitus.
636 947 727 988 Non
752 947 877 996 enim,
912 954 1118 1000 antequam
1146 959 1287 1000 corpus
1311 945 1513 995 indueret,
1548 960 1635 1000 pec-

92 1025 219 1059 catum
245 1018 430 1071 contigit,
465 1024 505 1057 ut
535 1016 686 1057 abunde
721 1022 809 1056 ante
841 1015 1067 1064 docuimus,
1103 1028 1228 1068 neque
1256 1028 1397 1068 corpus
1423 1014 1547 1068 ipsum
1582 1015 1634 1054 la-

92 1086 180 1141 quei
202 1087 325 1127 instar
347 1086 500 1126 affixum
527 1093 601 1126 est.
666 1083 744 1125 Sed
775 1091 851 1125 tum
885 1083 1049 1137 denique
1082 1090 1280 1137 peecatum
1315 1091 1375 1122 est
1406 1083 1632 1132 admissum,

93 1169 177 1195 cum
202 1155 240 1195 in
265 1169 381 1195 nnum
407 1168 547 1209 corpus
574 1154 778 1207 animaque
805 1152 1063 1202 coaluissent,
1100 1159 1305 1206 propterea
1328 1151 1426 1204 quod
1455 1165 1505 1191 rx
1531 1158 1636 1191 utro-

93 1238 166 1278 que
189 1222 355 1264 hominis
377 1230 515 1263 natura
537 1222 741 1271 conflatur,
776 1229 911 1275 estque
935 1220 973 1260 in
998 1220 1097 1261 bunc
1121 1220 1246 1260 locum
1274 1233 1294 1259 e
1322 1217 1513 1260 Paradiso
1539 1221 1635 1260 l'acta

94 1291 327 1347 deportatio.
391 1290 461 1331 llle
485 1305 603 1342 vero,
638 1305 659 1330 o
682 1290 913 1344 Aglaophon
929 1322 938 1340 ,
974 1303 1050 1328 non
1077 1295 1224 1328 attente
1248 1288 1450 1328 admodum
1474 1289 1511 1328 in
1535 1289 1636 1328 illius

96 1361 170 1402 loci
195 1358 426 1401 sententiam
451 1359 647 1409 incubuit,
682 1359 749 1399 sed
776 1372 820 1399 ea
843 1357 1071 1413 disputando
1100 1358 1291 1397 affirmare
1316 1357 1504 1408 instituit,
1539 1371 1636 1412 quae

95 1429 240 1484 percipi
264 1428 369 1468 nullo
398 1428 510 1468 modo
543 1434 727 1481 possunt,
762 1433 878 1480 atque
904 1441 955 1466 ex
988 1440 1194 1480 pravorum
1227 1426 1422 1466 bominum
1456 1426 1637 1481 opinione

97 1497 296 1553 explicare
328 1494 521 1536 Psalmum
554 1496 659 1536 illum
692 1509 903 1549 aggressus
935 1502 1010 1534 est.

212 1564 331 1606 Libet
356 1565 482 1614 enim,
517 1563 824 1618 quandoquidem
857 1563 979 1603 semel
1014 1562 1059 1602 ad
1093 1562 1243 1602 illorum
1279 1563 1637 1617 reprehendendam

99 1634 309 1688 nequitiam
333 1632 579 1683 devenimus,
613 1633 714 1672 illius
739 1632 884 1671 oraculi
910 1631 1108 1671 declarare
1134 1638 1317 1671 mentem.
1359 1633 1537 1671 Probasli
1553 1647 1634 1679 nos,

98 1702 236 1756 inquit,
271 1705 374 1749 deus,
409 1709 446 1740 et
465 1704 552 1752 igne
571 1716 637 1740 nos
658 1703 895 1748 eoeaminasti,
930 1703 1029 1739 se'eut
1049 1703 1287 1739 earatninatnr
1306 1708 1517 1751 argentum.
1564 1699 1638 1741 Ubi

98 1778 314 1825 martyres,
359 1770 420 1824 qui
454 1769 658 1809 tormentis
693 1783 735 1809 ac
771 1768 1004 1809 cruciatibus
1037 1768 1200 1808 admotis
1234 1769 1389 1808 assidue
1427 1769 1641 1823 probantur

99 1839 232 1894 (saepe
257 1838 358 1879 enim
387 1836 658 1892 prophetarum
686 1851 873 1892 responsa
901 1838 939 1877 in
973 1837 1045 1877 fide
1077 1845 1212 1877 nostra
1245 1851 1290 1877 ac
1314 1836 1503 1892 religione
1536 1852 1640 1877 com-

98 1907 294 1962 plentur),
337 1914 470 1961 postea
506 1921 617 1960 quam
651 1906 710 1961 pie
740 1920 784 1946 ac
813 1905 965 1945 sortiter
998 1912 1193 1946 certamen
1225 1905 1426 1956 obierunt,
1468 1905 1514 1945 iis
1546 1906 1641 1960 ipsis

101 1975 255 2027 verbis,
289 1977 465 2015 Probasti
491 1990 579 2022 nos,
615 1975 687 2014 deo
721 1974 866 2029 gratias
892 1981 1031 2028 agunt,
1066 1976 1152 2028 qui,
1187 1981 1228 2014 ut
1260 1974 1444 2014 maiorem
1473 1974 1527 2014 illi
1559 1975 1641 2027 glo-

99 2044 196 2085 riam
221 2044 320 2099 apud
349 2058 390 2084 se
422 2050 762 2098 promererentur,
797 2042 916 2084 variis
942 2043 1028 2083 illos
1059 2042 1257 2083 laboribus
1286 2043 1497 2097 periclitari
1523 2043 1643 2083 voluit

101 2127 145 2154 ac
170 2126 264 2153 vere
288 2109 509 2167 Olympiaci
533 2112 731 2152 cuiusdam
758 2112 979 2152 certaminis
1006 2111 1209 2152 victoriam
1235 2113 1450 2166 proposuit.
1515 2110 1640 2164 Quam

102 2196 198 2222 vero
221 2188 487 2234 consentanea
508 2180 554 2220 iis
579 2181 624 2219 de
648 2180 883 2236 martyribus
907 2195 928 2221 a
955 2178 1165 2221 Salomone
1188 2180 1435 2234 pronuntiata
1459 2180 1550 2230 sint,
1586 2187 1642 2220 at-

100 2250 262 2290 tendite.
334 2247 476 2302 Neque
520 2249 619 2288 enim
659 2249 820 2290 aliarum
861 2249 1138 2304 scripturarum
1181 2249 1403 2289 testimonio
1446 2263 1636 2288 caremus.

101 2322 222 2367 Deus,
256 2317 380 2372 inquit
394 2349 404 2368 ,
439 2320 594 2356 tentavit
615 2320 722 2365 illos,
757 2326 793 2357 et
814 2321 955 2357 invenit
973 2334 1034 2357 eos
1056 2321 1190 2370 dignos
1213 2334 1276 2357 se.-
1312 2326 1484 2370 tanquam
1508 2332 1640 2357 aurum

102 2391 140 2426 in
164 2388 329 2441 fornace
355 2387 531 2439 probavit
552 2388 658 2434 illos,
693 2394 729 2425 et
748 2390 848 2426 sieut
867 2389 1122 2426 holocaustum
1151 2391 1347 2426 suavitatis
1370 2390 1513 2439 accepit
1539 2390 1637 2435 illos,

105 2463 140 2495 et
162 2460 199 2495 in
226 2464 387 2508 tempore
411 2458 634 2494 visitationis
655 2457 826 2504 illorum,
861 2464 950 2503 ete„
987 2470 1071 2496 cum
1097 2463 1211 2496 antea
1235 2455 1423 2506 dixisset,
1458 2459 1508 2494 Et
1527 2460 1564 2495 si
1582 2471 1640 2496 eo-

103 2539 184 2563 ram
215 2525 424 2563 hominibus
454 2531 635 2563 tormenta
662 2527 773 2576 passi
791 2533 899 2572 sunt,
933 2539 1017 2577 spes
1047 2527 1195 2563 illorum
1227 2526 1505 2564 immortalitate
1530 2528 1643 2577 plena

104 2600 182 2632 est:
217 2596 254 2632 in
273 2597 406 2645 paucis
427 2596 595 2645 correpti
611 2607 747 2644 magna
770 2594 947 2645 beneficia
967 2601 1252 2645 consequentur.
1297 2590 1511 2633 Praeterea
1532 2592 1644 2634 Psal-

105 2675 167 2702 mo
193 2658 412 2712 CXXlll.,
447 2676 533 2702 cum
562 2661 635 2701 ista
667 2663 869 2703 dicuntur:
912 2665 1003 2702 Msl
1029 2665 1116 2714 quia
1142 2664 1311 2700 dommus
1343 2669 1427 2700 erat
1454 2665 1492 2701 in
1522 2664 1642 2711 nobis,

106 2744 186 2769 cum
208 2738 461 2781 exsurgerent
483 2732 646 2769 homines
672 2734 709 2770 in
731 2746 817 2779 nos,
850 2733 960 2784 sorte
984 2734 1083 2770 vivos
1106 2732 1354 2781 deglutissent
1372 2744 1463 2769 nos.-
1499 2739 1644 2771 torren-

109 2806 177 2837 tem
197 2802 469 2850 pertransisset
492 2802 616 2838 anima
644 2808 774 2838 nostra
804 2814 936 2852 aquam
963 2800 1256 2838 intolerabilem:
1291 2799 1502 2838 benedictus
1531 2803 1646 2839 domi-

109 2880 200 2914 nus,
234 2870 301 2919 qui
327 2882 399 2906 non
433 2869 536 2906 dedit
567 2883 634 2907 nos
665 2871 702 2907 z’n
735 2872 939 2921 captionem
973 2869 1142 2907 dentibus
1175 2881 1323 2905 eorum:
1364 2871 1487 2907 anima
1517 2877 1646 2908 nostra

109 2937 209 2973 sicut
231 2950 365 2987 passer
386 2944 512 2987 erepta
539 2945 595 2975 est
619 2939 664 2975 de
694 2940 824 2990 laqueo
851 2940 1081 2977 venantium:
1116 2937 1270 2987 laqueus
1294 2939 1477 2976 contritus
1501 2946 1576 2985 est,
1612 2946 1648 2976 et

1653 819 1718 844 Gen
1744 820 1767 845 3.

1699 1568 1776 1610 Cap.

1663 1614 1817 1647 XLVttl.

1661 2328 1733 2364 Sap.
1750 2330 1765 2356 3
1779 2350 1787 2364 ,
1805 2329 1829 2356 5,

1667 2672 1715 2701 ΡΞ.
1734 2674 1793 2708 123,
1813 2674 1837 2700 2.
