2066 3319
198 816 286 859 Κεφ.
309 814 361 849 ιδ’.

222 2200 288 2228 pag.
309 2191 367 2218 1536.

388 187 467 227 430
951 192 1111 226 SANCTI
1136 193 1364 226 EPIPHANII

387 277 468 319 τοῖς
490 275 585 311 πᾶσι
608 268 678 323 τὴν
700 267 821 323 αὐτὴν
847 272 1059 324 μαρτυρίαν
1088 270 1288 326 προύθετο
1317 269 1501 323 φάσκων,
1543 271 1621 311 Καὶ
1651 267 1751 312 εἶδεν
1779 267 1802 311 ὁ
1822 269 1917 318 θεὸς

389 337 516 378 πάντα
550 335 624 378 ὅσα
651 338 826 390 ἐποίησε,
864 339 929 378 καὶ
963 336 1051 378 ἰδοῦ
1078 337 1172 380 καλά
1203 342 1308 390 λίαν,
1340 337 1434 392 μετά
1463 337 1693 394 προςθήκης
1722 342 1792 379 τοῦ
1812 339 1917 379 Λίαν

389 403 519 446 εἰπών.
579 403 691 457 Αὕτη
715 405 756 446 δὲ
779 404 982 460 ἐτύγχανεν
1005 407 1093 459 ἕκτη
1117 405 1241 462 ήμέρα
1265 408 1330 448 καὶ
1354 407 1501 460 ἑβδόμη
1524 407 1822 457 καταπαύσεως,
1851 407 1916 446 ’ἵνα

388 472 456 526 τὴν
476 475 583 528 ῥίζαν
610 471 680 526 τὴν
700 474 786 529 περὶ
812 478 879 514 τοῦ
905 478 1028 515 κακοῦ
1053 472 1197 516 ἀνελών
1220 476 1352 528 μηκέτι
1375 474 1479 528 εῦροι
1506 473 1704 529 πρόφασίν
1725 491 1781 522 τις
1802 477 1915 515 τοῦτο

387 545 592 594 τολμῆσαι,
625 539 878 592 ἀϊδιάζουσαν
913 540 983 595 τήν
1013 544 1153 583 κακίαν
1188 545 1498 585 12διανοεῖσθαι.
1557 541 1764 600 Ἀνῄρηται
1792 539 1865 597 γάρ
1895 538 1917 582 ὁ

388 607 507 658 αὐτὸς
530 611 619 664 περὶ
644 608 789 662 ταύτης
818 608 943 665 λόγος.
1008 608 1198 663 Οὕδαμοῦ
1232 609 1304 667 γάρ
1335 606 1384 665 ἦν
1411 610 1452 653 τὸ
1479 609 1623 661 κακὸν,
1666 608 1821 651 πάντων
1850 626 1916 650 κα-

386 683 463 719 λῶν
494 676 618 719 ὄντων
647 680 752 729 λίαν,
783 679 850 719 καὶ
875 679 917 720 ἐκ
946 682 1046 720 θεοῦ
1077 676 1234 734 ἀγαθοῦ
1264 680 1544 734 γεγενημένων,
1580 679 1644 720 καὶ
1677 694 1919 734 μεμαρτυρη-

387 747 523 799 μένων.

485 813 612 866 “Tang
644 813 685 855 δὲ
717 812 823 868 διττή
855 812 881 867 ή
912 812 1113 868 ὀνομασία.
1181 814 1232 856 Τὸ
1264 815 1331 868 μὲν
1359 815 1455 871 γάρ,
1488 813 1540 864 ώς
1571 816 1692 868 ἔφην,
1723 811 1821 856 κατά
1850 812 1919 855 τόν

387 886 481 924 νοῦν
501 886 570 923 τοῦ
592 879 791 938 ἀλιτηρίου
814 883 915 924 ἐστὶν
934 883 1124 938 ἐνεργείας
1146 884 1212 924 καὶ
1233 888 1395 938 φθορᾶς
1421 889 1432 911 ¹
1448 887 1761 936 καταναλωτικῆς
1779 879 1917 935 ὄνομα.

373 950 500 1004 ”Hm
524 950 565 991 δὲ
589 949 786 1004 εἰώθαμεν
807 951 928 1006 λέγειν
950 949 1021 1004 τήν
1046 950 1237 1005 κόσμησιν
1267 950 1432 993 ἑκάστου
1462 950 1688 1007 πράγματος
1714 955 1829 999 2τοῖς
1851 948 1920 999 τάξ

389 1021 521 1073 τέχνας
543 1019 830 1074 ἐργαζομένοις,
863 1016 916 1067 ώς
940 1020 1062 1060 εἰπεῖν
1085 1018 1156 1072 ῧλη
1180 1018 1322 1071 ξύλων,
1354 1019 1424 1073 ὕλη
1447 1022 1706 1075 πηλουργίας,
1737 1017 1808 1071 ῦλη
1829 1035 1915 1074 χρυ-

387 1092 481 1138 σοῦ,
514 1086 587 1140 ῧλη
616 1085 809 1143 ἀργύρου·
847 1088 991 1142 λέγεται
1024 1088 1065 1128 δὲ
1100 1086 1170 1140 ὕλη
1202 1106 1260 1137 τις
1292 1090 1471 1144 ἐργασίας
1506 1089 1547 1129 ἐν
1576 1093 1658 1137 τοῖς
1692 1085 1866 1140 σώμασιν
1894 1082 1920 1139 ἦ

391 1154 468 1198 ἀπὸ
497 1154 746 1210 φθαρμάτων
768 1154 977 1204 κακώσεως
998 1157 1253 1211 συναγομένη.
1311 1157 1468 1212 Λεγέτω
1493 1159 1624 1198 τοίνυν
1650 1153 1672 1197 ὁ
1695 1153 1920 1211 πρόςφατος

388 1224 498 1278 ἥκων
526 1222 682 1277 μάντις,
715 1225 782 1265 καὶ
813 1222 859 1264 τά
882 1222 958 1278 πρὸ
985 1223 1138 1265 αἰώνων
1171 1223 1501 1279 ἐπαγγελλόμενος.
1558 1222 1765 1277 Ἐτόλμησε
1794 1221 1866 1278 γάρ
1898 1220 1921 1264 ὁ

387 1297 563 1340 τοιοῦτος
592 1293 654 1333 καὶ
688 1296 839 1344 πνεῦμα
862 1290 1109 1346 παράκλητον
1134 1290 1270 1333 ἑαυτὸν
1302 1293 1440 1347 λέγειν,
1473 1291 1602 1334 ὅίλλοτε
1630 1292 1672 1333 δὲ
1702 1289 1921 1333 ἀπόστολον

384 1359 512 1414 Ἰησοῦ
539 1364 713 1415 Χριστοῦ
738 1358 897 1410 ἑαυτὸν,
930 1357 984 1407 ὦς
1016 1361 1139 1413 ἔφην,
1171 1361 1413 1413 ἐπιφημίζει,
1444 1359 1532 1402 οὕτε
1563 1358 1666 1408 εἶδος
1694 1363 1922 1415 περιστερᾶς

389 1445 481 1470 ποτε
509 1426 787 1480 ἐνδυσάμενος,
819 1425 910 1469 οὐδὲ
937 1426 980 1468 τό
1006 1426 1072 1469 ἀπ’
1096 1426 1267 1483 οὐρανοῦ
1295 1430 1349 1476 εἰς
1371 1429 1519 1482 ἔνδυμα
1547 1426 1775 1484 ἀφθαρσίας
1803 1426 1919 1469 δύνα-

390 1515 454 1550 μιν
474 1502 555 1545 τοῖς
578 1494 812 1544 ἀποστόλοις
831 1496 1013 1549 πεμφθὲν
1036 1501 1189 1550 πνεῦμα
1212 1495 1478 1552 παράκλητον,
1509 1496 1532 1538 ὃ
1555 1497 1802 1551 ἐπηγγείλατο
1826 1496 1920 1549 πέμ-

388 1583 475 1607 πειν
510 1563 534 1606 ὁ
563 1562 772 1619 μονογενής
805 1561 852 1605 οὕ
885 1562 978 1617 μετὰ
1010 1563 1152 1614 πολλάς
1184 1562 1333 1620 ἡμέρας
1364 1566 1512 1613 ἐκείνας
1541 1561 1790 1620 ὁρισάμενος,
1829 1562 1921 1605 ἀλλά

390 1631 514 1682 εὐθύς
537 1631 658 1674 αὐτοῦ
687 1630 942 1684 ἀνελθόντος,
974 1630 1027 1681 ώς
1048 1634 1190 1688 ἔλεγεν,
1229 1630 1322 1674 ’Edu
1345 1631 1418 1688 ἐγώ
1441 1631 1622 1684 ἀπέλθω,
1655 1634 1801 1681 ἐκεῖνος
1822 1630 1919 1674 ἐλεύ-

395 1718 511 1744 σεται.
575 1702 655 1742 Καὶ
686 1698 810 1749 εὐθυς
840 1702 881 1742 ἐν
904 1704 958 1758 τῷ
985 1699 1152 1758 ὑπερῴῳ
1179 1700 1432 1754 ἐπλήσθησαν
1464 1700 1683 1755 πνεύματος
1715 1699 1850 1757 ἀγίου,
1881 1701 1922 1742 ἐν

388 1776 442 1828 τῷ
471 1776 488 1800 3
506 1768 740 1823 ἀνακάμψαι
760 1767 903 1818 αὐτοῦς
927 1767 1004 1810 ἀπὸ
1029 1773 1099 1811 τοῦ
1122 1767 1242 1825 ὄρους
1263 1774 1341 1811 τῶν
1362 1767 1543 1821 Ἐλαιῶν,
1572 1768 1672 1811 κατὰ
1692 1767 1735 1811 τὸ
1759 1785 1921 1825 γεγραμ-

391 1840 528 1892 μένον,
567 1838 648 1878 Καὶ
682 1835 879 1890 ὤφθησαν
911 1835 1046 1886 αὐτοῖς
1077 1842 1240 1893 γλῶσσαι
1276 1836 1402 1893 πυρὸς
1433 1836 1764 1894 διαμεριζόμεναι,
1801 1838 1869 1879 καὶ
1899 1835 1922 1879 ὅ

391 1905 501 1955 οἰκος
535 1904 756 1959 ἐνεπλήσθη
790 1905 914 1962 ὥςπερ
942 1911 1067 1960 πνοῆς
1089 1909 1240 1960 βιαίας,
1271 1907 1338 1948 καὶ
1370 1905 1579 1948 ἐπεκάθισε
1607 1905 1649 1948 τό
1679 1910 1833 1960 πνεῦμα
1860 1902 1921 1957 ἐφ’

390 1976 550 2016 ἕκαστον
582 1973 734 2025 αὐτῶν,
772 1975 838 2015 καὶ
873 1974 1033 2016 ἐλάλουν
1067 1974 1254 2030 γλώσσαις
1278 1973 1325 2016 τά
1356 1973 1562 2027 θαυμάσια
1593 1978 1663 2016 τοῦ
1696 1978 1816 2026 θεοῦ,
1853 1974 1920 2015 καὶ

391 2045 551 2091 ἕκαστος
575 2040 719 2096 ἤκουσε
750 2046 797 2100 τῇ
829 2044 908 2099 ἰδίᾳ
933 2041 1098 2101 γλώσσῃ.
1150 2038 1273 2085 ῗΗσαν
1305 2043 1347 2084 δὲ
1373 2041 1451 2084 ἀπὸ
1478 2041 1623 2092 παντὸς
1652 2043 1788 2098 γένους
1810 2046 1921 2084 4τῶν

390 2109 467 2153 ὑπὸ
494 2115 573 2152 τῶν
596 2109 797 2166 οὐρανῶν,
828 2112 1083 2160 καὶ,ἓ’καστος
1112 2110 1176 2152 διά
1199 2115 1268 2153 τοῦ
1291 2110 1511 2165 πνεύματος
1542 2115 1851 2166 παρεκαλοῦντο,
1881 2112 1924 2153 οἵ

392 2196 430 2221 τε
452 2177 661 2221 ἀπόστολοι
683 2177 748 2220 διά
772 2184 840 2232 τῆς
873 2182 1041 2234 δωρεᾶς,
1072 2181 1138 2221 καὶ
1164 2178 1293 2221 πάντα
1316 2178 1363 2220 τά
1393 2181 1491 2233 ἔθνη
1517 2178 1582 2220 διά
1610 2183 1680 2233 τῆς
1709 2177 1922 2233 ἐνηχήσεως

392 2253 460 2302 τῆς
479 2252 548 2290 τοῦ
569 2252 670 2289 θεοῦ
693 2252 925 2300 θαυμαστῆς
946 2250 1205 2296 διδασκαλίας.
1251 2249 1307 2289 Εἰ
1324 2246 1396 2303 γάρ
1421 2247 1464 2290 τὸ
1484 2252 1638 2301 πνεῦμα
1657 2246 1920 2303 παράκλητον,

392 2316 485 2371 ὅπερ
506 2317 754 2371 ἐπηγγείλατο
777 2320 859 2364 τοῖς
880 2322 1077 2369 μαθηταῖς
1100 2314 1122 2357 ὁ
1145 2315 1300 2371 κύριος,
1332 2314 1354 2357 ὁ
1375 2313 1545 2372 ἀγύρτης
1568 2311 1682 2365 οὗτος
1706 2315 1919 2372 ἐτύγχανεν,

396 2390 413 2413 ⁵
429 2383 451 2427 ὁ
476 2383 650 2438 ἐμμανής
673 2382 832 2437 ἀληθῶς
853 2385 919 2424 καὶ
942 2383 1172 2439 φερώνυμος
1193 2389 1264 2438 τῆς
1285 2385 1426 2426 ἑαυτοῦ
1447 2386 1683 2438 ἐπωνυμίας,
1714 2389 1921 2439 παρῆλθον

393 2455 433 2495 οἱ
452 2451 663 2495 ἀπόστολοι
687 2452 936 2508 στερηθέντες
957 2457 1026 2505 τῆς
1047 2453 1284 2507 ἐπαγγελίας,
1316 2451 1552 2501 ἀκούσαντες
1576 2450 1684 2508 παρὰ
1706 2457 1777 2494 τοῦ
1799 2450 1920 2506 ἀψευ-

393 2524 487 2570 δοῦς
512 2523 672 2576 κυρίου,
706 2525 723 2549 ὃ
739 2521 938 2574 Λήψεσθε
962 2518 1032 2572 τήν
1057 2519 1207 2575 δωρεάν
1235 2525 1305 2563 τοῦ
1339 2518 1452 2576 ἀγίου
1478 2519 1716 2573 πνεύματος,
1747 2518 1795 2562 οῦ
1827 2517 1920 2573 μετά

395 2587 537 2638 πολλάς
559 2587 700 2637 ταύτας
720 2586 877 2643 ἡμέρας.
939 2588 1019 2628 Καὶ
1041 2585 1289 2643 εὑρεθήσεται
1311 2586 1334 2630 ὁ
1358 2587 1537 2630 ἀπατεῶν
1560 2593 1631 2630 τοῦ
1657 2592 1830 2643 Χριστοῦ
1851 2605 1918 2630 κα-

393 2656 686 2710 ταψευδόμενος
709 2654 762 2705 ὥς
787 2655 840 2710 μὴ
866 2654 1142 2712 πληρώσαντος
1165 2655 1212 2697 τά
1243 2655 1348 2713 αὐτῷ
1372 2657 1565 2711 εἰρημένα.
1627 2659 1816 2710 Παρῆλθε
1845 2654 1918 2710 γάρ

395 2723 418 2778 ἦ
445 2724 554 2780 γενεά
581 2730 658 2766 τῶν
681 2723 925 2775 ἀποστόλων,
957 2725 1058 2777 φημὶ
1090 2724 1131 2764 δὲ
1157 2722 1235 2765 ἀπὸ
1261 2725 1415 2780 Πέτρου
1440 2722 1526 2779 ἄχρι
1550 2722 1714 2765 Παύλου
1742 2725 1810 2765 καὶ
1832 2721 1920 2779 ἄχρι

391 2791 597 2844 Ἰωάννου,
628 2797 697 2835 τοῦ
720 2794 786 2834 καὶ
815 2794 1062 2848 χρονίσαντος
1087 2793 1126 2833 ἐν
1151 2790 1285 2849 κόσμῳ
1314 2790 1399 2846 ἄχρι
1427 2797 1504 2833 τῶν
1532 2795 1729 2845 Τραϊανοῦ
1755 2789 1917 2845 χρόνων.

442 2885 491 2917 12.
514 2886 661 2918 νοεῖσὲαι
683 2887 750 2918 cod.
770 2887 898 2925 Rhediy.
1178 2886 1259 2915 cavie
1279 2888 1306 2915 et
1327 2886 1445 2916 uncinis
1467 2885 1598 2915 inclusit„
1647 2884 1814 2915 Carnarius
1832 2885 1919 2915 vertit

441 2931 626 2962 OQXIX.
645 2950 685 2954 —
714 2933 740 2962 1.
765 2929 1038 2971 καταναλωτικῆς
1057 2931 1131 2961 scri·
1178 2928 1315 2960 actionis
1337 2935 1370 2959 et
1391 2927 1609 2970 corruptionis
1634 2928 1864 2960 consumentis.

393 2978 442 3015 psi
466 2985 523 3015 pro
554 2975 611 3008 καὶ
639 2972 848 3016 ἅναλωτικῆς
879 2977 961 3015 quod
984 2977 1053 3007 libri
1076 2976 1131 3006 ha-
1221 2977 1252 3006 2.
1277 2976 1417 3006 Fortasse
1449 2971 1507 3007 σὺν
1540 2976 1609 3011 τοῖς
1637 2984 1664 3006 τ.
1688 2984 1715 3006 τ.
1740 2971 1917 3018 ἐργαζομέ-

395 3023 470 3053 bem.
517 3022 662 3053 petavius
689 3031 755 3054 voc.
777 3019 834 3055 καὶ
860 3021 1022 3054 delendum
1049 3021 1131 3052 iudi-
1177 3029 1251 3058 νοις.
