2066 3319
469 247 647 280 PANARn
675 247 756 279 Lm.
776 248 815 280 n.
840 249 946 281 Tou.
970 251 993 281 1.
1021 250 1149 281 HAER.
1174 249 1264 282 Lix.
1567 241 1644 281 177

105 329 250 383 itaque,
276 329 503 380 Confidz‘mus
518 335 639 367 autem
657 331 701 367 de
717 329 831 376 vobis,
857 333 1054 377 carissimi,
1084 333 1237 369 meliora
1254 338 1290 369 el
1307 333 1487 369 viciniora
1507 332 1636 377 saluti,
1660 337 1791 373 Hebes,
1805 338 1831 365 9.

106 400 256 437 tametsi
276 399 328 435 im
351 397 548 448 loquimur.
595 398 681 435 Non
707 400 801 436 enim
828 400 989 436 iniustus
1015 406 1070 437 es!
1091 402 1194 445 deus,
1230 406 1271 437 ul
1293 400 1535 437 obliviscatur
1558 400 1648 437 boni

108 468 230 518 operis
246 467 371 504 vestri.
422 462 464 503 ln
485 478 560 518 quo
581 464 689 505 vides
709 466 1028 519 quemadmodum
1053 473 1090 506 et
1112 467 1431 507 instaurationem
1455 467 1556 507 illam
1581 482 1643 507 se—

108 533 270 574 cundam
295 532 376 572 lieri
398 546 472 571 non
500 546 613 587 posse
637 534 794 573 omnino
820 534 1145 589 pronuntiaverit,
1180 548 1303 588 neque
1328 542 1453 575 tamen
1477 550 1496 574 a
1519 536 1642 576 salute

107 601 195 642 illos
219 600 434 642 excluserit
457 615 553 654 qnos
581 602 726 655 peccati
751 602 809 642 sui
841 603 1080 657 poeniteret,
1114 603 1182 643 sed
1206 610 1243 642 et
1270 603 1382 643 saluti
1412 603 1646 658 propinquos

107 683 194 711 esse
227 669 393 720 dixerit,
436 675 474 709 et
500 669 610 709 deum
637 678 743 710 recte
776 671 822 710 ab
847 671 893 710 iis
925 672 1112 711 factorum
1146 685 1232 711 esse
1258 678 1550 726 susceptorem,
1585 672 1649 726 qui

107 739 334 779 delictorum
357 751 514 778 suorum
545 738 760 778 absolutam
786 739 1063 794 poenitentiam
1090 747 1364 794 capesserent,
1400 754 1519 794 seque
1552 741 1647 781 adeo

107 813 400 857 converterent,
435 807 680 861 animumque
710 814 917 847 mutarent.
982 805 1244 860 Quamobrem
1275 822 1358 848 cum
1389 807 1541 848 (livinus
1567 823 1649 849 ser·

107 890 192 926 mo,
230 882 308 915 tum
342 883 474 915 sancta
508 875 567 915 dei
601 875 768 916 ecelesia
800 883 987 931 perpetuo
1021 876 1298 931 poenitentiam
1330 877 1539 931 approbat,
1575 892 1651 917 non

108 945 206 999 quod
232 944 386 985 mollior
410 958 454 984 ac
481 943 638 984 dilutior
660 944 731 995 sit,
767 951 832 984 aut
858 945 1045 999 pigriores
1079 945 1164 984 illos
1192 945 1306 985 faciat
1333 946 1394 999 qni
1420 946 1454 984 in
1482 945 1545 985 illo
1573 953 1650 985 sta·

108 1014 169 1054 dio
193 1014 428 1063 decurrunt,
463 1013 529 1053 sed
562 1019 602 1052 ut
633 1013 692 1052 dei
720 1013 883 1067 gratiam
916 1013 1269 1067 humanitatemque
1298 1028 1373 1053 non
1400 1014 1572 1065 reiieiat,
1608 1028 1652 1054 ac

108 1081 294 1136 cuiusque
329 1095 491 1122 caussae
525 1082 678 1121 modum
706 1096 750 1122 ac
774 1082 964 1122 rationem
991 1082 1228 1122 consideret.
1294 1080 1345 1123 Ut
1373 1083 1472 1122 enim
1498 1083 1552 1133 is,
1589 1082 1652 1137 qui

109 1149 370 1204 virginitatem
395 1150 538 1201 amisit,
573 1150 671 1204 quod
698 1151 744 1190 ad
770 1165 910 1206 corpus
934 1151 1086 1201 attinet,
1120 1158 1419 1205 repraesentare
1448 1151 1548 1191 illam
1575 1166 1652 1191 non

108 1226 258 1274 potest,
293 1233 377 1259 cum
405 1218 439 1258 id
470 1218 625 1258 minime
655 1226 792 1260 natura
825 1219 1017 1274 patiatur,
1059 1219 1110 1259 ita
1141 1220 1202 1274 qui
1234 1227 1322 1274 post
1353 1219 1582 1274 baptismum
1615 1219 1653 1259 in

109 1288 255 1329 maiora
291 1287 475 1342 quaedam
511 1287 673 1328 erimina
704 1288 907 1343 prolapsus
940 1296 1020 1339 est,
1064 1289 1225 1343 perinde
1261 1303 1306 1328 ac
1339 1289 1401 1342 qui
1429 1288 1654 1342 virginitate

110 1355 255 1397 excidit
279 1357 490 1397 seeundum
523 1356 638 1397 habet
663 1356 699 1396 in
731 1357 969 1397 continentia
997 1357 1345 1397 commendationis
1378 1358 1562 1412 gradum:
1599 1356 1655 1398 sio

108 1425 172 1465 ille
198 1432 284 1480 post
306 1424 536 1480 baptismum
560 1425 742 1479 graviore
769 1426 978 1466 obstrictus
998 1426 1150 1466 scelere
1173 1426 1383 1466 secundum
1413 1426 1527 1466 habet
1550 1425 1654 1465 sani-

111 1494 201 1534 tatis
222 1507 361 1547 genus.
416 1491 528 1546 Quod
555 1494 706 1534 tametsi
734 1509 817 1534 eum
846 1501 968 1545 tanta,
1003 1501 1143 1548 quanta
1170 1494 1293 1548 prius,
1328 1494 1472 1535 virtute
1497 1494 1654 1534 minime

112 1562 357 1602 coniunctum
387 1561 456 1612 sit,
491 1576 566 1602 non
594 1569 654 1602 est
678 1570 804 1602 tamen
832 1577 852 1603 a
880 1562 1179 1617 consequendae
1206 1562 1311 1602 vitae
1346 1577 1412 1617 spe
1445 1577 1488 1603 ac
1520 1561 1655 1603 salutis

114 1630 297 1670 alienum.
351 1628 473 1684 lgitur
496 1644 646 1680 eorum,
682 1632 743 1685 qui
766 1630 804 1671 in
829 1632 1066 1686 capessenda
1093 1630 1329 1685 poenitentia
1352 1631 1543 1683 laborant,
1578 1632 1656 1671 sru-

113 1707 215 1740 ctum
247 1713 291 1739 ac
324 1699 534 1753 praemium
568 1699 720 1739 divinus
753 1714 882 1740 sermo
916 1714 992 1740 non
1025 1699 1166 1740 reiicit.

227 1766 440 1808 Praeterea
477 1768 588 1807 iidem
627 1768 677 1807 illi
717 1768 870 1822 longius
898 1782 948 1808 ex
982 1768 1048 1808 illo
1086 1768 1266 1821 dogmate
1302 1768 1548 1823 prosilientes
1584 1767 1656 1808 alia
1685 1771 1761 1815 Cap·
1780 1771 1835 1804 11¹-

115 1837 300 1892 quaedam
323 1835 564 1876 adiecerunt.
610 1835 732 1877 Aiunt
754 1836 854 1877 enim
879 1850 921 1877 se
944 1837 1104 1877 eandem
1127 1836 1328 1876 nobiscum
1354 1837 1496 1877 habere
1521 1836 1656 1887 fidem3

116 1906 183 1946 sed
214 1912 340 1946 tamen
366 1919 450 1945 enm
475 1905 637 1959 digamis
662 1905 948 1946 communicare
976 1905 1209 1945 detrectant.
1271 1903 1374 1945 Nam
1398 1906 1429 1946 si
1456 1905 1539 1960 quis
1572 1911 1659 1960 post

117 1973 344 2030 baptismum
373 1973 581 2014 secundam
613 1988 777 2014 uxorem
810 1973 988 2024 duxerit,
1024 1973 1069 2014 ab
1094 1974 1169 2014 illis
1197 1988 1273 2014 non
1306 1974 1468 2028 amplius
1492 1973 1660 2014 admitti-

116 2050 192 2083 tur.
257 2041 370 2096 Quod
398 2042 549 2096 quidem
586 2043 698 2097 plane
732 2042 911 2083 stolidum
939 2049 1012 2083 est.
1076 2041 1125 2084 Ut
1154 2042 1256 2083 enim
1282 2043 1313 2082 si
1341 2042 1426 2097 quis
1462 2050 1659 2083 natantem

117 2111 281 2166 aliquem
314 2111 351 2151 in
378 2125 475 2165 aqua
509 2111 671 2163 viderit,
707 2126 751 2152 ac
779 2111 934 2152 natandi
969 2125 1079 2152 usum
1112 2111 1298 2165 ignorans
1330 2125 1418 2152 sese
1451 2111 1489 2152 in
1522 2126 1658 2166 aquam

119 2179 380 2230 commiserit,
415 2193 460 2219 ac
484 2194 639 2234 pessum
672 2180 784 2231 ierit,
820 2180 918 2234 quod
943 2187 981 2220 et
1012 2180 1094 2220 eius
1119 2180 1175 2220 rei
1203 2180 1253 2220 sit
1279 2194 1423 2235 expers
1456 2187 1494 2220 et
1524 2195 1657 2220 eorum

119 2248 184 2303 qui
216 2247 394 2289 manibus
434 2263 478 2289 ac
510 2248 669 2303 pedibus
703 2249 817 2290 saluti
853 2262 946 2290 suae
985 2248 1193 2289 consulunt
1228 2248 1391 2289 scientia
1424 2248 1578 2288 minime
1610 2249 1660 2289 sit

120 2317 339 2373 praeditus,
374 2317 442 2358 sed
468 2318 567 2358 ultro
595 2332 729 2372 aquam
764 2316 963 2358 existimet
987 2318 1082 2358 eitra
1108 2331 1286 2358 manuum
1313 2317 1558 2371 agitationem
1593 2317 1661 2357 ho-

119 2386 260 2426 minem
285 2385 495 2426 sustinere.
559 2385 641 2427 Aut
665 2386 981 2440 quemadmodum
1014 2386 1044 2427 si
1075 2386 1160 2441 quis
1193 2387 1429 2441 praefectum
1461 2385 1589 2425 audiat
1621 2386 1658 2425 in

120 2467 188 2495 eos
213 2455 587 2495 animadvertentem
621 2454 684 2509 qui
713 2455 788 2495 ulla
814 2455 850 2495 in
882 2468 923 2495 re
950 2455 1063 2495 etiam
1092 2455 1247 2495 minima
1282 2453 1513 2508 deliquerint
1544 2460 1659 2508 atque

122 2523 280 2563 eandem
306 2523 343 2563 in
369 2536 504 2564 omnes
536 2537 699 2578 poenam
731 2523 976 2564 constitutam
1006 2523 1239 2573 arbitretur,
1271 2522 1588 2577 quemadmodum
1620 2522 1659 2562 in

122 2604 190 2632 eos
213 2591 276 2646 qui
299 2591 541 2647 patricidium
567 2592 849 2644 commiserint,
883 2592 939 2633 sic
965 2593 1003 2633 in
1025 2592 1112 2632 illos
1137 2592 1198 2646 qui
1223 2591 1306 2631 aliis
1333 2590 1555 2631 calumniati
1579 2592 1660 2630 fue·

122 2659 222 2711 rint,
255 2667 320 2701 aut
346 2661 549 2715 pugnando
577 2660 865 2702 lacessiverint.
927 2659 1003 2702 Vel
1028 2660 1187 2716 perinde
1215 2674 1258 2700 ac
1284 2658 1316 2699 si
1340 2658 1445 2699 rudis
1472 2658 1659 2714 quispiam

123 2735 162 2769 et
184 2728 385 2783 imperitus
410 2729 674 2783 magistratum
700 2730 829 2770 videat
850 2736 1041 2785 potestate
1070 2728 1280 2784 praeditum
1306 2726 1472 2781 gladium
1506 2728 1543 2768 in
1576 2741 1661 2768 sce·

122 2796 266 2838 leratos
298 2797 554 2854 distringere,
588 2798 694 2839 velut
721 2799 916 2839 veneficos
950 2805 1014 2839 aut
1047 2797 1291 2852 blasphemos
1325 2802 1390 2836 aut
1423 2795 1656 2851 perduelles,

172 2945 247 2978 Cn.
271 2947 328 2978 ΠΙ.
352 2965 397 2972 -
447 2946 473 2979 1.
498 2944 672 2990 διγάμοις,
698 2949 780 2988 quod
801 2957 868 2980 sen·
913 2948 961 2979 sui
978 2947 1047 2977 libri
1068 2947 1216 2985 maryine.
1255 2946 1351 2985 Vutqo
1370 2948 1453 2977 extat
1474 2946 1659 2987 διδαγμοίς.

126 2993 220 3023 tentia
252 2994 406 3032 postulat,
443 2993 531 3024 habet
559 2995 654 3025 codex
686 2996 786 3025 nescio
817 2995 870 3033 qui
914 2994 1014 3031 Neque
1039 2992 1126 3021 aliter
1149 2992 1215 3022 cod.
1238 2991 1366 3031 Rhediy.

127 3045 223 3068 manu
243 3041 408 3076 exaratus,
445 3040 532 3069 cuius
559 3041 729 3078 scripturas
757 3040 870 3070 disere·
960 3040 991 3068 2.
1024 3035 1140 3077 καινῆς
1175 3045 1244 3067 mea
1274 3039 1316 3067 est
1346 3037 1529 3068 emendatio.
1575 3037 1660 3067 Libri

126 3085 234 3121 pantes
265 3083 312 3114 hic
341 3084 404 3114 illic
437 3085 596 3114 annotavit
620 3085 655 3115 Λ.
676 3085 815 3115 schottus
838 3085 870 3114 in
916 3082 1025 3114 habent
1049 3080 1107 3114 καὶ
1130 3080 1201 3124 τῆς.

203 3136 318 3172 corpus
336 3135 514 3164 Haereseol.
534 3136 570 3165 11.
589 3138 615 3165 2.
1339 3141 1388 3181 12
