2066 3319
495 194 679 226 PANARH
705 195 788 226 [ΑΒ.
810 196 848 226 Π.
874 195 982 228 ToM.
1005 197 1044 228 11.
1071 196 1202 229 HAER.
1225 197 1346 229 LXVI.
1623 192 1704 229 519

258 272 337 314 Sed
367 281 406 314 ut
436 273 608 313 omittam
637 281 768 314 cetera
802 288 900 328 quae
937 276 981 315 ad
1017 276 1115 316 idem
1142 285 1412 330 argumentum
1447 279 1579 319 all'erri
1605 278 1704 319 bene
1757 290 1837 333 Cap.

145 342 261 382 multa
287 349 473 396 possunt,
514 340 774 382 Manichacus
810 343 881 382 lioe
916 344 1075 398 insuper
1101 344 1233 384 obiicit
1273 347 1370 399 quod
1405 348 1589 402 scriptum
1625 355 1699 398 est,
1739 335 1869 367 LXtX.

144 415 243 450 Deus
276 413 388 449 huius
423 412 545 449 seculi
578 415 794 449 arcuerunt?
831 420 967 450 menses
998 416 1203 464 infidelium
1221 444 1228 455 ,
1276 422 1316 451 ul
1352 431 1424 454 mm
1461 420 1699 456 mmet-enlm·
1717 430 1741 457 2.
1757 429 1866 464 Gor.⁴,
1886 431 1910 458 «ι.

142 481 332 530 evangelli
352 481 483 518 lucem.
551 478 669 533 Atqui
699 480 729 519 si
755 480 850 519 dens
880 482 1007 520 mnndi
1044 481 1156 520 liuius
1181 481 1359 521 (lominus
1386 491 1468 533 est,
1505 485 1592 538 qnid
1626 485 1703 525 sal-

143 553 256 587 vator
288 547 422 601 pedem
459 547 494 586 in
525 547 690 587 alienam
721 548 1011 602 possessionem
1043 547 1255 588 immittens
1290 550 1483 591 faciebat?
1544 553 1584 591 Si
1620 567 1703 593 eam

142 615 261 669 ipsam
288 615 591 669 concupiverat,
629 616 785 655 minime
810 617 843 655 id
872 616 971 656 bono
998 617 1175 670 iustoque
1202 618 1403 657 convenit.
1460 617 1529 659 Sin
1558 620 1703 661 idcirco

143 683 271 734 venit,
308 690 446 723 utnon
477 684 655 738 propria,
692 686 758 724 sed
788 685 911 724 aliena
943 691 1145 730 servaret,
1190 685 1263 724 iam
1290 685 1361 724 lioe
1389 687 1601 728 adulatoris
1634 688 1704 728 ali-

141 751 250 791 cuius
276 752 471 807 proprium
499 760 580 801 est,
625 754 686 806 qui
722 752 850 792 alieno
877 752 1040 807 principi
1066 752 1241 791 subditos
1266 754 1311 792 ad
1341 768 1402 793 res
1430 769 1552 795 novas
1583 756 1704 796 ambi-

143 819 242 860 tiose
270 833 487 874 provocare
514 821 682 860 studeat.
749 819 862 874 Quod
891 820 921 860 si
949 834 1082 860 eorum
1109 834 1207 874 quae
1232 822 1276 860 ad
1302 823 1422 862 seculi
1451 823 1563 863 liuius
1591 824 1703 864 deum

141 887 339 942 pertinent
364 889 649 928 servandorum
675 889 799 943 gratia
823 888 953 937 venit,
990 888 1088 927 bene
1117 888 1247 942 utique
1274 890 1319 929 de
1354 891 1418 930 illo
1451 891 1613 931 meritus
1645 899 1706 932 est

141 956 252 996 cuius
286 955 402 996 rebus
439 957 647 996 servandis
683 971 840 1011 operam
883 955 1116 996 adhibuerit.
1184 957 1242 995 Ac
1276 957 1306 996 si
1344 958 1455 998 liuius
1487 959 1548 998 ille
1583 960 1704 1000 seculi

140 1025 234 1064 deus
261 1038 353 1065 suos
377 1039 397 1064 a
423 1024 620 1065 salvatore
644 1024 738 1080 eripi
763 1025 897 1065 libenti
922 1024 1052 1064 animo
1077 1024 1234 1078 patitur,
1271 1026 1448 1079 profecto
1475 1026 1599 1067 bouus
1625 1035 1701 1078 est,

139 1093 201 1147 qui
228 1092 259 1132 si
286 1106 448 1132 servare
484 1093 610 1132 minus
647 1092 729 1147 ipse
759 1093 906 1148 possit,
941 1093 988 1133 de
1020 1107 1178 1132 suornm
1213 1099 1341 1133 tamen
1367 1094 1492 1134 salute
1517 1096 1700 1149 gaudeat.

139 1160 269 1215 Atque
307 1161 356 1200 ita
391 1175 595 1201 commune
631 1162 820 1215 quoddam
858 1162 933 1201 erit
971 1161 1157 1201 bonitatis
1191 1162 1495 1213 commercium,
1532 1165 1631 1217 quod
1665 1172 1704 1204 et

137 1229 302 1270 salutem
330 1230 479 1270 affertis
504 1229 564 1284 qui
591 1238 716 1285 potest
734 1263 742 1279 ,
778 1237 816 1270 et,
843 1230 905 1284 qui
935 1243 998 1270 res
1024 1243 1115 1269 suas
1142 1243 1306 1270 servare
1334 1245 1410 1270 non
1435 1238 1585 1285 potest,
1620 1247 1704 1272 ser—

139 1297 220 1337 vari
246 1305 373 1337 tamen
403 1298 447 1337 ab
473 1298 598 1338 altero
631 1298 798 1338 libenter
831 1299 960 1349 videt,
1006 1312 1100 1352 quas
1137 1298 1253 1338 etiam
1291 1298 1328 1338 in
1362 1299 1470 1338 lucro
1507 1309 1701 1352 numerat,

138 1380 223 1405 rum
254 1365 300 1404 ab
330 1380 377 1405 eo
407 1367 467 1420 qui
493 1367 692 1421 praeclare
717 1381 880 1408 servare
905 1373 1033 1421 potest
1066 1366 1197 1406 salvas
1229 1374 1264 1406 et
1290 1366 1508 1408 incolumes
1540 1383 1703 1424 accepe—

138 1434 202 1474 rit.
258 1432 471 1474 Praeterea
498 1434 529 1474 si
555 1435 679 1474 eidem
708 1435 759 1474 illi
784 1435 846 1489 qui
873 1448 1038 1475 servare
1064 1448 1128 1474 res
1156 1435 1277 1489 ipsius
1304 1435 1433 1490 cupiat
1457 1451 1701 1491 nequaquam

139 1503 397 1553 adversatur,
441 1503 595 1543 habebit
633 1504 666 1543 ei
702 1503 763 1557 qni
799 1510 934 1543 servat
967 1503 1156 1556 gratiam,
1201 1503 1442 1557 proindeque
1475 1505 1508 1545 is
1538 1506 1702 1559 primuni

136 1570 241 1611 illum
282 1570 454 1610 servabit
493 1571 538 1611 ad
568 1586 679 1626 quem
717 1572 779 1625 qui
805 1578 1016 1612 servantur
1043 1570 1233 1622 attinent,
1280 1578 1317 1611 nt
1349 1572 1384 1611 iu
1419 1586 1465 1612 eo
1500 1573 1703 1613 liberando

136 1639 325 1679 bonitatis
360 1653 456 1679 suae
486 1639 684 1694 specimen
713 1639 913 1694 praebeat.
979 1638 1072 1679 Non
1096 1639 1222 1690 enim,
1259 1648 1373 1694 put0,
1408 1642 1514 1681 solos
1548 1642 1702 1697 eripere

136 1714 273 1747 tennes
298 1707 426 1759 volet,
463 1709 673 1763 praecipuo
701 1708 767 1747 illo
794 1708 929 1748 relicto
962 1722 981 1747 a
1007 1722 1082 1762 quo
1104 1708 1139 1747 hi
1170 1708 1230 1762 qui
1257 1716 1470 1749 servantur
1496 1711 1701 1765 propagati

134 1783 240 1815 sunt.
308 1774 458 1816 Deinde
483 1777 514 1817 si
539 1792 624 1817 cum
652 1777 749 1817 alios
776 1777 938 1827 liberet,
973 1776 1142 1816 liberare
1170 1776 1421 1817 nihilomiuus
1458 1778 1554 1818 nolit
1576 1778 1698 1829 illum,

135 1843 402 1899 imperfectum
429 1845 605 1899 quiddam
635 1854 710 1896 est,
748 1846 847 1899 qnod
872 1845 1045 1896 molitur,
1081 1858 1153 1884 nec
1175 1844 1392 1885 absolutum
1419 1845 1562 1886 bonum
1588 1860 1698 1901 prae-

135 1919 241 1952 stare
268 1927 383 1967 posse
416 1914 584 1953 videtur.
650 1913 727 1954 lam
758 1928 853 1953 vero
886 1913 943 1964 si,
987 1914 1087 1968 quod
1114 1913 1305 1953 eiusmodi
1343 1921 1505 1954 naturae
1540 1929 1617 1955 non
1650 1915 1701 1955 sit

134 1995 231 2035 quae
257 1982 407 2022 servari
440 1983 588 2036 possit,
635 1983 798 2022 salutem
835 1982 921 2022 liuic
956 1982 1099 2022 afferre
1124 1989 1316 2036 nequeat,
1352 1997 1463 2037 quam
1490 1983 1535 2023 ab
1561 1997 1606 2023 eo
1632 1998 1700 2038 ge-

134 2050 225 2090 nitis
250 2051 494 2105 impertitur,
530 2064 624 2090 saue
657 2051 718 2105 qui
743 2051 789 2090 al)
815 2050 880 2090 illo
908 2051 980 2090 orti
1010 2057 1100 2090 sunt
1124 2051 1238 2104 longe
1268 2051 1488 2092 deteriores
1512 2066 1600 2093 esse
1634 2054 1700 2092 de-

134 2118 249 2168 bent,
287 2127 325 2159 ut
359 2133 406 2158 ne
432 2120 595 2160 salutem
620 2119 772 2173 quidem
807 2119 966 2174 adipisci
993 2119 1063 2174 ipsi
1091 2118 1255 2174 possint.
1322 2120 1382 2160 Ad
1418 2120 1514 2160 haec
1548 2121 1579 2160 si
1613 2135 1698 2160 cnm

135 2187 276 2227 nullam
311 2188 501 2242 privatam
528 2188 822 2243 possessionem
858 2187 1020 2238 habeat,
1066 2202 1178 2241 quam
1213 2187 1410 2239 vindicet,
1454 2189 1498 2228 ad
1532 2189 1699 2228 alienam

133 2255 323 2306 accessit,
358 2263 399 2297 ut
421 2257 593 2311 seipsum
622 2264 659 2296 et,
682 2271 792 2311 opem
827 2263 1047 2296 ostentaret
1070 2271 1206 2307 suam,
1255 2257 1483 2311 perplexum
1518 2257 1697 2310 quiddam

134 2331 172 2363 et
198 2323 434 2378 implicatum
462 2325 647 2376 efficitur,
684 2331 723 2364 nt
750 2339 847 2379 quae
872 2324 996 2365 virtus
1022 2339 1086 2365 res
1112 2339 1203 2365 suas
1232 2338 1395 2366 servare
1426 2333 1616 2379 nequeat,
1653 2326 1698 2366 ad

134 2392 284 2432 alienas
310 2407 353 2433 se
381 2395 584 2444 conserat,
630 2401 670 2434 ut
698 2394 787 2433 illud
824 2393 936 2434 iniis
966 2401 1134 2448 praestet
1170 2394 1269 2448 qnod
1307 2393 1343 2433 in
1378 2393 1545 2448 propriis
1583 2407 1700 2434 exer-

134 2475 224 2500 cere
259 2476 334 2501 non
362 2463 500 2517 potuit.
570 2461 653 2502 lloc
691 2462 810 2516 igitur
843 2463 957 2502 modo
990 2462 1068 2502 ruit
1103 2462 1228 2503 omnis
1259 2462 1321 2501 illa
1349 2462 1394 2501 de
1424 2462 1620 2502 salvatore
1653 2477 1698 2502 ae

133 2530 254 2570 seculi
293 2530 405 2571 liuius
433 2529 614 2586 Principe
640 2529 865 2572 Manichaei
893 2530 1105 2571 sententia.
1171 2531 1231 2570 Ac
1265 2530 1296 2570 si
1326 2530 1423 2584 quod
1452 2544 1515 2569 res
1549 2537 1609 2571 est
1644 2532 1698 2572 la·

136 2598 207 2639 teri
239 2599 442 2649 volumus,
479 2599 591 2639 istius
618 2599 737 2639 seculi
763 2600 858 2641 dens
891 2614 967 2640 non
993 2599 1091 2640 alius
1118 2606 1201 2649 est,
1237 2613 1256 2638 a
1283 2613 1378 2638 vero
1401 2599 1474 2639 deo
1498 2598 1696 2651 diversus,

136 2681 206 2707 nee
233 2667 308 2707 ulla
334 2667 551 2708 substantia
581 2667 779 2722 praeditus
804 2668 919 2708 alius.
955 2667 1156 2722 Siquidem
1183 2667 1362 2707 dominus
1388 2667 1558 2708 omnium
1583 2668 1695 2719 deus,

134 2750 178 2775 ac
213 2736 341 2776 mundi
375 2736 556 2776 conditor
587 2737 682 2776 deus
716 2751 814 2777 unus
847 2744 929 2786 est,
960 2745 1072 2789 pater
1102 2739 1246 2775 domz‘m'
1272 2739 1398 2774 tzoslre'
1426 2740 1510 2776 Iesu
1537 2740 1693 2785 Christi,

135 2804 196 2858 qui
231 2819 425 2859 nunquam
460 2819 548 2845 esse
582 2805 750 2845 desinet.
1758 2846 1789 2877 C,

249 2872 375 2927 Quem
402 2888 498 2914 vero
523 2881 805 2914 commemorat
828 2874 1051 2929 apostolus,
1089 2873 1268 2925 ultroque
1302 2873 1348 2913 ab
1377 2872 1597 2914 infidelibus
1630 2874 1697 2914 ad·
1746 2857 1860 2923 [ἓξὲξ

136 2970 189 3008 ὅτι
214 2975 318 3017 ζημία
350 2973 411 3009 οὐκ
444 2975 489 3010 ἔνι
521 2973 586 3020 dp&
618 2977 681 3018 τῆς
705 2975 892 3018 μετανοίας.
986 2972 1016 3007 4.
1044 2971 1156 3008 οὐκέτι
1179 2976 1246 3007 cod.
1269 2977 1398 3017 Rhediy.

136 3021 221 3059 Infra
247 3031 315 3060 cap.
337 3021 390 3054 ⁸7.
418 3018 486 3064 ἄρα
510 3021 564 3056 οὖν
589 3020 635 3055 ἔνι
657 3019 740 3064 σάρξ
764 3026 830 3054 cett.
988 3021 1019 3053 5.
1044 3016 1143 3059 ἄλλος
1167 3023 1294 3062 scripti,
1319 3017 1431 3061 ἄλλως
1454 3024 1528 3055 editi
1551 3024 1632 3054 libri.
