2066 3319
467 203 648 236 PANAan
673 203 813 235 L113.11.
838 203 946 235 TOM.
962 205 987 236 1.
1013 204 1142 236 HAER.
1167 205 1288 237 inv.
1569 194 1649 236 367

115 296 197 323 cem
221 283 461 337 perforaret,
495 282 730 336 minimeque
752 283 891 323 idonea
917 297 968 324 ex
991 285 1153 325 materia
1176 284 1328 324 laticem
1352 297 1474 338 aquae
1502 285 1650 338 profer-

113 351 199 390 ret?
240 351 340 404 quod
373 351 518 391 siceum
554 357 639 390 erat
669 351 706 390 in
739 351 936 391 humorem
971 354 1245 393 converteret?
1286 366 1511 406 percussum
1544 367 1650 393 mare
1671 355 1762 383 Exou.
1783 356 1823 382 Η·

113 418 313 459 duodecim
336 418 376 458 in
399 419 482 459 vias
507 426 620 473 atque
648 418 788 459 itinera
815 420 1006 460 maritima
1029 421 1112 461 solo
1140 420 1301 474 imperio
1330 422 1544 461 divideret?
1583 422 1651 462 flu-
1671 434 1762 462 Exod.
1781 436 1805 461 τ.

113 486 214 527 vium
235 486 273 527 in
292 487 523 540 sanguinem
543 488 733 528 mutaret?
765 502 945 528 ranarum
966 496 1109 529 tantam
1129 495 1288 543 repente
1309 489 1456 543 copiam
1479 490 1515 529 in
1536 505 1651 530 unum
1672 497 1764 526 Exod-
1784 500 1808 525 8-

113 552 301 609 cogeret'?
333 555 477 596 culices
496 555 704 610 Aegyptiis
724 555 973 597 immitteret?
1004 557 1188 596 misceret
1208 556 1286 610 igni
1311 558 1565 609 grandinem?
1597 558 1653 598 ni-

111 624 318 678 gerrimam
341 631 493 664 noctem
517 638 562 664 ac
581 624 824 665 densissimis
847 625 1018 665 tenebris
1041 625 1245 665 obductam
1268 625 1402 664 iisdem
1424 624 1498 665 illis
1518 627 1650 681 Aegy·
1674 624 1856 685 ᾖξίῑόῑθὶῖῗῑ

112 691 202 746 ptiis
227 692 470 732 offunderet?
501 692 645 747 primos
668 693 950 748 Aegyptiorum
976 699 1106 748 partus
1132 692 1396 733 interficeret?
1427 693 1565 747 igneae
1588 709 1652 733 co·
1723 693 1812 719 0‘13-

111 760 263 800 lumnae
284 759 473 800 beuelicio
495 761 650 816 populo,
685 775 797 815 quem
820 761 987 816 pastoris
1006 760 1131 802 instar
1153 760 1329 814 regebat,
1363 761 1439 801 iter
1461 762 1654 816 praeiret?

112 827 338 882 angelorum
373 843 510 883 panem
541 830 718 870 oratione
749 844 792 869 ac
827 829 1005 884 precibus
1037 829 1220 870 eliceret?
1262 829 1482 869 coturnices
1515 830 1649 883 largis·
1673 829 1857 897 ξζξᾙῇἶῦἳῦῗῑ

111 895 208 936 sime
233 896 519 952 suppeditaret,
554 912 598 937 ac
621 905 677 938 tot
703 897 897 938 hominum
924 897 1040 938 millia
1061 898 1133 937 deo
1156 897 1312 937 iubente
1334 898 1520 938 satiaret?
1551 898 1654 938 eius-

112 965 197 1005 dem
223 965 283 1005 dei
308 979 445 1005 vocem
471 967 702 1006 exaudiret?
745 967 883 1020 dignus
912 966 1067 1020 inquam
1102 965 1310 1006 haberetur
1332 980 1382 1006 ex
1405 973 1481 1006 tam
1505 966 1653 1006 infinita
1674 977 1854 1014 Exonune.

111 1032 309 1074 hominnm
336 1033 603 1085 multitudiue,
646 1034 710 1089 qui
736 1041 774 1074 et
797 1035 857 1075 dei
885 1049 1020 1075 vocem
1047 1034 1219 1084 audiret,
1261 1042 1300 1074 et
1329 1034 1431 1075 illius
1464 1035 1655 1088 colloquio

112 1102 332 1142 frueretur?
368 1103 622 1156 quadraginta
650 1103 733 1143 dies
765 1104 1000 1158 totidemque
1027 1110 1161 1143 noctes
1188 1103 1328 1143 nullam
1360 1117 1493 1144 earum
1525 1118 1655 1143 rerum

110 1169 375 1220 desideraret,
411 1171 548 1225 quibus
577 1178 739 1212 naturae
774 1172 1009 1212 necessitate
1035 1172 1082 1212 ad
1109 1172 1227 1212 vitam
1261 1173 1553 1212 sustentandam
1586 1173 1656 1212 ali-

110 1239 222 1279 mur?
262 1239 364 1280 illins
391 1240 529 1280 deinde
558 1254 650 1280 caro
677 1241 770 1281 solis
802 1241 840 1281 in
872 1240 1117 1294 splendorem
1147 1255 1191 1281 ac
1216 1241 1430 1281 radiantem
1464 1241 1654 1295 fulgorem

110 1314 354 1359 verteretur,
389 1309 451 1362 qui
477 1308 530 1362 ita
559 1309 686 1363 populi
715 1309 848 1350 oculos
879 1309 1162 1364 perstringeret
1190 1316 1231 1349 ut
1257 1308 1361 1349 illius
1396 1310 1533 1350 faeiem
1567 1310 1655 1351 fixis

112 1375 235 1416 oculis
259 1376 513 1431 contemplari
540 1375 699 1417 Israelis
725 1378 869 1432 posteri
896 1378 1126 1432 nequirent?
1169 1385 1210 1418 ut
1231 1376 1334 1418 illius
1361 1392 1496 1419 manus
1528 1378 1565 1418 in
1599 1378 1656 1418 ni·
1675 1389 1765 1417 Exou.
1787 1391 1814 1423 4,
1833 1391 1859 1418 ῖ,

112 1457 198 1484 vem
227 1451 442 1485 mutaretur
464 1458 515 1485 ex
539 1447 683 1486 carne?
722 1453 764 1487 ut
792 1447 837 1486 ad
866 1444 995 1497 Core,
1029 1445 1208 1497 Dathan,
1242 1446 1417 1497 Abiron,
1452 1453 1489 1487 et
1512 1446 1656 1488 Annan
1675 1458 1762 1486 Num.
1784 1459 1823 1486 113.

114 1511 348 1553 hauriendos
391 1513 592 1554 dehiscere
632 1521 776 1555 terram
818 1514 996 1555 iuberet?
1055 1521 1095 1555 ut
1136 1515 1227 1554 illud
1270 1514 1423 1555 audiret
1464 1516 1652 1570 denique:

113 1584 286 1620 Ascende
313 1584 350 1621 in
376 1590 552 1630 montem,
587 1591 623 1621 et
652 1585 731 1622 illle
759 1588 934 1622 morere?
974 1589 1014 1622 ut
1047 1582 1148 1622 illius
1183 1583 1418 1638 sepulturam
1457 1584 1650 1625 hominum
1665 1596 1858 1631 neumata.

113 1663 227 1690 nemo
253 1652 537 1704 cognosceret?
598 1648 920 1706 Quandoquidem
948 1665 1085 1691 sacrae
1120 1651 1219 1691 istud
1253 1651 1389 1692 literae
1421 1651 1652 1707 significant,

114 1732 192 1758 non
216 1732 304 1759 esse
337 1719 384 1759 ab
417 1719 635 1760 hominibus
657 1719 810 1776 Moysis
840 1734 980 1774 corpus
1006 1719 1221 1774 sepultum,
1255 1721 1322 1760 sed
1347 1720 1393 1760 ab
1421 1721 1568 1774 angelis
1599 1721 1657 1762 vi-

114 1786 269 1838 delicet,
305 1787 404 1841 quod
425 1787 547 1828 verba
568 1788 652 1843 ipsa
672 1789 787 1829 tacite
811 1788 1091 1843 intelligentiae
1115 1795 1273 1828 nostrae
1300 1788 1525 1829 subiiciunt.
1583 1789 1656 1829 At-

113 1869 186 1910 que
210 1856 305 1896 haec
330 1855 457 1896 omnia
484 1863 560 1897 tum
589 1864 700 1911 gesta
726 1864 838 1907 sunt,
873 1871 956 1897 enm
989 1857 1112 1897 adhuc
1135 1857 1174 1896 in
1202 1857 1274 1897 hoc
1305 1857 1446 1897 mundo
1476 1871 1657 1898 versare-

115 1930 198 1975 tur,
232 1931 344 1979 gesta
366 1933 493 1965 autem
520 1925 556 1965 in
583 1939 629 1966 eo
659 1926 759 1980 quod
782 1926 946 1966 animale
975 1932 1060 1966 erat
1080 1939 1123 1965 ac
1149 1925 1322 1980 spiritale
1345 1928 1515 1981 perfecte
1543 1927 1657 1968 simul

114 1999 174 2033 est
196 1993 354 2033 factum.
419 1991 498 2034 Sed
525 2008 596 2035 nos
620 1995 726 2035 velut
757 1994 944 2049 quoddam
970 1993 1074 2034 illinc
1101 1994 1240 2049 pignus
1266 1994 1498 2050 accipimus,
1534 1996 1581 2036 ad
1612 1996 1657 2036 il-

112 2060 186 2101 lius
208 2063 405 2116 perfectae
425 2062 689 2116 pullulationis
712 2063 947 2118 exemplum,
986 2077 1084 2117 quae
1107 2070 1185 2103 tum
1206 2063 1371 2114 accidet,
1405 2078 1491 2104 cum
1513 2064 1655 2104 dietum

112 2129 203 2170 illud
228 2130 470 2185 implebitur:
513 2133 730 2171 Semz‘nulul·
755 2135 792 2171 in
816 2133 1070 2183 ignobilitate,
1104 2140 1280 2183 resurget
1305 2135 1342 2171 z'n
1362 2134 1513 2184 gloria:
1546 2136 1855 2181 semz'-1.00r.15,4s.

112 2206 227 2238 natur
248 2202 285 2238 in
312 2200 544 2250 znfit‘me‘late,
580 2208 757 2252 resurget
775 2203 812 2240 in
835 2203 984 2240 virtute,
1048 2199 1206 2240 Etenim
1229 2215 1357 2241 nonne
1378 2202 1570 2241 infirmum
1595 2209 1655 2242 est

114 2267 214 2321 quod
236 2267 289 2308 ita
310 2268 540 2319 seminatur,
569 2276 611 2309 ut
635 2269 696 2310 ubi
718 2262 932 2309 seminetur
952 2270 1132 2323 ignoret?
1173 2267 1418 2323 lgnobilitate
1439 2284 1535 2310 vero
1558 2284 1654 2310 non—

113 2349 162 2376 ne
195 2335 349 2391 plenum
376 2336 467 2377 illud
494 2344 553 2377 est
582 2338 681 2392 quod
714 2337 752 2378 in
783 2337 1026 2392 sepulchrum
1059 2338 1250 2379 abiectum
1283 2337 1460 2379 obruitur
1491 2346 1655 2392 aggestu

113 2404 310 2458 pulveris,
341 2420 385 2446 ac
409 2405 624 2456 laceratur,
658 2405 859 2461 proiicitur
887 2406 1066 2461 omnique
1094 2421 1213 2448 sensu
1239 2406 1487 2447 destituitur?
1548 2404 1654 2448 Con·-

115 2479 176 2514 tra
206 2487 302 2515 vero
336 2488 466 2515 nonne
503 2474 715 2529 gloriosum
744 2475 780 2515 id
810 2482 892 2525 est,
933 2475 1033 2529 quod
1067 2476 1113 2516 ad
1138 2477 1254 2516 vitam
1288 2475 1504 2526 excitatur,
1548 2483 1585 2516 et
1614 2476 1652 2516 in

115 2542 392 2597 sempiternum
419 2550 642 2597 permanet,
677 2558 722 2584 ac
754 2558 838 2584 cnm
873 2544 1027 2584 divinae
1058 2544 1308 2597 benignitatis
1342 2558 1409 2599 spe
1441 2557 1486 2584 ac
1517 2544 1655 2585 fiducia

116 2610 288 2651 coeleste
319 2625 481 2665 regnum
509 2612 705 2666 possidet?
768 2614 840 2652 Ubi
861 2614 1066 2665 ficlgebunt
1095 2616 1188 2651 iusti
1207 2615 1308 2651 sieut
1334 2614 1395 2651 sol
1403 2617 1421 2650 :²
1479 2611 1553 2654 Ubi
1587 2629 1654 2654 an-
1681 2609 1791 2638 Manb-

1674 2647 1716 2679 137
1736 2647 1778 2673 43.

112 2681 211 2731 getis
233 2687 346 2719 erunt
367 2682 570 2733 aequales?
629 2678 703 2721 Ubi
737 2695 821 2721 cum
848 2695 992 2736 sponso
1015 2681 1178 2722 choreas
1202 2681 1344 2734 agent?
1384 2680 1447 2721 ubi
1471 2696 1556 2722 cum
1578 2681 1654 2723 Pe·
1672 2681 1786 2742 {2¹¹¹}ss

117 2754 178 2788 tro
200 2748 364 2804 apostoli
390 2751 580 2788 duodecim
602 2752 639 2788 in
663 2751 807 2789 thronis
828 2753 1032 2798 consident,
1069 2752 1288 2801 totidemque
1303 2752 1563 2790 israelitarum
1586 2755 1654 2791 tri·
1680 2735 1793 2810 &³¹2¹ss-

1697 2804 1722 2819 .‚
1777 2803 1783 2809 .

118 2817 184 2856 bus
208 2820 403 2857 zude‘eunt?
463 2816 536 2859 Ubi
562 2831 608 2858 ea
630 2818 718 2858 insti
743 2818 970 2874 percipient,
1004 2833 1097 2871 quae
1121 2832 1187 2856 nee
1209 2820 1339 2856 oculus
1360 2821 1464 2866 vidit,
1498 2835 1565 2859 nee
1586 2835 1653 2859 au·
1673 2830 1777 2857 Lcor.
1790 2830 1816 2863 2,
1831 2830 1858 2856 9.

118 2887 173 2922 ris
205 2888 368 2934 audivit,
413 2901 480 2925 nee
508 2889 545 2925 in
578 2901 645 2926 eor
674 2889 831 2927 hominis
860 2889 1126 2933 ascenderunt,
1169 2900 1263 2938 quae
1294 2892 1538 2939 praeparavit
1564 2891 1654 2928 deus

119 2954 360 3003 diligentibus
382 2959 450 2993 se?
508 2953 659 2995 Nostra
682 2955 801 3010 igitur
828 2954 1066 2997 resurrectio
1091 2953 1150 2994 dei
1176 2962 1235 2996 est
1261 2968 1332 3009 ope
1356 2969 1400 2996 ac
1424 2956 1568 2998 virtute
1596 2959 1653 2998 su-

122 3026 230 3071 tura,
264 3023 497 3077 generisque
518 3023 715 3064 hominum
741 3024 890 3075 omnis,
924 3030 1001 3064 tam
1024 3023 1215 3064 iustorum
1240 3023 1423 3066 videlieet
1451 3039 1563 3080 quam
1595 3025 1653 3066 in-
