2066 3319
552 176 732 208 naman
756 176 839 208 ΜΒ.
863 177 902 208 11.
927 176 1034 209 Toni.
1055 178 1076 209 t.
1104 177 1233 210 naen.
1254 177 1376 209 LXtv.
1658 169 1738 211 263

198 270 241 297 se
270 258 388 304 ferat,
422 255 532 309 lyrae
564 255 762 295 cuiusdam
796 256 942 305 instar,
978 270 1053 295 non
1083 256 1338 297 abhorrentes
1372 265 1487 312 atque
1519 257 1735 299 discordes.

198 322 349 378 Quippe
385 323 431 362 ad
469 323 528 373 id,
564 331 605 363 ut
632 336 770 363 revera
798 330 996 377 compotes
1031 324 1174 374 siuins,
1218 340 1293 365 non
1329 333 1366 365 ut
1399 340 1486 367 esse
1519 325 1734 376 videamur,

196 391 298 431 omni
324 397 384 431 cst
402 390 513 431 nobis
534 391 648 430 animi
672 390 923 430 contentione
947 392 1108 431 colenda
1129 393 1290 443 iustitia,
1325 401 1365 433 ut
1390 409 1463 434 nou
1490 394 1608 434 vetuti
1631 394 1736 435 clau-

195 459 358 500 dicando
395 458 610 513 sapientiae
647 460 813 500 studium
855 474 1129 513 capessamus,
1173 474 1297 514 neque
1334 462 1378 500 ad
1419 462 1581 515 gloriam
1615 462 1737 517 magis

193 541 304 583 quam
337 527 382 567 ad
418 527 622 567 veritatem
648 527 866 578 enitantur,
901 535 966 567 aut
1001 529 1079 577 sic,
1115 536 1293 582 tanquam
1328 529 1512 569 eximiam
1545 531 1736 583 quandam

194 595 331 636 faciem
364 601 402 634 et
432 594 585 635 inanem
622 595 791 650 speciem
822 596 1082 646 obducamuS,
1123 609 1353 650 omnemque
1383 596 1640 639 simulationis
1672 613 1735 639 or-

192 670 322 704 natum
354 670 655 717 apparatumque
688 663 911 704 subeamus.

304 729 407 773 Sunt
431 731 530 770 enim
556 732 745 786 prolecto,
780 738 868 771 sunt
891 731 953 785 qui
978 730 1166 771 orationis
1190 731 1374 784 tragicam
1395 732 1438 771 ad
1466 747 1639 788 pompam
1664 748 1734 776 cx-

191 807 351 842 ornatae
376 799 538 839 artificio
563 813 652 839 sese
681 800 904 849 venditant,
940 799 991 838 uti
1019 798 1201 840 mulieres
1228 800 1354 839 lacere
1379 800 1529 852 solent,
1564 817 1661 856 qnae
1687 805 1733 844 ad

188 868 423 910 illiciendum
456 882 499 908 ac
526 867 793 922 decipiendum
819 875 1026 907 externum
1053 867 1228 922 corporis
1257 867 1399 908 cultum
1429 882 1473 907 ac
1500 869 1731 911 lenocinium

187 936 396 986 adhibent,
431 935 502 975 nisi
535 949 682 976 summa
703 950 787 974 cum
814 935 930 975 animi
956 935 1159 985 cautione,
1194 935 1265 975 lide
1291 950 1336 975 ac
1360 936 1574 977 sobrietate
1599 939 1733 979 muniti

187 1006 233 1046 ad
264 1005 349 1046 illas
380 1004 651 1044 adolescentes
684 1003 818 1044 oculos
857 1003 1053 1043 adiiciant.
1119 1001 1314 1056 Quocirca
1351 1004 1559 1058 diligenter
1589 1019 1732 1046 caven-

187 1075 274 1114 dum
299 1080 451 1122 estne,
487 1079 692 1125 antequam
720 1078 837 1112 totam
865 1086 944 1112 rem
977 1079 1159 1111 accurate
1194 1072 1507 1127 perceperimus,
1542 1074 1732 1115 eiusmodi

186 1155 390 1182 sermones
425 1142 471 1181 ad
506 1140 656 1180 animos
693 1147 849 1180 nostros
882 1141 1164 1181 adhaerescere
1199 1140 1404 1194 patiamur.
1468 1138 1597 1196 Saepe
1628 1142 1730 1183 enim

185 1210 324 1251 accidit
349 1216 389 1250 ut
415 1210 644 1264 deceptores
671 1209 870 1249 doctorum
900 1222 1055 1264 operam
1088 1216 1353 1250 antevertant.
1415 1208 1508 1250 Non
1541 1211 1656 1251 aliter
1685 1225 1730 1252 ac

185 1276 348 1320 Sirenes
373 1278 638 1318 crudelitatem
664 1291 773 1316 suam
796 1284 834 1316 et
860 1277 898 1317 in
921 1276 1097 1317 homines
1122 1278 1249 1318 odium
1284 1278 1332 1318 iis
1363 1277 1425 1333 qui
1457 1293 1545 1319 sese
1580 1279 1731 1334 fugiunt

183 1347 377 1388 suavitate
400 1346 508 1386 vocis
531 1345 741 1386 occultant.
794 1343 907 1398 Quod
931 1345 1005 1385 nisi
1029 1346 1081 1386 ita
1104 1353 1179 1396 est,
1210 1346 1381 1400 inquam,
1406 1347 1601 1397 Auxenti,
1631 1362 1729 1402 quae

185 1423 247 1456 tua
272 1423 333 1456 est
357 1415 402 1454 dc
429 1429 472 1454 ea
499 1428 540 1454 re
575 1413 796 1454 sententia?
857 1412 1004 1454 Eadem
1031 1428 1129 1468 quae
1157 1421 1242 1465 tua,
1278 1416 1494 1470 respondit.
1557 1414 1729 1457 Proinde

183 1483 404 1524 contrariae
433 1482 626 1537 opinionis
652 1481 843 1536 sophistas
868 1496 1004 1522 omnes
1028 1483 1325 1523 simulacrorum
1353 1484 1530 1524 veritatis
1563 1485 1729 1525 imitato-

183 1565 246 1592 res
271 1565 359 1592 esse
392 1551 578 1599 dicimus,
612 1564 657 1590 ac
682 1550 859 1590 veritatis
888 1550 1008 1606 ipsius
1034 1550 1215 1605 ignaros,
1251 1552 1465 1592 cuiusmodi
1490 1559 1581 1592 sunt
1606 1553 1727 1608 picto·

182 1633 262 1660 res.
324 1618 427 1659 Nam
453 1626 491 1659 et
513 1619 575 1659 isti
602 1619 756 1659 navium
779 1619 1015 1660 architectos
1039 1626 1078 1659 et
1100 1633 1221 1660 naves
1246 1619 1349 1674 ipsas
1375 1634 1420 1661 ac
1442 1621 1727 1675 gubernatores

182 1687 405 1743 exprimere
431 1688 616 1728 imitando
649 1687 830 1738 student,
865 1702 950 1727 cum
978 1688 1287 1728 sahricandarum
1322 1689 1475 1729 navium
1506 1689 1726 1743 gubernan—

182 1756 294 1811 dique
319 1756 395 1796 sint
419 1756 601 1811 imperiti.
669 1754 792 1796 Visne
814 1755 947 1810 igitur,
983 1763 1024 1796 nt
1045 1755 1195 1797 abrasis
1223 1756 1419 1797 coloribus
1446 1757 1575 1812 pneris
1603 1758 1725 1812 pictu-

182 1838 311 1865 rarum
337 1825 487 1865 illarum
514 1825 769 1865 admiratione
794 1825 932 1865 dclixis
957 1825 1285 1880 persuadeamus,
1321 1839 1446 1879 neque
1470 1839 1608 1866 navem
1636 1840 1725 1867 esse

182 1907 280 1948 quae
317 1893 428 1933 navis
455 1893 631 1943 videtur,
668 1907 792 1947 neque
821 1892 1122 1947 gubernatorem
1160 1894 1221 1947 qui
1255 1893 1495 1948 gubernator
1525 1902 1722 1949 appareat,

179 1961 246 2002 sed
273 1961 458 2015 parietem
483 1975 572 2001 esse
596 1961 755 2016 picturis
777 1976 822 2001 ac
845 1961 1039 2002 coloribus
1062 1961 1312 2002 extrinsecus
1334 1963 1376 2002 ad
1402 1963 1637 2018 voluptatem
1662 1977 1725 2003 or-

180 2030 338 2070 natum?
399 2028 511 2083 Quod
536 2037 688 2079 autem,
723 2030 865 2084 optime
890 2030 971 2080 vir,
1006 2030 1184 2085 inquam,
1219 2031 1417 2072 simulacri
1440 2033 1633 2071 duntaxat
1656 2046 1724 2072 na—

180 2098 239 2138 vis
270 2112 315 2138 ac
340 2098 635 2152 gubernatoris,
670 2113 745 2139 non
773 2098 883 2139 navis
909 2099 1054 2153 ipsius,
1087 2100 1304 2140 imitatores
1329 2100 1407 2139 sint
1438 2098 1501 2154 qui
1534 2099 1724 2140 eiusmodi

179 2179 297 2221 opera
325 2167 496 2206 colorum
521 2167 710 2207 varietate
738 2166 950 2217 linxerunt,
984 2168 1139 2222 longum
1169 2175 1228 2208 est
1250 2168 1403 2222 quidem
1428 2169 1474 2208 iis
1503 2167 1565 2222 qni
1589 2168 1724 2208 audire

180 2233 338 2290 cupiunt
362 2235 584 2285 exordium,
619 2236 686 2275 sed
709 2242 835 2275 tamen
863 2235 971 2276 utile.
1034 2235 1189 2276 Etenim
1215 2237 1247 2277 si
1272 2237 1487 2277 divinarum
1515 2237 1724 2292 scriptura-

178 2317 261 2344 rum
293 2303 437 2354 verba,
480 2304 618 2358 quibus
653 2303 873 2358 opinionem
907 2318 1016 2345 suam
1053 2306 1098 2345 ad
1132 2305 1365 2346 illudendum
1402 2312 1580 2359 tanquam
1614 2305 1723 2345 vario

179 2371 350 2412 colorum
389 2386 535 2426 genere
571 2372 836 2426 distinguunt,
879 2387 923 2413 ac
954 2373 1139 2414 iustitiam
1177 2374 1458 2429 veritatemque
1490 2381 1724 2427 arroganter

179 2440 400 2491 nominant,
435 2440 606 2481 iustitiae
640 2441 793 2495 penitus
825 2441 971 2495 ignari,
1006 2443 1074 2483 sed
1104 2443 1137 2482 si
1167 2442 1251 2497 quis
1280 2443 1341 2482 illa
1374 2441 1574 2492 detrahat,
1609 2457 1721 2497 quam

180 2515 217 2549 tn
247 2509 431 2549 ridiculos
461 2510 543 2549 l'ore
572 2509 659 2549 illos
694 2509 898 2550 existimas
932 2510 1150 2551 istiusmodi
1184 2511 1383 2551 vocabulis
1418 2512 1585 2551 exutos?
1643 2509 1722 2552 Mi-

178 2591 260 2618 rum
296 2577 333 2618 in
364 2578 542 2627 modum,
587 2577 725 2632 inquit.
790 2577 891 2619 Tum
928 2593 1026 2634 ego,
1060 2579 1165 2621 Num
1201 2588 1239 2620 tu
1271 2580 1356 2620 viae
1390 2579 1490 2620 illius
1523 2580 1602 2620 dux
1634 2594 1721 2621 esse

177 2675 354 2721 Αὗξέντιε,
391 2679 475 2723 ἔφη-ι
498 2678 587 2722 ἐγώ,
626 2679 678 2714 σοὶ
698 2681 805 2714 ταῦτα
835 2680 925 2715 riis·
971 2684 1136 2723 stinctum,
1171 2684 1224 2714 sed
1248 2685 1496 2722 interroqotionis
1519 2687 1624 2716 notam
1655 2688 1723 2724 post

179 2729 275 2764 σξακ
311 2728 393 2767 quod
415 2728 578 2758 emendavi
607 2729 729 2766 signum
756 2729 926 2767 interroya—
974 2727 1033 2761 καὶ
1057 2725 1093 2761 ου’
1117 2728 1228 2761 πλείου
1258 2729 1415 2768 figendam
1446 2731 1517 2761 bene
1549 2731 1723 2762 observavit

177 2773 267 2803 tionis
296 2776 364 2812 post
398 2768 550 2811 Αὖξέντιε
586 2772 783 2812 collocando,
820 2769 926 2806 ταύτὰ
976 2775 1149 2805 Gazakerus
1173 2776 1192 2804 l.
1216 2776 1234 2804 t.

175 2818 379 2849 rescribendo.
427 2819 574 2849 Petam-ius
599 2819 775 2857 suspicatus
802 2822 845 2850 est
873 2820 926 2850 de·
1024 2820 1072 2850 10.
1096 2819 1145 2861 τῷ
1170 2821 1312 2858 rescripsi
1341 2829 1398 2859 pro
1428 2818 1487 2862 τὸ,
1523 2822 1606 2861 quod
1629 2823 1721 2860 vulqo

177 2871 239 2893 esse
264 2864 394 2902 aliquid.
973 2868 1077 2903 extat,
1119 2865 1265 2895 Gotaheri
1297 2867 1454 2904 inqenium
1481 2870 1610 2898 seculus.
1668 2869 1722 2898 Est

223 2907 253 2940 Τ.
279 2903 472 2948 ἀπεκρίνετο
497 2910 562 2940 cod.
588 2910 688 2940 t'enet.
974 2912 1053 2941 enim
1087 2911 1282 2948 proverbium
1311 2909 1449 2952 Μακρὸν
1483 2909 1520 2944 τὸ
1553 2911 1718 2953 προοίμιον

222 2955 253 2983 δ’.
279 2949 316 2985 οὗ
342 2954 408 2985 cod.
435 2955 534 2986 Venel.
973 2954 1021 2995 τῷ
1044 2953 1255 2996 {assuebat
1271 2951 1427 2997 οἰκοῦσαι,
1451 2958 1533 2997 quod
1553 2958 1647 2989 habes
1666 2967 1718 2997 ⁰1)-

223 2996 255 3029 9.
284 2999 380 3038 Vulgo
410 3003 479 3038 post.
510 2998 766 3042 κεκοσμημένος
802 3003 843 3032 est
877 3001 926 3031 di·
974 3001 1134 3032 Platonem
1159 3002 1248 3032 Pom.
1274 3003 1325 3032 lib.
1348 3003 1401 3042 11⁷,
1425 3002 1457 3035 9.
1479 3013 1512 3043 p.
1532 3003 1610 3035 452.

1761 736 1838 775 Cap.
1858 736 1940 769 XX.

1783 782 1908 824 (xta.)
