2030 3324
508 191 687 223 PANARn
716 191 796 222 [ΑΒ.
816 192 856 224 n.
880 192 988 223 Tou.
1011 193 1049 223 u.
1077 192 1204 223 natan.
1228 192 1380 223 vant.
1634 182 1714 221 579

161 271 304 325 Neque
331 270 432 310 enim
463 270 682 310 consistere
706 269 852 319 Arius,
888 278 954 310 aut
982 271 1156 311 fiduciam
1185 271 1296 310 ullam
1323 270 1490 320 habere,
1526 270 1715 325 potuisset

163 339 236 380 nisi
261 352 345 379 eam
374 345 480 378 esset
506 338 753 378 occasionem
789 344 924 378 nactus
950 352 1047 391 quam
1075 338 1279 392 pessimam
1317 339 1419 378 inter
1450 339 1535 378 illos
1569 339 1614 378 ad
1649 338 1716 378 ho-

162 407 339 447 diernum
369 419 490 459 usque
517 406 616 445 diem
647 406 894 446 concordiam
923 405 1117 446 devinxit.
1182 404 1383 459 Siquidem
1408 405 1612 446 Melctiani
1638 407 1717 446 siu-

163 474 242 515 ceri
267 474 463 528 quondam
494 473 658 527 fideique
687 474 926 514 tenacissimi
952 488 1037 513 cum
1061 474 1220 513 Arianis
1246 474 1437 513 commisti
1462 482 1552 514 suut
1577 481 1615 514 ct
1641 474 1719 528 ple-

161 542 274 596 rique
308 542 402 582 l'alsa
428 541 514 582 Arii
540 541 714 582 doctrina
741 542 995 582 contaminati
1029 555 1049 582 a
1076 548 1181 581 recta
1208 541 1280 580 lide
1308 541 1378 581 ltoc
1406 549 1579 596 tempore
1605 543 1720 595 dege-

163 617 374 660 nerarunt,
423 609 597 649 nonnulli
631 624 725 649 vero
752 611 822 650 etsi
847 617 1075 649 constanter
1100 609 1137 647 in
1161 622 1206 648 ca
1232 617 1561 662 perseverarunt,
1598 610 1644 649 oli
1677 610 1720 649 il-

162 678 235 718 lam
260 685 388 718 tamen
412 692 496 717 cum
523 677 621 717 Ario
650 678 890 731 Arianisque
914 678 1143 717 societatem
1170 676 1206 715 in
1230 690 1354 717 coeno
1378 677 1441 716 illo
1469 692 1514 717 ac
1536 677 1718 717 sordibus

161 746 386 786 haeserunt.
452 744 561 786 llaec
597 745 666 785 l'uit
699 753 854 786 mutuae
888 746 990 785 inter
1008 743 1248 785 Melctianos
1281 752 1318 784 et
1348 745 1521 785 Arianos
1554 745 1719 785 coniun-

161 812 301 854 ctionis
337 815 509 855 occasio.

277 947 463 990 Ceterum
490 950 597 990 brevi
632 949 839 989 interiecto
872 956 1047 1003 tempore
1082 950 1174 1002 (iam
1200 949 1300 989 enim
1329 949 1380 989 uti
1410 950 1603 1003 pollicitus
1635 963 1719 990 sum

163 1018 399 1058 narrationis
434 1017 576 1058 seriem
613 1018 834 1072 pertexam)
874 1032 959 1057 eum
997 1017 1230 1057 Alexander
1263 1015 1722 1072 Constantinopolitanus

160 1085 366 1140 episcopus
391 1085 530 1126 Arium
568 1086 613 1125 ad
648 1085 961 1125 communionem
991 1085 1197 1125 admittere
1230 1093 1390 1126 coactus
1425 1087 1470 1125 ad
1507 1100 1645 1140 preces
1681 1094 1719 1126 et

161 1153 330 1208 suspiria
355 1153 622 1207 confugisset,
667 1153 781 1193 flexis
814 1153 919 1193 circa
949 1153 1082 1193 horam
1119 1167 1259 1193 nonam
1288 1154 1439 1194 sabbati
1470 1161 1560 1194 ante
1597 1154 1721 1194 altare

158 1220 362 1275 genibus,
381 1222 481 1275 quod
511 1220 707 1262 Eusebius
731 1220 784 1261 ita
805 1221 1064 1261 comminatus
1091 1229 1218 1261 esset:
1268 1220 1358 1262 Nisi
1390 1229 1529 1277 sponte
1555 1222 1592 1262 in
1616 1237 1722 1262 com-

162 1289 384 1329 munionem
414 1289 519 1329 illum
553 1289 729 1343 recipere
753 1289 950 1340 volueris,
985 1290 1159 1330 erastino
1185 1290 1246 1329 die
1272 1298 1308 1331 te
1337 1290 1454 1330 etiam
1487 1290 1610 1330 invito
1643 1304 1723 1331 me-

161 1372 246 1398 cum
277 1357 518 1412 ingredietur
553 1357 744 1410 (instabat
777 1365 904 1398 autem
942 1358 1159 1398 dominicus
1192 1358 1317 1411 dies),
1367 1373 1488 1413 quare
1516 1373 1602 1399 cum
1626 1359 1722 1400 Ale-

160 1426 336 1475 xander,
381 1432 421 1466 ut
452 1425 646 1476 diximus,
683 1425 848 1466 orationi
873 1440 917 1465 se
938 1425 1133 1476 dedisset,
1169 1433 1207 1466 et
1234 1440 1255 1466 a
1283 1427 1439 1467 domino
1465 1428 1631 1482 supplex
1657 1441 1722 1482 pe-

163 1501 287 1545 teret,
323 1501 363 1534 ut
388 1494 449 1534 vel
476 1508 518 1534 se
547 1508 599 1534 ex
634 1493 703 1533 hac
738 1494 816 1534 vita
844 1494 1022 1544 tolleret,
1067 1508 1115 1534 ne
1142 1494 1252 1544 Arii,
1289 1495 1351 1548 qui
1381 1495 1418 1535 in
1446 1495 1558 1535 deum
1584 1503 1721 1536 contu-

161 1562 348 1602 meliosus
388 1562 535 1612 suerat,
581 1562 813 1616 contagione
852 1562 1115 1616 pollueretur,
1159 1569 1226 1602 aut
1259 1562 1484 1603 inusitatum
1529 1564 1720 1617 quoddam

163 1629 379 1684 prodigium
404 1631 562 1681 ederet,
598 1630 813 1670 cuiusmodi
848 1631 966 1670 certis
995 1631 1235 1685 temporibus
1268 1632 1422 1671 cllicere
1447 1632 1570 1682 solet,
1606 1632 1719 1686 paulo

162 1705 249 1752 post
271 1698 394 1737 saneti
422 1698 494 1738 viri
521 1699 620 1752 quod
646 1698 803 1739 volebat
826 1698 1048 1752 impetravit
1073 1699 1214 1738 oratio.
1259 1699 1380 1739 Arius
1405 1700 1506 1740 enim
1535 1700 1580 1740 de
1606 1707 1720 1740 nocte

163 1766 318 1807 levandi
344 1766 494 1807 ventris
518 1767 643 1820 gratia
668 1767 712 1806 ad
739 1766 874 1806 cellam
898 1766 1062 1806 veniens
1086 1767 1237 1821 crepuit
1261 1768 1583 1822 quemadmodum
1608 1767 1722 1809 ludas

164 1835 253 1876 olim
289 1835 484 1890 proditor,
520 1842 558 1875 et
588 1835 626 1875 in
659 1835 811 1890 impuro
843 1835 908 1875 illo
933 1848 978 1875 ac
1004 1835 1148 1875 foetido
1174 1835 1261 1875 loco
1287 1836 1400 1876 linem
1427 1837 1582 1878 vivendi
1613 1836 1717 1877 fecit.

279 1970 503 2013 Secundum
533 1972 627 2011 haec
653 1971 701 2012 ab
728 1972 812 2012 eius
834 1971 1033 2026 discipulis
1061 1972 1302 2013 fraudulenta
1339 1973 1405 2014 illa
1436 1980 1572 2013 contra
1597 1973 1723 2014 ecele—
1751 1971 1830 2016 cap.
1856 1973 1929 2005 Wl-

165 2040 261 2080 siam
286 2040 380 2080 inita
407 2040 570 2080 consilia
595 2047 699 2079 sunt.
746 2040 979 2080 Alexander
1000 2054 1096 2081 vero
1114 2041 1385 2081 Alexandriae
1408 2042 1615 2097 episcopus
1638 2050 1725 2097 post

164 2106 361 2149 Nicenam
391 2108 583 2164 synodum
611 2107 728 2158 obiit,
772 2108 936 2148 absente
963 2115 1049 2163 post
1073 2108 1162 2149 Arii
1193 2117 1355 2150 mortem
1384 2110 1627 2162 Athanasio,
1662 2111 1725 2164 qui

166 2177 354 2218 diaconus
383 2191 452 2232 per
472 2176 564 2216 illud
591 2183 742 2231 tempus
773 2175 974 2216 ordinatus
994 2176 1041 2216 ab
1065 2176 1311 2230 Alexandro,
1347 2179 1392 2219 ab
1421 2180 1556 2219 eodem
1579 2179 1722 2219 missus

167 2246 214 2286 ad
237 2246 459 2286 comitatum
489 2245 629 2285 suerat.
677 2242 855 2298 Cumque
882 2244 1054 2285 moriens
1072 2244 1306 2287 Alexander
1332 2247 1475 2288 nullum
1502 2248 1616 2288 alium
1643 2248 1723 2287 suf-

166 2314 226 2354 fici
255 2314 328 2354 sibi
363 2320 519 2368 praeter
545 2313 804 2353 Athanasium
838 2313 1086 2364 mandasset,
1135 2321 1174 2354 nt
1204 2323 1279 2355 tam
1309 2316 1389 2370 ipse
1425 2330 1539 2370 quam
1572 2315 1721 2366 clerici,

167 2390 206 2422 et
227 2383 411 2423 universa
445 2381 542 2421 adeo
575 2381 742 2421 ecclesia
774 2381 1079 2433 testificabatur,
1123 2380 1328 2423 Meletiani
1354 2383 1525 2438 Aegypti
1552 2383 1724 2438 episcopi

168 2450 414 2490 occasionem
448 2449 548 2489 nacti
589 2451 697 2502 (nam
724 2449 968 2490 Alexandria
1000 2464 1195 2504 nunquam
1230 2459 1270 2491 ut
1295 2452 1394 2492 aliae
1418 2451 1597 2492 civitates
1629 2452 1725 2492 duos

167 2518 372 2573 episcopos
407 2517 579 2569 habuit),
623 2532 708 2558 cum
733 2517 1028 2558 Alexandrinus
1062 2517 1269 2574 episcopus
1303 2520 1481 2570 abesset,
1519 2518 1724 2560 Theouam

217 2689 267 2722 13.
293 2686 470 2723 ἐλεύσεται
489 2690 557 2720 cod.
580 2690 710 2729 Rhediy.
971 2692 1187 2730 scriptiquam
1207 2691 1290 2722 editi.
1306 2709 1348 2713 —
1385 2692 1429 2722 De
1450 2692 1556 2722 vocab.
1574 2687 1726 2731 συσκευῆ

218 2734 266 2767 14.
293 2731 419 2775 ἀπᾶραι
443 2736 617 2773 suspicatus
637 2738 679 2766 est
699 2736 755 2766 Ios.
772 2736 923 2775 Scaliger.
971 2737 1009 2775 cs.
1030 2737 1113 2776 infra
1137 2733 1300 2776 payff'ld.
1322 2739 1348 2766 e!
1375 2734 1495 2775 p.7·.16.
1510 2760 1519 2775 ,
1544 2738 1614 2768 item
1639 2737 1725 2767 haer.

219 2781 267 2812 15.
294 2777 443 2821 ἐλάκησε
467 2780 534 2810 cod.
560 2781 618 2811 len.
668 2778 833 2822 ἐλάκησεν
856 2781 923 2812 cod.
971 2780 1027 2819 69,
1052 2782 1083 2813 9.
1107 2791 1137 2820 p.
1153 2780 1227 2814 734.

171 2826 302 2866 Rhedig.
351 2822 489 2858 ἐλάκισε
513 2825 586 2855 editi
608 2827 687 2856 libri.
1017 2829 1047 2858 ζ’.
1075 2825 1264 2867 κομητοὶτον
1289 2827 1336 2857 hic
1362 2827 1432 2857 libri
1455 2836 1568 2858 omnes.

217 2870 295 2901 cn.
319 2870 390 2901 Vtt.
405 2888 448 2893 —
480 2873 504 2902 t.
530 2867 621 2911 παρὰ
643 2872 834 2902 coniecerunt
851 2872 924 2902 Cor·
1017 2873 1048 2902 25.
1075 2871 1271 2903 καῖεστώσι
1294 2872 1383 2902 codd.
1406 2881 1477 2903 mss.
1511 2875 1538 2903 et
1558 2873 1603 2903 ed.
1628 2874 1725 2911 princ.

169 2918 279 2948 nardus
298 2919 324 2947 et
345 2917 503 2948 petavius.
550 2917 699 2946 Probauic
721 2917 802 2947 Hase
833 2917 924 2947 1201.
1018 2914 1048 2947 4.
1074 2913 1147 2949 ἀντὶ
1168 2912 1383 2956 Ἀλέξανδρον
1407 2918 1496 2948 codd.
1518 2926 1591 2948 mss.
1622 2921 1648 2947 et
1679 2918 1726 2947 ed.

170 2963 202 2992 in
228 2961 318 2993 Leon.
343 2962 432 2992 Diae.
451 2959 705 3000 Nott.1›.4'oti.,
740 2963 794 3000 qui
818 2962 926 2992 riden-
971 2963 1069 3000 princ.
1120 2959 1204 3002 μετὰ
1236 2957 1451 3002 Ἀλέξανδρον
1485 2964 1542 2994 10³.
1576 2963 1725 3000 Scaliyer.

170 3007 230 3037 dus
251 3007 288 3037 de
309 3007 393 3037 verbi
415 3003 552 3038 καττύω
574 3015 643 3037 usu.
676 3005 753 3047 περὶ
772 3008 842 3037 libri
861 3010 926 3037 lam
974 3002 1047 3039 ἀντὶ
1071 3003 1291 3047 Ἀλεξάνδρου
1316 3007 1363 3038 ed.
1388 3007 1497 3039 Petar.

1348 3063 1450 3104 37*
