2066 3319
442 186 625 219 PANARII
649 187 731 219 LlB.
751 187 791 218 ΙΙ.
814 187 923 219 ΤΟΜ.
946 188 986 219 ΙΙ.
1009 187 1141 219 ΗΑΕΒ.
1162 186 1319 219 LXVlll.
1579 179 1652 216 571

107 265 388 307 xandrinorum
410 266 756 320 archiepiscorum,
791 272 831 306 ut
852 280 920 320 per
947 273 1064 306 totam
1091 267 1313 322 Aegyptum
1335 281 1379 307 ac
1399 265 1656 315 Thebaidem,

108 331 387 383 Mareotidem,
422 332 605 389 Lybiam,
640 333 954 384 Ammoniacam,
984 333 1241 374 Mareotidem
1265 342 1303 374 et
1326 333 1571 388 Pentapolim
1597 347 1659 373 ec-

108 400 327 441 clesiastica
354 401 510 455 negotia
537 401 825 441 administrent.
888 400 997 455 Ergo
1025 416 1160 442 omnes
1187 402 1238 442 illi
1265 403 1312 442 ob
1337 400 1484 442 Christi
1519 414 1658 441 nomen

107 468 145 508 in
172 468 385 508 custodiam
411 468 488 509 dati
516 469 578 509 diu
604 469 640 508 in
662 469 828 509 vinculis
854 470 998 509 detenti
1021 478 1133 520 snut,
1168 477 1258 509 ante
1279 484 1375 523 qnos
1399 469 1571 509 nonnulli
1596 483 1659 508 ea-

106 535 191 576 dem
218 536 265 576 de
289 549 428 576 caussa
463 537 580 577 vincti
614 537 841 591 martyrium
876 537 1078 587 obierunt,
1114 552 1158 578 ac
1184 537 1395 591 praemium
1420 545 1544 577 morte
1567 552 1659 577 con-

106 603 229 644 secuti
263 611 374 655 sunt,
410 618 495 644 cum
529 605 683 644 interim
717 604 778 645 isti
814 612 993 659 tanquam
1019 605 1189 659 primarii
1218 619 1262 645 ac
1290 605 1597 658 praestantiores
1620 605 1657 645 in

106 677 306 725 posterum
340 672 533 712 reservati
567 680 715 713 essent.

219 804 396 861 Cumque
432 808 606 848 nonnulli
641 810 869 863 martyrium
908 808 1073 848 l'elieiter
1101 808 1337 859 subiissent,
1381 808 1444 849 alii
1484 822 1578 848 vero
1611 809 1656 849 ab

104 874 242 916 eodem
266 875 524 925 excidissent,
560 883 599 916 et
622 876 808 916 nefariam
835 876 1025 916 idolorum
1047 877 1364 931 superstitionem
1390 876 1655 925 admisissent,

104 943 202 984 adeo
232 950 274 983 ut
307 944 342 984 vi
370 958 413 984 ac
441 944 678 984 necessitate
713 944 1005 994 sacrificarent,
1040 944 1156 984 iidem
1191 952 1277 999 post
1301 945 1447 999 lapsum
1474 951 1512 984 et
1538 945 1658 984 sacri-

104 1011 188 1051 ficia
219 1011 265 1051 ad
291 1012 543 1052 consessores
576 1019 614 1052 et
650 1018 844 1067 martyres
868 1020 1146 1062 accesserunt,
1183 1020 1222 1052 ut
1245 1012 1485 1066 poenitentia
1506 1012 1658 1052 miseri-

104 1078 274 1119 cordiam
303 1079 542 1119 obtinerent.
608 1078 784 1133 Quorum
812 1080 875 1120 alii
899 1080 1040 1120 milites
1063 1088 1197 1130 erant,
1232 1080 1294 1120 alii
1325 1094 1375 1120 ex
1400 1080 1521 1120 variis
1546 1079 1660 1120 cleri-

103 1161 236 1188 corum
264 1146 483 1199 ordinibus,
519 1147 778 1202 presbyteris,
813 1147 1003 1198 diaconis,
1039 1162 1084 1188 ac
1107 1148 1266 1202 reliquis
1288 1148 1389 1188 aliis.
1454 1147 1554 1188 Hinc
1582 1162 1658 1187 non

103 1215 258 1255 minima
290 1215 393 1255 inter
418 1222 613 1270 martyres
645 1216 854 1256 commotio
887 1230 931 1255 ae
964 1216 1159 1257 dissensio
1195 1223 1255 1256 est
1282 1223 1445 1267 exorta,
1481 1216 1659 1270 neganti-

103 1283 174 1323 bus
196 1283 280 1323 aliis
315 1296 383 1323 eos
418 1284 481 1337 qni
507 1284 628 1324 semel
663 1284 760 1338 lapsi
796 1291 927 1324 essent
953 1298 998 1324 ac
1028 1282 1227 1325 Christum
1259 1284 1543 1338 abnegassent,
1587 1299 1657 1325 nec

104 1351 367 1391 fortitudinem
393 1366 436 1391 ac
462 1352 719 1392 constantiam
748 1351 1004 1392 retinuissent
1033 1359 1100 1393 aut.
1123 1360 1321 1393 certamen
1348 1352 1560 1403 obiissent,
1596 1366 1658 1393 re-

103 1418 305 1474 cipiendos
337 1419 383 1458 ad
406 1419 684 1474 poenitentiam
709 1433 821 1470 esse,
856 1433 903 1459 ne
932 1421 1030 1460 sorte
1056 1420 1193 1474 reliqui
1227 1421 1275 1460 ob
1307 1420 1511 1460 celerrime
1537 1421 1656 1475 impe-

104 1493 243 1527 tratam
272 1486 319 1527 ab
344 1486 392 1527 iis
417 1487 698 1541 indulgentiam
729 1487 879 1528 minore
909 1502 1119 1542 poenarum
1153 1495 1257 1528 metu
1282 1487 1404 1543 abripi
1434 1502 1522 1529 sese
1549 1496 1656 1544 pate-

102 1561 261 1606 rentur,
296 1569 340 1595 ac
364 1556 477 1595 deum
503 1563 716 1609 negarent,
761 1556 1073 1610 execrandisqne
1107 1571 1149 1596 se
1179 1556 1379 1610 gentilium
1420 1557 1542 1596 sacris
1575 1557 1655 1611 pol-

102 1622 272 1663 luerent.
318 1622 369 1663 Et
392 1631 478 1664 erat
507 1624 607 1678 quod
632 1624 678 1664 ab
701 1624 890 1664 eiusmodi
919 1624 1213 1665 confessoribus
1238 1624 1438 1665 dicebatur
1458 1639 1480 1665 a
1504 1625 1655 1665 ratione

102 1704 179 1731 nou
205 1690 389 1731 alienum.
455 1690 503 1731 Hi
531 1699 641 1732 erant
666 1690 853 1732 Meletins
878 1699 917 1732 ct
937 1690 1104 1742 Peleus,
1140 1692 1280 1747 aliique
1307 1693 1527 1747 complures
1554 1708 1655 1734 mar-

102 1765 210 1814 tyres
237 1765 276 1798 et
308 1760 582 1810 confessores,
617 1774 713 1813 qnos
744 1760 861 1799 divini
889 1759 1050 1801 honoris
1075 1761 1203 1800 studio
1239 1775 1283 1801 ac
1315 1762 1402 1801 zelo
1440 1761 1654 1802 inflamma-

101 1833 184 1877 tos,
219 1840 306 1867 cum
333 1827 428 1868 haec
461 1827 659 1878 dicerent,
706 1827 826 1868 l'uisse
860 1842 936 1868 non
973 1828 1127 1868 dubium
1165 1836 1241 1869 est.
1304 1830 1503 1871 Auctores
1536 1845 1652 1885 porro

100 1894 214 1935 iidem
240 1903 375 1947 erant,
410 1903 450 1936 ut
477 1896 690 1936 secundum
719 1896 1055 1950 persecutionem,
1091 1904 1178 1951 post
1204 1897 1346 1937 iustum
1371 1898 1523 1952 aliquod
1558 1906 1654 1939 tem-

100 1961 204 2017 poris
227 1964 417 2018 spatium,
452 1978 546 2018 pace
574 1964 809 2015 constituta,
845 1963 1107 2018 poeniteutiae
1132 1965 1207 2005 illis
1233 1965 1342 2005 locus
1366 1965 1651 2020 indulgeretur,

98 2031 130 2071 si
166 2032 318 2086 quidem
356 2046 449 2073 vere
476 2032 580 2072 illam
616 2040 654 2072 et
682 2046 733 2072 ex
759 2033 887 2072 animo
922 2032 1193 2088 susciperent,
1239 2040 1355 2088 atque
1391 2035 1474 2074 eius
1506 2035 1654 2074 fructus

99 2099 357 2151 exhiberent,
405 2114 476 2140 nec
504 2100 553 2140 ita
584 2107 737 2150 tamen,
784 2107 821 2140 ut
853 2114 873 2140 e
904 2100 1057 2142 clericis
1090 2101 1356 2155 unusquisque
1379 2102 1582 2157 pristinum
1617 2103 1652 2142 in

98 2167 274 2208 ordinem
299 2168 599 2218 restitueretur,
646 2168 712 2208 sed
742 2176 781 2208 ut
808 2175 896 2223 post
924 2168 1078 2223 aliquod
1107 2176 1257 2224 tempus
1291 2170 1336 2210 ad
1368 2170 1574 2210 ecclesiam
1607 2184 1652 2210 ae

98 2236 410 2276 communionem
438 2237 630 2277 admissus
664 2237 702 2276 iu
731 2237 877 2291 reliqna
903 2237 1030 2291 populi
1056 2237 1320 2288 multitudine,
1356 2253 1431 2278 non
1458 2238 1559 2278 inter
1591 2253 1652 2278 re—

97 2303 247 2358 liquos,
282 2310 529 2345 censeretur.
596 2303 770 2358 Eratque
797 2304 891 2346 haec
921 2305 973 2345 uti
1002 2305 1106 2357 dixi,
1141 2320 1161 2346 a
1189 2306 1368 2347 veritatis
1395 2320 1529 2347 amore
1564 2321 1652 2361 pro-

97 2372 225 2422 fecta,
259 2380 298 2412 et
329 2371 450 2413 divini
481 2371 632 2412 ardoris
665 2372 889 2427 plenissima
922 2374 1037 2414 ratio.

214 2437 362 2481 Contra
389 2440 659 2482 sanctissimus
683 2439 848 2493 Petrus,
883 2450 1014 2497 utpote
1040 2443 1233 2497 benignus
1258 2457 1303 2482 ac
1327 2442 1578 2494 misericors,
1613 2451 1650 2483 et,

96 2507 201 2548 velut
225 2509 441 2549 communis
465 2509 634 2549 omnium
661 2523 826 2564 parens,
861 2511 921 2552 his
944 2511 1030 2551 illos
1055 2511 1186 2552 verbis
1208 2510 1463 2551 obsecrabat:
1498 2511 1650 2552 Admit-

97 2582 222 2617 tamus
247 2577 357 2628 illos,
394 2577 703 2631 qnandoquidem
727 2579 874 2632 peccati
909 2592 976 2619 eos
1003 2579 1196 2634 poenitet,
1232 2593 1276 2618 ac
1303 2579 1579 2633 poenitentiam
1606 2580 1649 2619 it-

139 2723 171 2756 5.
197 2719 459 2767 ἄναδεδεγμένοι
483 2725 547 2756 cod.
562 2725 690 2765 Rhediy.
718 2727 770 2758 Sic
792 2727 847 2758 ite·
895 2725 1051 2770 ἔπασχον,
1076 2727 1159 2766 quod
1179 2735 1233 2758 nec
1248 2727 1419 2758 Comarius
1439 2736 1492 2758 nec
1503 2728 1652 2760 Petavius

95 2778 165 2800 rum
186 2770 272 2809 infra
299 2780 367 2809 cap.
389 2768 419 2801 6.
452 2766 752 2812 α’κροδικαιοσύνην
784 2773 848 2812 τῆς
894 2774 1064 2811 exprimere
1089 2775 1247 2802 noverant.

94 2809 260 2855 ἀληθείας
294 2811 564 2857 ἀναδεδεγμένον..
625 2817 746 2855 Reliqui
780 2818 850 2847 libri
940 2816 970 2849 7.
999 2815 1027 2848 εἰ
1052 2811 1117 2857 ἄρα
1142 2819 1184 2847 est
1204 2817 1388 2847 Latinorum
1409 2815 1436 2847 si
1459 2817 1561 2853 sorte,
1588 2828 1647 2857 quo

95 2859 206 2890 habent
235 2856 517 2902 ἀναδεδειγμένοσ..
569 2861 633 2892 Pro
663 2860 764 2902 δῆλον
796 2857 848 2893 ὅτι
896 2863 1106 2892 Tertullianus
1127 2863 1300 2901 frequenter
1322 2865 1363 2892 est
1384 2872 1467 2893 usus.
1493 2864 1572 2894 Hinc
1590 2873 1648 2902 pa-

95 2904 161 2935 cod.
187 2905 315 2944 Rhediy.
340 2906 429 2936 habet
453 2901 617 2946 δηλονότι.
895 2910 932 2937 tet
956 2916 1016 2937 non
1036 2915 1098 2937 esse
1121 2907 1175 2939 δεῖ
1193 2902 1258 2946 ἄρα
1280 2908 1521 2948 rescribendum,
1544 2918 1648 2948 quem-

139 2946 170 2980 6.
197 2950 346 2988 Suspicor
371 2952 588 2990 corrigendum
620 2960 683 2981 esse
708 2948 848 2994 ἐπέσχον
896 2951 1068 2982 admodum
1093 2952 1187 2982 volui!
1211 2952 1268 2983 Ios.
1292 2952 1441 2992 Scaliger.

97 2992 135 3036 (i.
148 3001 172 3024 e.
191 2993 417 3037 obtinebant),
442 2997 490 3028 vel
508 2998 602 3027 etiam
620 2993 779 3038 ἔφασκον,
790 3005 849 3037 pro

1700 811 1777 855 Cap.
1803 813 1840 843 ll.

1678 2455 1757 2499 Cap.
1780 2458 1834 2488 ΙΙΙ.
