2066 3319
485 208 665 240 PANARH
690 208 772 239 ΜΒ.
795 209 834 240 n.
859 209 966 240 Tou.
989 210 1010 240 ι.
1034 209 1165 241 ntur..
1187 210 1306 241 inv.
1587 201 1668 240 299

132 304 201 342 ego
220 289 383 336 sanabo,
418 296 456 326 et
476 303 549 327 non
572 295 631 327 est
656 291 724 340 qm·
745 297 855 327 eruat
874 291 917 327 cle
939 291 1106 328 manibus
1129 293 1238 337 νηοῖς,
1275 303 1372 343 qnae
1397 303 1418 330 a
1445 289 1516 329 deo
1540 290 1669 343 prol'e-

131 364 293 407 runtur,
328 356 414 410 quid
447 355 547 396 alind
583 369 653 395 nos
683 356 845 407 docent,
881 356 953 396 nisi
984 357 1030 397 ob
1064 358 1098 397 id
1133 372 1273 412 corpus
1308 357 1471 397 interfici
1507 356 1690 412 primunr

131 433 245 480 atque
270 425 390 465 emori
419 431 458 464 ut
490 430 625 478 postea
658 431 839 478 resurgat
864 431 976 479 atque
1009 426 1245 466 reviviscat?
1305 425 1529 466 l'ereutitur
1555 425 1673 478 inpri-

134 493 205 534 mis
229 507 274 533 ae
296 492 554 546 confringitur
579 499 618 532 ut
643 492 790 533 salvum
822 492 1004 548 deinceps
1028 495 1298 547 integrumque
1323 495 1523 534 l'ormetur.
1584 492 1672 533 Nee

133 569 189 603 est
216 561 373 601 omnino
397 561 625 615 quiequam,
661 561 759 615 quod
790 561 836 601 ab
871 562 1017 615 ingenti
1045 562 1145 601 illius
1180 562 1344 615 l'ortique
1378 576 1491 601 manu
1525 576 1594 602 nos
1626 562 1670 601 ad

131 630 328 670 interitum
355 643 400 669 ae
426 629 635 684 perniciem
672 629 793 684 possit
826 630 1024 680 eximere,
1060 645 1135 669 non
1165 629 1287 683 ignis,
1324 644 1399 669 non
1435 644 1560 679 morS,
1595 645 1671 670 non

133 698 341 748 tenebrae,
378 712 453 737 non
482 697 622 747 eliaos,
659 712 732 737 non
759 698 972 752 corruptio.
1038 701 1128 748 Quis
1151 701 1245 736 em'm
1273 713 1340 736 nos
1368 700 1577 749 solun-(mil,
1614 699 1671 738 in·
1693 708 1814 741 nome,
1834 708 1875 735 35.

132 766 235 821 quit,
269 781 291 805 α
314 769 474 804 eare‘tale
498 768 668 805 Clanis-ti?
707 780 819 819 quem
855 767 974 820 patris
1001 780 1152 805 manum
1179 780 1222 805 ae
1249 765 1408 805 verbum
1444 766 1674 821 interpreta-

133 822 242 875 mlirt
282 836 519 873 Tm‘bnlateb?
549 838 756 885 angustia?
785 842 852 873 aut
866 838 1107 886 perseemc'o?
1136 842 1203 873 (ml
1225 835 1374 886 fames?
1403 843 1469 873 aa!
1493 838 1743 874 nmle‘las?1‘.=.
1767 846 1802 879 u,
1822 845 1864 872 23.

131 911 201 943 aut
226 905 469 955 periculum?
506 911 575 941 ant
595 905 780 954 gladius?
841 906 1147 954 Quemadmodum
1174 906 1354 955 scriplum,
1384 911 1460 950 est,
1498 906 1674 953 Quoniam

128 980 288 1025 propter
314 980 348 1011 te
376 973 649 1023 mortffieamur
679 974 864 1023 quotidie,
900 975 1091 1012 aeslz'malz'
1111 986 1260 1018 sumus,
1294 975 1393 1010 sieut
1416 986 1499 1010 oves
1523 975 1676 1010 occisio-

132 1044 214 1080 m‘s:
248 1043 316 1080 sed
338 1043 375 1079 z'lz
397 1042 455 1079 ln‘s
476 1041 645 1079 omnibns
667 1055 887 1092 superamus
912 1056 983 1092 per
1010 1056 1112 1088 eum,
1147 1044 1215 1092 qui
1233 1055 1300 1079 nos
1325 1042 1473 1079 dilexit.
1541 1038 1675 1080 Veris-

132 1109 230 1149 sime
256 1109 440 1160 omnino,
475 1115 515 1148 ut
539 1109 628 1148 illud
658 1108 887 1163 impleatur,
923 1109 1240 1163 quemadmodum
1270 1108 1461 1148 diximus:
1501 1111 1584 1160 Ego
1615 1123 1676 1147 oe·
1689 1113 1881 1149 neumas).

133 1181 274 1225 eidam,
311 1187 349 1217 et
367 1193 436 1230 ego
461 1181 581 1217 vivere
599 1180 769 1231 fitce'am:
806 1182 1015 1229 perculiam
1041 1187 1079 1217 el‘
1099 1193 1167 1229 ego
1190 1179 1352 1217 sanabo.-
1387 1185 1422 1216 et
1445 1192 1517 1216 mm
1540 1185 1594 1215 est
1617 1181 1685 1229 (μα’

133 1254 243 1286 eruat
263 1262 330 1286 7103
356 1263 404 1286 etz·
429 1250 588 1286 caritate
612 1249 692 1294 «lei,
729 1261 823 1298 qnae
846 1255 902 1285 es!
928 1251 964 1286 ite
990 1250 1138 1286 Christo
1159 1250 1265 1294 Iesu,
1302 1247 1346 1287 ad
1381 1246 1542 1286 exitium
1573 1246 1680 1285 vide-

133 1316 240 1356 ticet.
304 1314 502 1368 Quocirca
528 1318 718 1354 aeslz'malc‘
733 1330 862 1354 sumus
884 1319 983 1355 sieut
1009 1331 1092 1355 ores
1115 1319 1333 1363 occisionis,
1369 1323 1409 1354 21!
1431 1318 1572 1354 mortui
1592 1330 1679 1366 pee-
1700 1326 1822 1359 noxae,
1841 1326 1883 1352 35.

134 1392 217 1424 cato
241 1388 405 1424 ‘zve'namus
426 1387 505 1423 deo.
557 1382 635 1424 Sed
659 1384 704 1423 de.
730 1383 788 1423 his
811 1383 1014 1424 haetenus
1065 1383 1181 1425 Nune
1207 1398 1305 1438 quae
1331 1384 1388 1424 his
1415 1390 1679 1424 consentanea

135 1453 214 1494 sint
248 1453 347 1493 hune
379 1453 416 1492 in
450 1453 601 1493 modum
636 1453 900 1507 expromenda
933 1460 1037 1493 sunt.
1741 1483 1819 1524 Cap.

252 1519 295 1562 Si
319 1521 355 1560 id
381 1536 494 1561 omne
511 1553 520 1570 ,
555 1521 653 1575 quod
679 1520 851 1574 genitum
878 1529 960 1571 est,
995 1535 1112 1575 aegre
1135 1535 1223 1561 sese
1250 1520 1364 1560 habet
1394 1520 1465 1572 (ita
1489 1519 1589 1559 enim
1613 1520 1884 1584 ad-XssgxxJH.

137 1591 338 1631 versarius
365 1590 538 1642 obiicit),
573 1604 616 1629 ae
645 1597 719 1629 tam
749 1589 785 1629 in
812 1591 1065 1643 generatione
1092 1589 1174 1645 ipsa
1203 1603 1313 1643 quam
1343 1589 1535 1628 nutricatu
1562 1595 1600 1628 et
1633 1588 1679 1628 ab
1708 1574 1872 1617 (xxxi.)

139 1658 415 1700 accedentibus
439 1666 624 1713 augetur,
661 1665 697 1697 et
721 1658 765 1696 ab
791 1659 1066 1698 decedentibus
1095 1659 1301 1708 minuitur,
1336 1671 1434 1711 quae
1462 1665 1589 1697 autem
1614 1657 1682 1696 mi-

139 1727 240 1768 nime
276 1727 513 1782 gignuntur,
549 1726 805 1767 saluberrima
832 1733 944 1777 sunt,
981 1741 1051 1766 nee
1087 1733 1291 1780 aegrotant
1326 1740 1516 1780 unquam,
1558 1740 1682 1780 neque

139 1796 253 1837 ullius
280 1796 336 1835 rei
362 1796 536 1849 indigent
559 1803 624 1835 aut
648 1803 852 1850 appetunt,
891 1809 987 1849 qnae
1019 1803 1146 1835 antem
1172 1794 1303 1848 genita
1329 1801 1442 1845 sunt,
1479 1802 1515 1834 et
1542 1795 1683 1835 coitum

140 1872 180 1905 et
202 1865 427 1904 alimentum
452 1871 658 1919 appetunt,
695 1871 754 1904 est
779 1871 905 1904 autem
931 1872 1113 1919 appetere
1138 1864 1237 1904 idem
1262 1870 1376 1917 atque
1399 1870 1628 1917 aegrotare,
1664 1877 1683 1903 e

139 1933 336 1975 contrario
358 1947 452 1973 vero
477 1932 617 1973 nullius
646 1933 817 1987 indigere
843 1947 914 1972 nee.
939 1940 1121 1988 appetere
1147 1932 1247 1972 idem
1273 1938 1333 1971 est
1354 1946 1397 1971 ae
1419 1946 1553 1972 sanum
1579 1946 1682 1982 esse,

139 2009 345 2056 aegrotant
368 2016 484 2056 porro
507 2015 771 2056 quaecumque
794 2009 881 2041 nata
901 2009 1006 2052 sunt,
1035 2001 1123 2055 quia
1146 2000 1440 2055 concupiscunt,
1470 2015 1567 2054 quae
1589 2015 1684 2041 vero

138 2071 296 2112 minime
323 2078 411 2110 nata
436 2077 548 2119 sunt,
585 2085 659 2109 non
684 2077 913 2123 aegrotant,
949 2069 1023 2109 iam
1045 2084 1139 2110 vero
1164 2083 1428 2124 quaecumque
1453 2083 1571 2123 aegra
1596 2076 1683 2110 sunt

140 2154 275 2180 eorum
311 2153 408 2193 quae
445 2139 634 2179 accedunt
670 2139 910 2178 decednntve
946 2139 1055 2193 eopia
1085 2139 1145 2179 vel
1178 2138 1307 2193 inopia
1340 2138 1540 2188 laborant,
1584 2138 1683 2191 quod

140 2216 266 2250 autem
295 2208 460 2262 patitur,
498 2207 690 2262 eorrumpi
717 2215 832 2261 atque
855 2207 1014 2247 interire
1040 2221 1203 2247 neeesse
1229 2214 1310 2257 est,
1346 2206 1454 2246 euius
1479 2206 1532 2245 rei
1562 2206 1684 2260 gratia

140 2276 329 2332 gignitur,
364 2276 468 2330 atqui
499 2276 613 2316 honio
637 2276 824 2330 gignitur,
860 2290 933 2315 non
965 2283 1092 2331 potest
1119 2276 1236 2329 igitur
1260 2275 1373 2315 homo
1398 2274 1590 2330 passionis
1615 2288 1685 2314 ex-

141 2359 228 2400 pers
251 2353 288 2385 et
315 2344 545 2384 immortalis
570 2358 673 2384 esse.
740 2343 886 2384 Verum
913 2345 972 2385 vel
998 2345 1044 2385 iis
1069 2345 1162 2399 ipsis
1195 2344 1347 2384 illorum
1383 2343 1573 2383 evertitur
1599 2356 1686 2383 ora-

140 2415 211 2456 ti0.
259 2413 362 2455 Nam
387 2413 418 2453 si
446 2413 624 2467 quicquid
651 2413 877 2468 productum
903 2420 966 2454 aut
988 2413 1158 2467 genitum
1183 2420 1239 2453 est
1264 2412 1396 2451 interit
1426 2411 1534 2463 (nihil
1557 2418 1684 2450 autem

142 2483 286 2534 refert,
320 2482 351 2522 si
379 2482 431 2522 ita
456 2482 694 2532 dixerimus,
729 2482 906 2536 quoniam
941 2482 1052 2537 primi
1085 2482 1206 2523 nostri
1240 2487 1422 2534 parentes
1457 2494 1532 2519 non
1564 2479 1684 2533 geniti

140 2559 254 2602 sunt,
291 2551 358 2591 sed
389 2550 605 2605 producti),
641 2565 725 2591 eum
755 2558 792 2591 et
826 2552 953 2605 angeli
987 2559 1024 2591 et
1050 2551 1200 2591 animae
1228 2550 1438 2605 productae
1464 2548 1541 2588 sint
1572 2550 1685 2600 (seri-

141 2629 246 2678 ptum
272 2627 332 2660 est
358 2619 483 2670 enim,
521 2622 711 2673 Quisacit
733 2622 887 2671 angelos
906 2635 993 2659 snos
1018 2622 1212 2674 spiritns),
1247 2632 1298 2658 ex
1325 2617 1476 2657 illorum
1503 2617 1684 2672 opinione
1706 2626 1830 2657 1¹s-103,
1850 2627 1873 2654 ⁴.

143 2703 391 2744 consequens
415 2696 476 2728 est
504 2696 577 2728 tam
606 2689 767 2743 angelos
799 2703 910 2743 quam
937 2688 1085 2728 animas
1118 2687 1260 2742 perire.
1325 2687 1378 2726 At
1404 2699 1527 2739 neque
1560 2686 1687 2739 angeli

144 2773 268 2813 neque
292 2757 444 2798 animae
465 2757 670 2807 oeeidunt,
704 2764 793 2797 sunt
818 2757 918 2798 enim
944 2757 1199 2806 immortales,
1235 2769 1306 2795 nee
1331 2770 1350 2793 a
1378 2768 1567 2808 quoquam
1595 2755 1687 2794 edo-

144 2827 239 2867 mari
272 2833 456 2881 possunt,
492 2826 812 2880 quemadmodum
844 2827 994 2866 illorum
1022 2824 1210 2865 conditori
1246 2822 1399 2877 placuit.
1462 2821 1586 2876 Igitur
1618 2823 1687 2862 im-

146 2895 319 2935 mortalis
347 2902 407 2935 est
441 2895 568 2935 homo.
632 2893 711 2935 Sed
739 2909 811 2934 nee
832 2895 919 2935 illud
950 2906 1184 2947 magnopere
1217 2891 1361 2945 prolm,
1396 2891 1427 2930 si
1455 2899 1493 2931 et
1519 2891 1687 2932 funditus

148 2963 219 3003 hoe
250 2963 474 3004 universum
508 2964 718 3018 periturum
753 2978 842 3003 esse
876 2963 1071 3011 (ficamus,
1107 2968 1144 2999 et
1177 2966 1318 3000 terram
1347 2967 1461 3014 atque
1489 2963 1615 2999 aerem
1651 2967 1688 2999 et

148 3031 295 3071 eoelum
321 3032 549 3086 quandoque
575 3033 802 3073 desiturum.
869 3030 1066 3085 Siquidem
1094 3035 1196 3069 totus
1222 3029 1281 3069 hic
1309 3029 1494 3080 mundus,
1529 3036 1568 3068 ut
1599 3042 1687 3081 pur-
