2066 3319
563 164 743 197 PANARH
769 163 851 195 [ΑΒ.
871 163 912 195 11.
936 162 1045 195 ToM.
1064 163 1088 195 1.
1113 162 1383 196 HAER.LX1v.
1668 156 1749 195 229

209 252 286 286 tem
307 246 458 287 illorum
485 244 745 298 redarguere,
780 242 912 298 paucis
942 242 1017 282 illis
1039 243 1183 283 erimus
1209 243 1402 294 contenti3
1438 258 1523 283 eum
1546 251 1582 284 et
1606 244 1747 300 alioqui

208 314 416 355 manifesto
442 319 616 362 constet,
652 311 754 352 nulla
787 311 833 351 ab
858 311 1060 366 prudentia
1084 312 1235 351 illorum
1259 311 1451 366 proticisci
1477 312 1640 362 facinus,
1675 328 1748 354 nec

207 382 394 424 eiusmodi
421 396 441 421 a
466 382 538 421 deo
564 380 776 421 derivatam
805 393 893 420 esse
917 379 1140 428 seientiam,
1175 380 1241 419 sed
1275 394 1327 419 ex
1360 381 1588 420 daemonum
1620 382 1746 422 afflatu

205 451 406 492 ludibrium
448 450 548 490 istud
587 462 700 489 omne
741 463 785 488 ae
825 448 979 488 nefandi
1021 447 1183 488 sceleris
1216 447 1363 487 crimen
1400 462 1487 488 esse
1520 450 1741 491 conflatum.

204 518 400 573 Quocirca
422 532 506 558 cum
533 532 604 558 nos
627 517 807 558 haeresin
831 516 960 566 istam,
994 516 1154 571 viperae
1176 515 1300 555 instar
1322 515 1405 555 eius
1427 531 1538 570 quam
1565 520 1743 574 scytalen

201 594 365 637 vocant,
402 587 679 641 repulerimus,
713 585 812 640 quod
842 585 993 639 quidem
1020 583 1213 638 serpentis
1238 597 1362 637 genus
1388 598 1472 624 cum
1496 587 1632 639 pusillo
1657 602 1743 628 cor-

200 669 294 711 pore.
319 656 390 706 sit,
425 655 630 696 molestum
663 668 708 694 ac
736 654 948 694 vehemens
979 652 1128 692 asthma
1156 665 1309 691 veneno
1341 666 1411 691 suo
1443 652 1577 694 iniecit
1608 663 1645 695 et
1676 671 1741 711 ap-

197 723 543 779 propinquantibus
570 723 691 764 labem
719 736 763 763 ac
789 721 1000 777 perniciem
1026 721 1204 775 inspirat,
1240 734 1324 759 cum
1351 719 1447 760 hane
1470 721 1588 774 igitur
1611 723 1740 765 liacte-

197 806 269 832 nus
294 791 590 842 obtriverimus,
627 791 672 832 ad
695 791 864 844 reliquas
890 796 1158 839 transeamus,
1193 787 1224 827 si
1251 788 1354 842 prius
1383 788 1443 828 dei
1468 803 1576 843 opem
1605 791 1738 847 implo-

196 861 435 912 raverimus,
478 867 519 901 ut
547 860 717 901 divinum
750 859 862 914 plane
894 857 1063 912 suscepti
1090 856 1219 912 operis
1252 856 1468 897 institutum
1502 858 1636 899 favore
1668 875 1737 900 suo

194 937 467 985 prosequatur.

269 1090 672 1140 ADVERSUS
711 1088 1105 1139 ORIGENEM
1140 1087 1666 1149 ADAMANTIUM,

587 1171 783 1220 haeresis
818 1169 1009 1229 XLIV„
1046 1169 1139 1218 sive
1175 1167 1343 1216 LXIV.

303 1270 500 1329 Origenes
536 1280 795 1328 cognomento
831 1271 1086 1314 Adamantius
1118 1271 1310 1325 sequitur.
1372 1269 1502 1311 Natus
1535 1270 1595 1312 hic
1626 1271 1732 1313 Leo-

187 1342 274 1383 nida
301 1350 430 1398 patre,
469 1343 694 1384 beatissimo
727 1341 1052 1396 sanctissimoque
1079 1347 1265 1396 martyre.
1328 1338 1407 1381 Sed
1442 1346 1479 1380 et
1505 1340 1567 1381 ille
1597 1341 1730 1396 primis

185 1411 324 1452 aetatis
348 1426 442 1452 suae
472 1412 584 1452 annis
615 1412 734 1452 multa
761 1411 799 1451 in
827 1409 1100 1467 persecutione
1135 1410 1234 1449 mala
1269 1409 1476 1460 sustinuit,
1519 1417 1633 1464 atque
1666 1410 1730 1451 ubi

186 1479 335 1520 virilem
360 1481 406 1521 ad
427 1487 595 1521 aetatem
618 1480 818 1534 pervenit,
854 1478 1019 1521 Graecis
1042 1478 1166 1519 literis
1191 1478 1361 1532 apprime
1383 1478 1580 1529 excultus,
1614 1486 1729 1534 atque

185 1548 224 1588 in
249 1548 438 1589 ecelesiae
463 1549 612 1603 gremio
638 1548 828 1598 nutritus,
863 1547 987 1588 Decio
1018 1547 1252 1602 imperatore
1279 1547 1547 1587 Alexandriae
1573 1548 1726 1590 claruit.

187 1615 345 1658 Genere
380 1617 518 1673 quippe
550 1617 771 1673 Aegyptius
803 1616 1072 1657 Alexandriae
1109 1615 1343 1656 domicilium
1379 1616 1727 1672 educationemque

185 1692 322 1726 nactus
357 1693 430 1726 est.
493 1686 553 1726 Ac-
586 1687 720 1727 nescio
749 1700 795 1726 an
822 1686 988 1726 Athenis
1022 1699 1172 1740 quoque
1205 1685 1358 1725 scholas
1385 1685 1616 1739 aliquamdiu
1650 1688 1726 1727 fre-

184 1754 396 1808 quentarit.
459 1752 537 1796 Sed
570 1769 638 1810 pro
663 1752 887 1796 Christiana
922 1754 1112 1808 religione
1140 1768 1186 1794 ac
1211 1754 1283 1794 fide
1311 1751 1535 1808 Christique
1568 1755 1724 1796 nomine

183 1823 461 1878 quamplurima
497 1837 707 1879 perpessus
742 1838 829 1865 esse
856 1823 1010 1864 dicitur.
1071 1821 1173 1863 Nam
1208 1823 1309 1862 etin
1335 1822 1430 1863 urbe
1457 1829 1604 1863 tractus
1637 1837 1724 1864 sae-

182 1891 266 1946 pius
293 1899 330 1932 et
353 1892 542 1932 conviciis
562 1893 725 1933 affectus
751 1900 789 1933 et
812 1891 1100 1933 immanissimis
1124 1891 1418 1946 quaestionibus
1443 1892 1723 1948 tormentisque

180 1960 378 2001 subiectus
399 1968 473 2001 est.
523 1958 632 2001 Inter
655 1968 786 2002 cetera
808 1962 987 2001 adrasum
1007 1960 1110 2000 illum
1136 1961 1343 2015 aliqnando
1367 1959 1510 2001 Graeci
1534 1975 1602 2016 pro
1627 1968 1723 2002 tem-

179 2029 228 2085 pli
254 2027 455 2084 Serapidis
489 2030 607 2084 (quod
637 2030 788 2070 illorum
820 2030 961 2070 idolum
992 2030 1069 2083 est)
1101 2029 1284 2084 gradibus
1311 2029 1547 2070 collocantes
1581 2031 1723 2084 palma-

178 2112 262 2138 rum
298 2098 476 2138 surculos
510 2098 547 2138 in
583 2112 651 2139 eos
679 2099 912 2139 distribuere
943 2098 1142 2139 iusserunt
1171 2098 1234 2152 qui
1268 2098 1313 2138 ad
1348 2099 1593 2139 execrandos
1624 2099 1721 2140 ritus

177 2166 377 2207 obeundos
401 2168 744 2221 venerandumque
769 2167 1017 2208 simulacrum
1041 2167 1211 2207 adibant.
1266 2166 1340 2207 Hic
1364 2168 1465 2208 enim
1489 2167 1719 2208 simulacro-

176 2249 261 2275 rum
295 2236 391 2291 apud
424 2235 511 2276 illos
544 2236 814 2276 sacerdotibus
849 2243 910 2276 est
943 2235 1109 2277 habitus.
1173 2237 1225 2276 At
1257 2233 1453 2291 Origenes
1492 2237 1609 2277 ramis
1642 2237 1717 2278 illis

175 2304 344 2359 acceptis
368 2317 505 2359 magna
530 2319 628 2345 voce
657 2305 926 2359 constantique
954 2305 1107 2354 animo,
1141 2305 1225 2345 sine
1257 2305 1333 2345 ullo
1361 2312 1465 2345 metu
1491 2319 1535 2345 ac
1567 2305 1717 2346 dubita-

175 2373 280 2414 tione
316 2373 369 2413 ita
401 2374 639 2415 vociferatus
676 2381 757 2414 est:
801 2377 964 2422 Adeste,
999 2378 1119 2427 capite
1148 2390 1221 2414 non
1256 2376 1541 2414 simulacrorum
1574 2377 1711 2427 templi,

172 2445 239 2482 sed
260 2445 406 2482 Christe·
428 2445 634 2482 surculum.
699 2441 866 2483 Praeter
893 2443 988 2484 haec
1020 2443 1094 2484 alia
1124 2443 1404 2499 quamplurima
1435 2452 1524 2484 sunt
1555 2445 1713 2499 egregia

174 2510 246 2552 viri
279 2511 476 2561 facinora,
512 2526 610 2567 quae
642 2512 876 2557 veteres-{de
908 2512 974 2553 illo
1006 2513 1262 2554 tradiderunt.

285 2577 365 2621 Sed
397 2579 435 2620 in
466 2581 655 2621 eiusmodi
686 2569 1123 2637 praemiipossessione
1158 2590 1343 2638 perpetuo
1376 2596 1450 2622 uon
1483 2584 1709 2637 permansit.

171 2646 326 2688 Etenim
350 2648 398 2688 ob
424 2649 606 2690 eximiam
632 2649 900 2702 sanctitatem,
934 2658 974 2692 et
1001 2651 1281 2702 eruditionem,
1316 2665 1502 2692 summam
1529 2660 1588 2693 est
1612 2652 1711 2693 invi-

171 2716 270 2757 diam
295 2717 498 2768 adduetus,
532 2733 654 2773 eaque
683 2732 746 2759 res
771 2719 1020 2774 magistratus
1047 2734 1092 2761 ac
1117 2721 1334 2776 praefectos
1359 2720 1542 2762 maiorem
1567 2721 1605 2762 in
1631 2737 1712 2763 mo-

171 2784 258 2825 dum
289 2786 407 2827 acuit.
469 2785 571 2828 Tum
607 2788 697 2828 illud
726 2802 822 2829 vero
851 2789 991 2830 diaboli
1025 2783 1235 2832 earn‘ditafe
1261 2787 1515 2843 .mprobitatis
1543 2792 1710 2835 artifices

170 2854 377 2894 commenti
399 2862 513 2906 sunt,
548 2863 588 2897 ut
613 2857 657 2897 ad
676 2852 1232 2912 [turpitudinisjnecessitatem
1250 2846 1457 2900 ‘nemmem
1488 2861 1705 2915 adigerent,

170 2952 360 2998 λογιότητος
382 2968 421 2990 ex
442 2960 510 2991 cod.
533 2969 589 2992 ms.
602 2983 612 3000 ,
635 2962 736 2992 nescio
754 2971 834 3002 quo,
858 2971 915 2994 αη-
1007 2962 1039 2993 ’2.
1068 2963 1221 3001 Rescripsi
1244 2960 1436 3006 ἐπιπονῆσαι
1456 2974 1513 3004 pro
1534 2962 1708 3007 ἐπινοῆσαι

168 3004 318 3032 notatam.
963 3008 1044 3048 quod
1066 3010 1158 3048 vulgo
1183 3009 1214 3038 in
1237 3009 1323 3041 libris
1346 3010 1483 3043 obtinuit.

1759 1280 1837 1324 Cap.
1861 1283 1883 1313 1.

1741 2595 1817 2640 Cap.
1841 2597 1878 2629 ΙΙ.
