2066 3319
509 211 686 243 PANARH
712 211 794 243 Lm.
813 213 851 243 n.
879 212 986 244 Tou.
1009 214 1030 244 1.
1056 213 1184 245 ΗΑΕΒ.
1208 214 1326 245 inv.
1608 206 1687 245 309

156 304 230 330 non
255 297 335 339 est,
371 297 409 330 et
431 305 526 330 auro
549 298 676 331 tamen
698 299 835 332 natura
857 306 925 331 sua
947 293 1195 347 propinquius
1220 301 1302 343 est,
1339 308 1412 333 non
1436 307 1586 345 aurum,
1621 296 1688 334 sed

153 357 237 398 auri
261 358 386 398 simile
412 372 499 398 esse
525 359 686 409 dicitur,
721 360 819 413 quod
844 360 994 413 quidem
1031 376 1164 401 aurum
1193 362 1223 400 si
1253 369 1379 412 esset,
1415 376 1489 402 non
1522 362 1604 402 auri
1636 363 1688 402 si-

152 425 265 476 mile,
311 427 377 467 sed
413 441 547 467 aurum
582 427 790 467 diceretur.
853 426 970 468 Nunc
1005 429 1183 483 quoniam
1222 443 1354 469 aurum
1389 445 1464 469 non
1498 437 1578 480 est,
1620 431 1687 470 sed

152 507 246 534 auro
278 495 520 550 proximum,
555 496 804 550 eiusdemque
833 497 1016 536 mentitur
1048 497 1239 551 speciem,
1274 497 1355 536 auri
1386 498 1509 537 simile
1542 512 1687 538 nuncu-

151 569 276 616 patur.
340 562 487 603 Eodem
519 564 630 603 modo
657 578 816 618 prorsus
847 566 945 618 quod
973 565 1010 604 in
1037 564 1324 603 resurrectione
1348 573 1504 606 sanctos
1528 567 1686 620 angelo-

150 644 232 670 rum
262 632 343 671 fore
377 632 522 671 similes
557 633 843 686 pronuntimit,
878 647 953 672 non
989 632 1045 671 sic
1076 632 1338 686 accipiendum
1377 640 1459 683 est,
1505 635 1613 687 quasi
1649 635 1684 674 in

148 699 374 752 angelorum
401 707 576 740 naturam
605 701 920 740 transcribendos
945 713 1033 739 esse
1064 706 1221 739 sanctos
1246 700 1282 739 in
1310 699 1372 740 illa
1397 703 1685 743 resurrectione

149 766 337 817 voluerit,
372 768 437 807 sed
466 768 556 808 nihil
584 768 682 808 aliud
719 769 791 808 nisi
818 768 1044 822 angelorum
1075 768 1285 807 conditioni
1318 769 1551 823 propinquos
1585 772 1685 810 sutu-

147 849 227 875 ros.
292 833 554 888 Quamobrem
585 836 852 876 stultissimum
877 836 966 875 mihi
991 836 1143 875 v'idetnr
1167 835 1216 875 ita
1241 836 1448 889 colligere:
1492 835 1683 889 Quoniam

147 900 329 944 Christus
351 912 508 944 sanctos
533 905 570 944 in
595 904 884 944 resurrectione
913 911 1094 958 tanquam
1126 904 1285 957 angelos
1310 904 1434 944 visum
1463 905 1508 944 iri
1535 905 1684 960 praedi-

146 971 274 1020 xerit,
309 971 403 1012 haec
427 973 570 1012 idcirco
592 980 861 1012 resurrectura
883 987 958 1012 non
984 986 1072 1011 csse
1095 986 1272 1025 corpora.
1334 970 1572 1012 Praesertim
1599 988 1682 1013 cum

145 1040 372 1081 vocabulum
407 1041 528 1095 ipsum
563 1042 646 1081 cius
681 1041 778 1095 quod
810 1040 999 1094 contingit
1030 1040 1221 1080 actionem
1259 1040 1461 1095 perspicue
1494 1041 1680 1081 declaret.

143 1107 246 1149 Nam
273 1109 510 1149 resurrectio
536 1123 611 1149 non
641 1109 686 1149 de
712 1123 758 1148 eo
784 1110 882 1163 quod
913 1123 1106 1163 nunquam
1131 1108 1294 1159 cecidit,
1331 1110 1398 1149 sed
1428 1110 1473 1149 de
1505 1123 1550 1149 eo
1583 1110 1682 1163 quod

145 1178 306 1228 cecidit,
341 1185 455 1232 atque
482 1178 618 1217 iterum
644 1178 838 1231 assurgit,
873 1184 1094 1232 usurpatur.
1159 1176 1275 1217 Velut
1301 1192 1386 1217 cum
1418 1178 1602 1232 propheta
1627 1178 1682 1218 di-

146 1246 222 1295 cit,
266 1249 320 1285 Et
348 1247 518 1285 excitabo
553 1247 832 1286 tabernaculum
869 1249 992 1285 Dar-id
1027 1249 1127 1298 quod
1157 1249 1302 1285 cecidit.
1377 1243 1530 1286 Cecidit
1568 1261 1683 1300 porro
1704 1260 1827 1294 Amostt,
1845 1262 1884 1288 ιι.

144 1321 313 1369 optatum
357 1314 444 1354 illud
484 1314 635 1354 animae
679 1314 966 1354 tabernac-ulum
1005 1318 1042 1353 in
1081 1323 1218 1354 tet-ram
1256 1318 1411 1366 aggeras
1453 1314 1883 1369 collapsum.nan.12‚2.

143 1381 234 1422 Non
260 1382 360 1422 enim
385 1383 483 1437 quod
509 1397 583 1423 non
607 1383 785 1433 moritur,
820 1383 887 1422 sed
911 1383 1009 1437 quod
1035 1382 1198 1423 moritur
1219 1383 1408 1423 inc-linare
1432 1383 1586 1423 dicitur.
1627 1383 1683 1423 At

145 1451 309 1492 moritur
332 1465 439 1491 caro.
491 1451 630 1491 Anima
656 1453 794 1506 quippe
813 1451 1043 1491 immortalis
1067 1458 1142 1491 est.
1199 1449 1446 1506 Quapropter
1466 1452 1498 1491 si
1524 1451 1682 1491 immor-

145 1520 229 1559 talis
252 1526 310 1559 est
332 1520 473 1569 anima,
509 1533 649 1574 corpus
671 1533 766 1559 vero
791 1520 957 1559 cadaver
978 1527 1054 1569 est,
1089 1520 1150 1574 qui
1173 1520 1224 1559 ita
1246 1519 1576 1560 resurrectionem
1598 1521 1680 1560 sore

144 1588 399 1638 confitentur,
436 1595 476 1628 ut
502 1592 586 1628 'eam
619 1587 711 1627 nihil
738 1588 782 1627 ad
815 1601 970 1627 carnem
1003 1589 1198 1643 pertinere
1225 1596 1379 1643 putent,
1422 1589 1680 1629 resurrectio-

144 1670 228 1696 nem
254 1657 422 1697 l’unditus
447 1663 604 1710 negant.
669 1654 988 1710 Quandoquidem
1017 1671 1093 1696 non
1118 1657 1206 1697 illud
1230 1657 1328 1710 quod
1350 1664 1450 1707 stat,
1483 1657 1550 1697 sed
1580 1657 1678 1711 quod

142 1724 279 1765 cecidit
301 1733 336 1764 et
358 1724 573 1773 inclinavit,
605 1738 823 1778 exsurgere
846 1724 1009 1776 dicitur3
1045 1740 1111 1780 pro
1137 1739 1183 1765 eo
1204 1740 1248 1765 ac
1272 1726 1455 1780 scriptum
1478 1732 1552 1775 est,
1579 1728 1677 1764 Num
1697 1740 1754 1768 lcr.
1776 1740 1802 1774 ε,
1822 1739 1846 1767 4.

140 1797 208 1846 qui
233 1796 368 1832 cecidit
396 1808 468 1832 non
500 1797 706 1844 resurget?
735 1801 803 1832 aut
831 1797 898 1845 qui
923 1808 1076 1833 aversus
1106 1802 1161 1833 est
1191 1810 1262 1833 non
1293 1798 1531 1833 revertetur?
1745 1828 1823 1870 Cap.

253 1860 365 1915 Quod
391 1867 517 1901 autem
543 1861 772 1901 immortalis
798 1862 923 1902 anima
952 1861 1025 1912 sit,
1060 1862 1266 1903 manifeste
1294 1863 1470 1902 dominus
1502 1877 1585 1902 cum
1612 1876 1680 1918 per
1721 1874 1848 1906 XLttt.

140 1943 253 1980 sese,
288 1938 364 1970 tum
392 1944 462 1985 per
483 1929 734 1970 Salomonem
769 1930 938 1970 edocuit.
1000 1929 1077 1971 Per
1104 1945 1191 1971 sese
1221 1931 1372 1985 quidem
1405 1931 1441 1970 in
1473 1931 1602 1972 divitis
1635 1919 1881 1971 ac(XXXV¹·)

138 1997 285 2039 Lazari
311 1999 490 2054 pauperis
516 1998 700 2049 historia,
736 2013 897 2052 quorum
928 1999 1027 2039 hunc
1053 1999 1090 2039 in
1115 1999 1327 2039 Abrahami
1353 2000 1440 2040 sinu
1465 2007 1551 2055 post
1582 2014 1676 2040 exu-
1698 2014 1769 2042 Luc.
1792 2016 1830 2043 16.

141 2073 216 2107 tum
242 2081 382 2122 corpus
406 2067 656 2122 acquiescere
680 2067 825 2118 voluit,
859 2067 1020 2108 alterum
1047 2068 1281 2108 cruciatibus
1307 2067 1518 2118 damnavit,
1554 2083 1573 2108 e
1598 2068 1679 2123 qui-

139 2136 210 2176 bus
235 2150 319 2175 cum
345 2136 568 2176 Abrahamo
601 2135 883 2189 colloquentem
911 2136 1142 2177 introduxit.
1208 2135 1312 2176 ldem
1343 2151 1439 2177 vero
1472 2151 1542 2192 per
1567 2136 1680 2177 Salo-

141 2218 291 2244 monem
317 2204 352 2244 in
380 2219 427 2244 eo
454 2204 552 2244 libro
579 2204 640 2258 qui
667 2202 865 2258 Sapientia
892 2205 1116 2245 inscribitur
1140 2205 1325 2255 ostendit,
1360 2205 1438 2256 ubi,
1473 2209 1674 2253 Iustorum,
1698 2220 1767 2256 Sap.
1787 2222 1813 2257 3,
1832 2222 1856 2249 1.

139 2273 284 2326 inquit,
317 2276 462 2312 animae
483 2276 520 2312 e'n
544 2287 655 2312 mame
679 2275 741 2311 dez·
758 2281 866 2320 sunt,
900 2281 937 2312 et
964 2289 1036 2313 non
1064 2282 1194 2326 {angel
1213 2277 1299 2314 illos
1322 2282 1540 2313 tormentum
1555 2292 1566 2313 .-
1610 2278 1684 2313 υἱεῖ

138 2350 229 2381 sunt
257 2345 294 2380 z'tz
326 2344 444 2381 oculis
477 2345 728 2394 insipientium
754 2345 869 2389 mori,
905 2350 943 2381 et
963 2346 1157 2382 aestimata
1179 2351 1235 2382 est
1257 2345 1412 2396 afflietio
1439 2346 1564 2381 exitus
1594 2345 1678 2381 illo-

139 2425 236 2458 rum,
271 2419 308 2449 et
331 2413 431 2463 qnod
450 2426 471 2450 a
497 2412 603 2450 nobis
624 2418 679 2449 est
701 2414 774 2449 iter
796 2414 1079 2451 exterminium:
1113 2414 1175 2451 e‘llz'
1191 2420 1311 2451 aulem
1335 2420 1425 2450 sunt
1446 2415 1482 2451 in
1502 2426 1609 2463 pace,
1644 2419 1682 2450 et

138 2493 220 2531 spes
245 2481 394 2518 illorum
423 2482 702 2519 immortalitate
727 2481 840 2531 plena
868 2488 935 2518 est.
1000 2479 1108 2534 Ergo
1131 2481 1305 2535 corporis
1329 2487 1387 2520 est
1418 2480 1674 2529 resurrectio,

140 2561 215 2587 non
249 2548 425 2598 animae3
469 2562 595 2602 neque
623 2547 723 2588 enim
757 2555 923 2588 stantem
948 2548 1070 2599 ullus,
1104 2550 1170 2589 sed
1197 2549 1387 2588 iacentem
1421 2548 1549 2602 erigit.
1612 2547 1677 2590 Uti

139 2630 263 2670 neque
290 2631 386 2657 sano
411 2617 581 2672 corpori,
617 2616 683 2656 sed
709 2616 807 2656 male
832 2617 971 2657 affecto
995 2618 1205 2658 remedium
1228 2617 1444 2657 adhibetur.
1507 2615 1619 2670 Quod
1645 2617 1678 2657 si

140 2686 224 2739 quis
248 2687 576 2726 resurrectionem
603 2684 754 2725 animae
779 2700 854 2725 non
884 2686 1038 2741 corpori
1063 2693 1288 2726 eventuram
1320 2685 1554 2740 pertinacius
1579 2686 1678 2725 affir-

141 2767 245 2793 mare
274 2754 391 2803 velit,
427 2767 567 2808 magna
602 2760 662 2794 est
696 2753 860 2794 hominis
893 2755 1086 2794 stoliditas
1119 2761 1157 2793 et
1187 2755 1369 2793 amentia.
1432 2752 1545 2795 Prius
1577 2754 1679 2794 enim

141 2822 291 2862 animae
322 2823 611 2877 corruptionem
645 2836 689 2862 ac
717 2822 1008 2863 dissolutionem
1036 2836 1198 2862 necesse
1223 2829 1284 2862 est
1310 2829 1534 2873 asseveret,
1569 2829 1608 2862 ut
1633 2823 1677 2862 il-

141 2888 213 2928 lius
237 2891 356 2944 partis
381 2906 470 2932 esse
494 2890 822 2932 resurrectionem
846 2892 1002 2941 inferat,
1038 2905 1109 2931 nec
1135 2905 1293 2945 prorsus
1317 2890 1498 2942 delirare,
1530 2891 1596 2931 sed
1620 2897 1678 2931 ut-

190 2980 237 3012 13.
263 2979 299 3015 δὲ
322 2979 419 3016 atsaiw.
446 2984 593 3015 Galland.
977 2981 1008 3014 3.
1034 2980 1103 3014 Καὶ
1125 2983 1178 3015 δεῖ
1194 2985 1347 3022 rescripsi.
1396 2985 1492 3023 Vulyo
1512 2986 1594 3014 extat
1613 2981 1678 3015 Λέ-

188 3024 262 3058 (ἶΛΡ.
290 3027 414 3059 XLlll.
438 3046 482 3051 —
532 3030 558 3061 l.
585 3030 725 3060 Fortasse
747 3027 862 3069 λέγων.
932 3038 993 3069 γει.
1045 3029 1173 3059 Petario
1193 3030 1311 3067 placuit
1331 3031 1391 3063 δεῖ.
1442 3031 1603 3067 Cornario,
1626 3030 1679 3068 qui

184 3072 214 3102 ’.Α
240 3068 347 3116 τούτῳ
373 3084 433 3105 non
455 3077 538 3105 extat
559 3076 591 3105 in
615 3075 682 3106 cod.
702 3075 830 3114 Rhediy.
931 3075 1020 3104 vertit
1044 3072 1150 3111 Dico,
1181 3072 1278 3116 λέγω.
