2066 3319
463 205 640 237 PANARH
666 205 746 236 Ltss.
768 205 809 236 11.
836 204 942 237 ToM.
966 206 987 236 1.
1014 205 1142 237 naen.
1163 205 1284 237 inv.
1567 197 1645 236 305

111 293 215 335 ceat,
251 299 335 325 cum
361 285 407 324 iis
433 285 478 324 de
508 284 624 324 rebus
647 297 868 323 sermonem
899 284 1076 324 instituit.
1139 284 1240 325 Nam
1269 299 1352 324 eum
1386 284 1436 324 ita
1465 284 1644 333 dixisset,

110 352 302 393 dominum
320 350 561 393 sadducaeis
579 352 817 392 tentantibus
836 353 1100 406 respondisse,
1123 357 1190 404 qm'
1202 362 1385 404 compotes
1402 356 1644 392 resurrectio·
1659 360 1853 393 Marot‘eafi.

108 424 167 459 nis
203 429 344 468 essent,
388 423 607 471 angelorum
642 423 764 459 instas·
788 422 967 473 stauros,
1015 428 1101 474 post
1133 420 1205 461 ista
1238 421 1461 471 subiunxit,
1505 418 1648 474 Augeli

110 502 225 542 porro
249 489 377 528 caruis
400 495 583 543 expertes
609 488 645 527 in
674 503 823 528 summa
858 489 1041 528 felicitate.
1069 490 1212 542 degunt
1244 503 1287 527 ac
1313 490 1452 542 gloria.
1516 488 1648 542 Quare

109 564 147 596 et
171 571 256 606 nos,
292 571 387 611 quos
412 556 570 610 aequari
595 557 745 610 angelis
772 564 940 611 oportet,
975 570 1139 597 necesse
1163 564 1222 596 est
1243 558 1288 595 ad
1311 558 1472 596 eundem
1497 559 1649 597 modum

109 638 226 665 carne
250 625 401 664 nudari.
466 623 553 664 Nec
578 624 693 675 illud,
728 625 870 679 optime
895 625 1089 674 virorum,
1123 624 1411 674 animadvertit,
1448 638 1550 674 eum,
1586 626 1649 679 qui

110 707 161 733 ex
191 693 309 733 nihilo
335 693 516 733 mundum
548 693 749 732 fabricavit
773 707 816 732 ac
842 693 1066 732 constituit.
1103 707 1178 732 nou
1205 691 1354 746 augelis
1381 694 1493 733 modo
1518 700 1555 732 et
1587 694 1652 733 ad-

109 761 296 802 ministris
320 761 416 812 sitis,
451 762 518 802 sed
544 769 581 801 et
603 759 905 816 principatibus,
934 759 1107 800 Tbronis
1134 775 1178 799 ac
1198 758 1466 800 potestatibus
1492 762 1651 801 candem

109 829 410 870 immortalitatis
443 829 702 869 conditionem
741 828 938 868 tribuisse.
1002 828 1117 868 Aliud
1148 829 1248 868 euim
1279 835 1338 868 est
1362 826 1651 882 l'riu‹·ipat1uuu

109 911 257 952 genus,
290 898 390 938 aliud
417 896 683 947 Potestatum3
719 911 765 936 eo
792 897 890 951 quod
922 911 997 936 uon
1023 911 1122 937 unus
1148 897 1265 947 ordo,
1300 910 1371 936 nec
1397 911 1512 936 unum
1536 897 1653 936 veluti

110 980 249 1020 corpus
285 980 329 1006 ac
364 966 486 1006 tribus
514 965 786 1006 immortalium
817 972 855 1005 et
886 965 1025 1005 familia
1051 966 1123 1016 sit,
1158 966 1225 1004 sed
1251 978 1438 1018 generum
1472 979 1517 1005 ac
1549 965 1656 1005 velut

110 1034 307 1074 nationum
333 1034 515 1074 divortia.
569 1032 710 1088 Neque
735 1031 945 1074 Cherubim
967 1033 1088 1087 igitur
1110 1033 1156 1073 ab
1184 1040 1318 1073 natura
1340 1047 1408 1073 sua
1432 1033 1655 1073 desciscen-

110 1101 162 1142 tia
194 1102 231 1142 iu
267 1102 493 1156 angelorum
523 1102 784 1142 conditionem
818 1109 1045 1152 transeunt,
1089 1115 1214 1155 neque
1251 1108 1386 1141 contra
1420 1102 1581 1141 aliorum
1615 1100 1652 1140 iu

110 1177 285 1210 naturam
319 1172 444 1224 angeli
479 1177 778 1211 commutantur.
843 1169 995 1225 Quippe
1022 1171 1121 1224 quod
1152 1177 1190 1209 et
1223 1177 1336 1219 sunt,
1371 1177 1408 1210 et
1440 1169 1654 1209 cuiusmodi

110 1239 294 1294 producta
325 1247 436 1290 sunt,
478 1253 566 1279 esse
602 1240 662 1279 illa
692 1253 853 1279 necesse
886 1246 958 1279 est.
1022 1237 1177 1278 Etenim
1209 1237 1241 1278 si
1273 1246 1310 1278 et
1340 1238 1475 1288 bomo,
1519 1237 1583 1291 qui
1616 1244 1656 1277 ut

111 1307 210 1347 hune
240 1308 418 1347 muudum
452 1307 666 1357 babitaret,
702 1307 957 1361 omnibusque
989 1307 1051 1361 qui
1081 1307 1116 1346 in
1149 1320 1196 1346 eo
1229 1314 1318 1347 sunt
1345 1313 1568 1361 praeesset,
1603 1319 1655 1346 ex

111 1375 232 1430 prima
259 1375 512 1431 dispositione
543 1376 778 1416 constitutus
807 1383 886 1426 est,
923 1390 1007 1416 cum
1034 1375 1083 1415 sit
1107 1375 1360 1425 immortalis,
1396 1389 1591 1429 nunquam
1617 1374 1654 1414 in

111 1443 338 1497 angelorum
372 1451 439 1484 aut
472 1444 631 1484 alterius
661 1444 866 1484 cuiuslibet
901 1445 1060 1484 sormam
1094 1458 1144 1483 ex
1180 1443 1334 1483 bomine
1367 1443 1655 1484 convertendus

113 1519 195 1562 est,
228 1519 335 1552 certe
360 1526 431 1552 uec
455 1513 581 1566 angeli
610 1512 656 1552 ab
682 1526 726 1552 ea
753 1526 863 1566 quam
886 1511 994 1551 initio
1019 1512 1146 1551 sortiti
1175 1519 1265 1551 suut
1291 1511 1421 1566 speeie
1445 1525 1490 1551 ac
1519 1518 1656 1551 natura

113 1581 380 1620 transformari
409 1581 625 1634 mutarique
651 1587 827 1635 possunt.
879 1579 929 1619 Et
952 1594 1047 1620 vero
1073 1578 1255 1620 Christus
1280 1579 1494 1619 adveniens
1518 1594 1592 1619 non
1617 1579 1656 1618 in

113 1648 273 1688 alteram
300 1649 487 1689 demutari
510 1649 687 1702 vertique
712 1656 887 1689 naturam
912 1648 1076 1688 hominis
1101 1655 1282 1702 oportere
1307 1647 1560 1702 praedicavit,
1587 1647 1655 1687 sed

114 1716 152 1756 in
184 1715 219 1756 id
254 1717 382 1757 redire
415 1718 604 1758 duntaxat
635 1717 734 1771 quod
761 1716 872 1757 initio
899 1718 1045 1766 fuerat,
1081 1723 1285 1770 autequam
1317 1715 1540 1765 excideret,
1576 1722 1654 1754 tum

114 1799 197 1825 cum
233 1791 338 1825 esset
369 1785 614 1826 immortalis.
676 1784 876 1839 Siquidem
910 1799 1071 1826 necesse
1102 1791 1161 1825 est
1192 1784 1488 1837 unumquodque
1521 1797 1655 1823 eorum

115 1867 211 1908 quae
233 1854 418 1908 producta
442 1861 530 1894 sunt
553 1854 588 1893 in
615 1855 769 1908 propria
799 1861 961 1894 naturae
990 1867 1083 1894 suae
1107 1854 1226 1892 forma
1253 1866 1298 1891 ac
1323 1852 1546 1891 conditione
1571 1865 1657 1906 per-

115 1935 273 1962 manere
298 1928 337 1961 ut
360 1922 538 1963 omuibus
561 1923 690 1962 onmia
712 1922 993 1976 compleantur,
1027 1928 1114 1976 puta
1137 1921 1330 1961 coelestes
1351 1920 1500 1974 angelis
1522 1920 1654 1970 orbes,

115 1990 242 2031 throni
268 1991 546 2045 potestatibus,
581 1989 819 2031 administris
845 1990 1011 2040 lumina,
1046 1989 1259 2030 diviniores
1284 2003 1401 2043 porro
1430 1988 1545 2028 sedes
1578 1988 1657 2027 siu—

115 2059 343 2112 cerioraque
378 2059 522 2100 lumina
552 2057 814 2114 Seraphimis‚
858 2058 920 2112 qui
949 2071 1122 2099 summae
1157 2058 1209 2098 illi
1246 2057 1538 2111 providentiae,
1583 2070 1657 2110 qua

116 2127 245 2168 omnia
270 2127 535 2177 eontinentur,
570 2127 675 2168 velut
699 2127 939 2182 apparitores
965 2127 1169 2177 assistunt,
1205 2126 1369 2166 mundus
1396 2125 1562 2179 denique
1589 2124 1656 2164 ho-

116 2196 298 2236 miuibus.
362 2195 481 2250 Atqui
507 2197 538 2236 si
564 2197 601 2236 in
626 2196 786 2250 angelos
818 2195 958 2235 mutari
990 2195 1164 2235 homines
1193 2193 1529 2242 concesserimus,
1565 2207 1657 2232 cou-

117 2278 284 2319 sequeus
311 2271 370 2305 est
397 2272 437 2305 ut
461 2272 499 2304 et
521 2264 683 2319 angelos
710 2264 746 2304 in
777 2270 1011 2319 potestates,
1047 2271 1083 2303 et
1110 2263 1178 2303 bas
1206 2263 1242 2303 iu
1274 2262 1374 2303 aliud
1407 2268 1522 2315 atque
1554 2260 1656 2300 aliud

118 2332 284 2373 transire
306 2332 493 2384 dicamus,
529 2334 653 2374 donec
677 2347 721 2373 ac
742 2332 945 2388 superiora
967 2345 1095 2373 sermo
1120 2331 1375 2387 progrediens
1400 2327 1657 2384 periculosius

116 2401 348 2456 implieetur.

227 2468 369 2524 Neque
394 2483 490 2510 vero
519 2469 617 2523 quod
644 2469 750 2509 velut
776 2469 915 2509 malum
942 2469 1133 2509 bominem
1161 2466 1410 2508 fabricaverit
1437 2466 1556 2517 deus,
1592 2472 1656 2506 aut
1678 2467 1754 2508 Cap.
1771 2467 1861 2499 XLI.

117 2538 154 2578 in
180 2552 226 2579 eo
259 2538 436 2593 fingendo
462 2537 677 2587 aberrarit,
712 2537 890 2591 angelum
918 2544 1052 2592 postea
1081 2538 1210 2577 facere
1234 2536 1338 2575 illum
1366 2534 1511 2585 voluit,
1547 2512 1860 2588 quasi(XXX¹V')

117 2606 240 2661 ipsum
264 2606 538 2647 vilissimorum
564 2606 741 2660 opiticum
766 2606 889 2646 instar
911 2605 1149 2660 poenitentia
1173 2604 1354 2658 cepisset.
1402 2601 1544 2657 Neque
1570 2617 1654 2643 cum

120 2675 298 2729 angelum
322 2674 510 2730 principio
535 2675 664 2715 facere
687 2674 969 2724 constituisset,
1004 2687 1129 2728 neque
1148 2673 1183 2712 id
1209 2679 1313 2713 esset
1333 2678 1554 2721 assecutus,
1589 2671 1657 2711 ho-

122 2743 260 2784 minem
288 2743 523 2798 procreavit.
585 2741 759 2784 Nimium
795 2743 895 2784 istud
930 2742 1160 2783 imbecillum
1190 2748 1263 2781 est.
1328 2737 1409 2780 Cur
1440 2739 1558 2794 igitur
1589 2739 1656 2780 ho-

164 2846 195 2880 6.
222 2841 290 2879 οὔτ’
314 2837 358 2879 αὖ
378 2843 474 2878 πάλιν
497 2844 544 2883 εἰς
567 2844 679 2888 ἑτέραν
714 2847 861 2878 Galland.
955 2846 1005 2878 11.
1032 2843 1272 2885 διακρατοῦντα
1299 2844 1444 2874 ΟαΙΙαηά.

165 2890 197 2924 7.
218 2886 320 2933 Ἀτάρ
347 2892 493 2923 ΟαΙΙαηά.
542 2893 638 2932 Vulgo
662 2890 707 2925 Εἰ
729 2889 803 2934 γὰρ.
959 2892 1008 2922 12.
1034 2885 1101 2923 ἔστ’
1122 2885 1160 2922 ἂν
1183 2887 1241 2921 καὶ
1263 2884 1280 2922 ὁ
1304 2885 1401 2930 λόγος
1425 2889 1574 2920 Galland.

165 2936 196 2969 8.
221 2933 320 2978 ἄλλην
346 2938 492 2968 Gallund.
955 2935 1031 2966 cip.
1053 2935 1144 2966 XLI.
1166 2953 1209 2958 —
1261 2935 1290 2966 l.
1315 2935 1363 2966 Al.
1385 2930 1514 2967 πλάσιν.
1563 2934 1655 2976 (Gaz-

165 2980 197 3014 9.
223 2976 331 3014 au’rffiv
350 2978 443 3024 τόπῳ
470 2983 617 3014 canona.
907 2982 1010 3023 ιαηα.)

148 3026 196 3058 10.
221 3022 395 3068 οἷκράτητα
416 3026 473 3059 καὶ
493 3023 662 3071 ἀκραιφνῆ
688 3029 836 3061 Gatland.
952 3028 982 3059 2.
1009 3026 1203 3069 λειτουργῶν
1230 3027 1378 3058 Galland.

198 3080 312 3116 Corpus
331 3083 506 3111 naereseol.
526 3082 562 3110 11.
582 3084 606 3111 2.
1332 3086 1384 3126 20
