2030 3324
157 996 246 1041 Κεφ.
268 995 326 1037 ξς’.

181 2376 248 2404 pag.
267 2368 327 2396 ⁷92.

346 230 424 270 702
910 235 1073 267 SANCTI
1097 236 1322 269 EP1PHAN11

346 312 419 368 ραν
445 312 663 363 ἀφανίσας,
704 312 771 353 καὶ
798 310 871 364 τὴν
900 311 1076 365 κατάραν
1099 313 1324 365 ἐξαλείψας,
1364 315 1431 356 καὶ
1453 313 1496 357 τὸ
1517 312 1611 356 καθ’
1633 312 1742 368 ἡμῶν
1767 312 1889 368 χειρό-

343 398 518 435 γραφον,
556 380 623 420 καὶ
649 377 719 432 τὴν
745 377 846 434 πρὸς
868 378 936 421 τόν
969 379 1072 436 ᾅδην
1096 380 1298 434 διαθήκην
1319 380 1457 433 λύσας,
1495 384 1563 424 καὶ
1585 381 1712 424 πάντα
1734 384 1888 424 οἰκονο-

345 447 469 501 μήσας
493 445 725 500 ἀνθρώποις
753 449 807 495 εἰς
828 450 1034 501 σωτηρίαν.
1096 446 1245 496 Εὐθύς
1275 446 1347 503 γάρ
1373 448 1466 501 μετά
1492 449 1535 491 τό
1561 452 1704 501 εἰπεῖν,
1747 448 1790 490 Ὁ
1820 448 1888 491 κύ-

345 533 429 571 ριος
455 517 718 568 ἐβασίλευσεν,
752 513 986 570 εὐπρέπειαν
1012 514 1242 567 ἐνεδύσατο,
1274 520 1509 571 προςτίθησι
1533 517 1650 560 πάλιν
1672 519 1737 560 καὶ
1760 521 1886 559 δευτε-

344 589 409 639 ροῖ
429 584 570 638 λέγων,
606 581 843 625 Ἐνεδύσατο
875 582 1011 637 κύριος
1046 582 1234 637 δύναμιν,
1274 585 1341 625 καὶ
1377 584 1649 639 περιεζώσατο·
1691 588 1758 628 ἵνα
1783 587 1887 643 δείξῃ

343 650 565 705 τὸπρῶτον
598 652 746 704 ἔνδυμα
774 649 852 693 άπὸ
878 655 1063 706 Μαρίας,
1103 651 1174 705 τήν
1201 652 1242 694 δὲ
1272 653 1650 708 έπιδευτερουμένην
1679 652 1798 695 πάλιν
1829 654 1887 695 ἕν-

343 722 456 761 δυσιν
481 717 560 761 άπὸ
593 725 663 772 τῆς
687 718 934 769 ἀναστάσεως
960 724 1038 761 τῶν
1068 725 1226 775 νεκρῶν.
1290 721 1369 761 Καὶ
1395 719 1467 775 γάρ
1500 720 1754 776 πρωτότοκός
1784 723 1887 763 ἐστιν

345 789 386 829 ἐκ
410 792 488 829 τῶν
512 792 671 843 νεκρῶν,
705 785 758 836 ῶς
782 785 888 828 εἶπεν
911 785 936 840 ἡ
958 790 1050 829 θεία
1071 787 1216 843 γραφή.
1259 786 1338 830 Ate}
1363 793 1479 830 τοῦτο
1501 791 1737 843 προςτίθησι
1760 789 1882 848 ταύτῃ

344 860 391 912 τῇ
415 857 576 912 δευτέρᾳ
602 854 753 897 ἐνδύσει
778 856 1056 911 περισσοτέραν
1087 855 1170 897 τινα
1199 855 1437 908 ἀσφάλειαν,
1467 857 1610 912 λέγων,
1655 855 1887 899 Ἐνεδύσατο

342 922 480 978 κύριος
510 922 699 976 δύναμιν,
729 924 796 965 καὶ
827 922 1095 978 περιεζώσατο.

445 990 597 1047 ’Ώςπερ
622 990 695 1047 γάρ
720 989 742 1033 δ
766 993 829 1033 ἐπὶ
855 996 903 1049 τῇ
927 990 1053 1044 ὀσφύϊ
1073 991 1383 1045 διαζωννύμενος
1414 993 1632 1047 ἕπισφίγγει
1659 990 1702 1034 zo*
1739 993 1889 1046 ἔνδυμα

343 1061 406 1102 ἐπὶ
426 1059 497 1114 τήν
517 1059 669 1113 ὀσφύν,
701 1060 976 1115 περισσότερον
999 1065 1163 1115 στερεῶν
1182 1059 1224 1102 τό
1248 1058 1374 1111 εἶδος,
1405 1061 1472 1103 καὶ
1497 1065 1672 1102 συνενῶν
1694 1064 1747 1118 τῷ
1770 1062 1888 1115 χρωτὶ

341 1133 393 1185 τῷ
421 1130 528 1186 ἰδίῳ,
568 1128 674 1170 οὕτω
699 1127 741 1170 τό
765 1133 923 1182 πρῶτον
948 1126 1183 1184 εὐπρέπειαν
1208 1127 1274 1170 διὰ
1305 1126 1376 1181 τὴν
1406 1130 1599 1184 ἕνσαρκον
1623 1130 1798 1170 ἐνταῦθα
1829 1131 1886 1171 ε’ν-

345 1199 511 1250 δημίαν,
543 1195 585 1238 τό
610 1197 652 1238 δὲ
676 1195 878 1251 δεύτερον,
915 1198 1034 1250 φησὶ,
1074 1196 1241 1249 δύναμιν
1267 1195 1495 1248 ἐνεδύσατο,
1539 1195 1710 1246 άναστάς
1735 1199 1778 1240 ἐκ
1808 1202 1889 1240 τῶν

346 1269 509 1320 νεκρῶν·
543 1263 673 1307 ούκέτι
695 1266 748 1313 εἰς
778 1264 915 1313 πάθος
943 1263 967 1317 ἡ
991 1263 1293 1319 ἒνανθρώπησις
1316 1262 1438 1306 αὐτοῦ
1462 1267 1631 1318 ἔρχεται,
1673 1263 1802 1307 οὐκέτι
1834 1267 1889 1314 εἰς

343 1331 552 1388 μάστιγας,
584 1331 715 1374 οὐκέτι
739 1337 998 1387 σταυροῦται,
1031 1330 1085 1381 ὥς
1109 1330 1192 1373 εἶπε
1218 1333 1307 1387 περὶ
1330 1330 1454 1373 αύτοῦ
1479 1330 1500 1374 ὁ
1523 1331 1756 1384 ἀπόστολος,
1785 1331 1886 1375 Ἀνέ-

343 1416 430 1454 στη,
464 1399 592 1442 ούκέτι
619 1399 888 1453 ἀποθνήσκει,
920 1398 1097 1449 θάνατος
1127 1399 1250 1442 αὐτοῦ
1272 1398 1404 1442 ούκέτι
1427 1399 1609 1455 κυριεύει.
1670 1400 1748 1443 Διά
1771 1407 1886 1444 τοῦτο

344 1471 439 1522 φησὶ
474 1468 538 1520 τὸ,
582 1468 823 1519 Διεζώσατο,
865 1467 1087 1517 συνενοόσας
1113 1466 1183 1521 τήν
1218 1465 1340 1509 αὐτοῦ
1365 1468 1491 1524 σάρκα
1517 1470 1571 1518 εἰς
1593 1471 1685 1522 μίαν
1706 1468 1887 1524 θεότητα,

343 1539 397 1586 εἷς
422 1540 514 1590 μίαν
536 1535 717 1590 ἑνότητα,
750 1537 804 1585 εἰς
829 1540 982 1589 πνεῦμα
1012 1535 1055 1578 τό
1079 1535 1220 1578 θεϊκὸν
1252 1537 1319 1578 καὶ
1346 1535 1592 1590 σωματικὸν,
1624 1538 1678 1586 εἷς
1699 1540 1746 1579 ἓν
1767 1554 1883 1580 πνευ-

343 1605 508 1659 ματικόν
533 1604 761 1658 τελούμενον
788 1605 855 1646 καὶ
877 1603 931 1658 μὴ
965 1607 1075 1659 ιἕχον
1102 1604 1301 1657 διάλυσιν,
1335 1603 1388 1654 ῶς
1409 1607 1563 1658 εἰςῆλθε
1587 1603 1725 1648 λοιπόν
1746 1610 1886 1661 θυρῶν

342 1674 643 1727 κεκλεισμένων,
683 1671 725 1714 τό
749 1673 987 1727 παχυμερὲς,
1027 1673 1280 1727 λεπτομερὲς,
1321 1673 1364 1715 τὸ
1391 1672 1597 1727 παθητὸν,
1636 1673 1814 1725 ἀπαθὲς,
1845 1675 1887 1716 έν

343 1743 458 1796 σαρκὶ
494 1739 725 1792 πεπονθώς,
769 1741 896 1793 μένων
926 1741 967 1782 δὲ
1003 1742 1045 1783 έν
1079 1741 1279 1798 ἀπαθείᾳ,
1319 1745 1458 1797 καίπερ
1496 1740 1590 1795 μετά
1625 1740 1668 1784 τὸ
1702 1744 1888 1791 εἶςελθεῖν

343 1811 532 1852 δεικνύων
555 1809 672 1851 ὀστέα
697 1809 762 1850 καὶ
785 1807 925 1864 σάρκα,
956 1809 1082 1852 τύπον
1103 1808 1263 1865 λόγχης,
1296 1811 1361 1851 καὶ
1386 1809 1512 1852 τύπον
1537 1810 1662 1864 ἥλων,
1692 1809 1888 1864 ψηλαφώ-

345 1896 459 1932 μενος
484 1876 560 1920 ύπό
585 1882 656 1920 τοῦ
680 1880 826 1930 Θωμᾶ,
870 1876 1069 1932 ὁρώμενος
1094 1876 1172 1920 find
1196 1882 1274 1919 τῶν
1300 1883 1508 1931 μαθητῶν·
1552 1877 1814 1933 εἰςερχόμενος
1844 1879 1887 1921 δὲ

343 1951 485 2001 θυρῶν
516 1946 814 1999 κεκλεισμένων,
855 1948 919 1987 ἵνα
953 1949 1058 2004 δείξῃ
1085 1945 1145 1988 ὅτι
1180 1948 1235 1995 εἰς
1266 1949 1359 2000 μίαν
1382 1948 1518 1988 ἕνωσιν
1544 1945 1812 2001 πνευματικὴν
1841 1945 1884 1989 τό

343 2020 422 2056 πᾶν
447 2013 675 2072 ᾤκουόμησε
697 2019 765 2067 τῆς
787 2012 910 2056 αὐτοῦ
932 2013 1033 2069 πρὸς
1054 2012 1158 2068 ἦμᾶς
1176 2013 1269 2064 τούς
1291 2013 1536 2071 ἀνθρώπους
1559 2017 1765 2070 σωτηρίας.
1807 2016 1888 2057 Καὶ

346 2086 381 2125 τί
405 2101 472 2137 μοι
496 2084 586 2138 περὶ
612 2081 680 2125 τόν
702 2087 889 2124 τοσοῦτον
915 2081 1032 2138 λόγον
1055 2086 1382 2139 κατατρίβεσθαι,
1414 2082 1601 2132 πολλάκις
1623 2081 1697 2138 γάρ
1718 2080 1766 2125 τά
1789 2081 1890 2125 αὐτοὶ

345 2153 468 2207 λέγειν
489 2149 584 2204 ἡμῖν
606 2151 675 2204 μὲν
697 2148 770 2192 ούκ
793 2149 983 2206 ὀκνηρόν,
1024 2157 1108 2201 τοῖς
1131 2152 1173 2193 δὲ
1204 2150 1507 2207 ἐντυγχάνουσιν
1539 2149 1751 2203 οἷσφαλείας
1776 2151 1890 2207 χάριν

345 2223 621 2275 φροντίσαντες
643 2217 826 2267 πολλάκις
854 2218 1150 2275 διηγησάμεθα,
1182 2218 1231 2261 ‘t'v'
1255 2219 1365 2269 ὅπως
1391 2218 1697 2275 διαπεράσαντες
1717 2218 1790 2273 τήν
1817 2223 1889 2262 τοῦ

341 2285 495 2344 Ἀρείου
517 2290 775 2343 θηριοβολίαν
797 2293 874 2330 τῶν
896 2287 1164 2343 φρονημάτων
1185 2305 1224 2330 τε
1245 2289 1312 2330 καὶ
1331 2287 1455 2343 λόγων
1476 2288 1542 2329 καὶ
1571 2286 1886 2341 2διανοημάτων,

349 2358 495 2406 [κανῶς
525 2356 566 2398 δὲ
590 2356 680 2411 περὶ
701 2355 844 2409 ταύτης
868 2361 938 2409 τῆς
961 2357 1098 2406 λέξεως
1120 2354 1305 2406 ῶςαύτως
1330 2355 1597 2410 διαλαβόντες,
1629 2357 1692 2397 ἐπὶ
1712 2354 1781 2405 τάς
1801 2356 1889 2409 ἑξῆς

346 2427 482 2478 ἰ’ωμεν·
513 2426 579 2466 ἵνα
600 2424 850 2477 πανταχόθεν
873 2422 920 2465 τά
946 2429 1104 2466 πλεῖστα
1129 2424 1175 2466 τά
1204 2429 1250 2482 τῇ
1276 2427 1429 2481 διανοίᾳ
1452 2422 1567 2478 ἡμῶν
1586 2421 1665 2466 imi
1690 2428 1762 2477 τῆς
1792 2425 1888 2466 ἐκεί-

346 2511 423 2534 νων
449 2495 658 2548 ἒρεσχελίας
688 2490 961 2534 ὑποπίπτοντα
993 2496 1278 2546 σαφηνίσαντες
1310 2496 1495 2546 δείξωμεν
1525 2489 1604 2534 άπό
1629 2496 1708 2534 τῶν
1734 2489 1886 2547 ὀλίγων,

343 2559 369 2613 ἢ
392 2562 458 2602 καὶ
484 2560 695 2612 πλειόνων,
727 2560 788 2603 ὅτι
816 2566 833 2590 3
848 2559 976 2602 πάντα
998 2562 1039 2602 ἐν
1063 2565 1110 2618 τῇ
1135 2564 1228 2618 θεία
1251 2565 1385 2618 γραφῇ
1411 2565 1465 2618 τῷ
1488 2561 1712 2618 κεκτημένῳ
1735 2564 1888 2613 πνεῦμα

345 2627 456 2683 ἅγιον
479 2630 546 2671 καὶ
572 2634 669 2671 νοῦν
701 2627 918 2684 ἐγρήγορον
951 2627 1058 2683 παρά
1092 2632 1234 2683 κυρίου
1267 2628 1445 2682 εἰληφότι
1476 2627 1592 2671 οὐδὲν
1622 2629 1701 2670 ἔστι
1731 2625 1888 2669 σκολιὸν

346 2694 583 2750 ὑπονοῆσαι,
615 2696 641 2750 ἢ
666 2696 831 2746 πάθους
856 2694 961 2745 εἶδος
985 2698 1039 2746 εἰς
1061 2695 1130 2738 τόν
1153 2698 1324 2752 πατέρα,
1364 2695 1390 2750 ἢ
1412 2699 1465 2746 εἰς
1488 2695 1558 2739 τόν
1581 2695 1691 2746 υἷὸν,
1721 2693 1810 2737 οὐδὲ
1833 2696 1888 2744 εἰς

345 2763 387 2806 τὸ
412 2764 523 2819 ἅγιον
545 2770 719 2819 πνεῦμα,
751 2763 845 2807 ἄλλά
870 2764 998 2807 πάντα
1020 2764 1257 2816 τελειότατα,
1290 2767 1554 2818 οἰκονομικῶς
1575 2764 1616 2806 δὲ
1645 2765 1700 2812 εἰς
1721 2761 1888 2815 ἑκάστην

345 2835 476 2888 χρείαν
498 2834 560 2874 καὶ
586 2835 627 2875 ἐν
648 2833 797 2891 ἑκάστῳ
822 2833 932 2891 τόπῳ
959 2832 1062 2888 πρός
1093 2832 1137 2876 τὸ
1171 2831 1431 2886 ὑποκείμενον
1461 2834 1502 2875 ἐν
1535 2829 1702 2888 άληθείᾳ
1734 2832 1776 2873 ἓν
1803 2836 1889 2880 ταῖς

392 2958 469 2989 Cn.
496 2958 619 2990 LXVI.
651 2977 695 2984 -—
744 2959 771 2991 1.
798 2958 870 3004 ἔχον
904 2961 994 2993 codd.
1017 2970 1089 2992 mss.
1136 2961 1255 2999 inepte,
1279 2962 1383 2998 utpote
1403 2960 1436 2990 in
1459 2959 1563 2990 media
1583 2959 1813 2997 enuntiatione,
1834 2966 1887 2989 ca·

345 3007 478 3043 uterque.
525 3005 609 3034 Edili
633 3005 743 3035 habent
769 3003 864 3048 ἔχων.
1135 3009 1192 3044 puc
1215 3005 1305 3036 clusit
1327 3005 1482 3035 Petavius.

389 3050 420 3081 2.
452 3049 526 3081 Post
556 3057 621 3080 voc.
655 3049 909 3091 διανοημάτων,
941 3059 1095 3091 perquam
1186 3047 1216 3081 3.
1242 3050 1364 3088 Repone
1387 3044 1504 3090 πάντη.
