2030 3324
480 219 662 252 PANAan
687 221 769 253 Lm.
789 223 828 254 n.
853 223 960 255 Tou.
983 224 1022 256 u.
1050 223 1182 256 mna.
1204 224 1332 256 inx.
1606 217 1688 257 699

128 303 317 354 patemini
341 301 412 338 hae
441 307 550 339 nocte
580 303 618 340 ite
650 316 726 348 me,
773 310 810 341 et
838 305 1059 356 relinquetis·
1090 319 1146 343 me
1174 306 1318 343 solum.-
1361 319 1430 356 ego
1460 313 1584 344 aulem
1615 320 1688 344 non

132 383 212 408 sum
235 370 361 415 solus,
395 370 463 407 sed
484 376 540 407 est
569 383 707 409 meeum
734 375 802 423 qui
816 376 951 423 gemti!
972 387 1028 411 me
1048 380 1174 424 paler.
1243 371 1355 423 item,
1393 376 1509 420 rado,
1544 382 1583 413 et
1605 377 1689 413 mit·
1706 382 1810 411 toann.

134 445 206 477 tam
239 438 340 476 vohis
370 440 544 488 spiritum
575 446 766 486 saucium,
817 443 885 491 qui
911 455 932 478 a
959 449 1072 492 putre
1099 444 1293 492 procedit,
1340 449 1376 480 e!
1406 444 1450 480 de
1481 457 1558 480 meo
1588 446 1689 481 ucci-

125 509 200 558 pit.
267 503 362 545 item
393 505 508 556 alibi,
543 509 628 557 Ego
654 510 766 558 pulso
804 516 840 546 el
868 512 906 546 si
933 512 1016 560 quis
1054 512 1248 560 aperuerit
1277 512 1387 556 mihi,
1435 513 1691 560 ingrediemur·

131 576 182 613 ad
210 576 329 625 ipsum
360 588 451 625 ego,
498 583 533 613 ee
559 583 670 626 paler
701 590 823 623 meus,
871 584 908 614 e!
944 580 1168 616 mansionem
1209 580 1311 628 apud
1343 580 1448 616 illum
1476 580 1680 631 sacimuus,

132 648 174 682 ut
209 641 280 681 hoe
306 641 594 696 intelligamus,
641 658 829 698 nusquam
865 643 968 684 illum
997 659 1016 683 a
1043 651 1150 698 patre
1175 645 1327 695 deseri,
1363 647 1685 699 quemadmodum

131 716 170 750 et
201 717 312 765 pater
343 724 429 750 oum
464 712 563 762 titio,
600 718 639 751 et
670 726 755 752 eum
789 720 954 766 utroque
981 720 1169 768 perpetuo
1202 713 1361 768 spiritus
1393 722 1551 755 sanetus
1583 723 1656 755 est.

245 845 347 901 Quid
371 847 511 903 igitur,
555 848 757 903 inquiunt,
804 849 956 889 tandem
982 850 1054 889 sibi
1083 849 1164 890 vult
1197 864 1276 890 vox
1312 850 1414 891 iltius
1440 850 1537 902 ista,
1586 855 1686 891 Deus

1728 418 1770 453 15,
1784 418 1825 445 26.

1711 510 1837 545 »ἦρος-3,
1851 510 1893 538 20.

1710 549 1741 571 et
1761 544 1863 572 toaun.

1725 578 1766 612 H,
1787 579 1830 606 2³.

1747 854 1824 897 Cap.

1735 900 1795 931 LX
1805 901 1855 931 tv.

129 931 252 964 meus,
289 919 379 956 deus
402 932 524 965 meus,
561 932 679 970 quare
700 933 755 956 me
779 921 1050 971 derelequisti?
1110 917 1161 958 Et
1187 918 1271 973 quis
1295 933 1370 959 nou
1401 920 1509 959 videt
1533 934 1585 960 ex
1618 920 1685 960 ho-
1706 943 1819 970 Mam„

129 985 244 1025 minis
271 999 437 1040 persona
466 992 581 1040 atque
610 985 778 1026 humano
812 1001 921 1026 more
954 994 993 1027 ct
1026 987 1168 1027 affectu
1201 995 1427 1041 usurpatum
1467 987 1566 1028 hune
1599 1003 1687 1030 esse

129 1055 380 1094 sermonem?
440 1052 623 1094 Humana
654 1054 792 1108 quippe
831 1052 978 1095 Christi
1021 1063 1158 1095 natura
1202 1056 1359 1096 minime
1394 1064 1576 1111 separata
1620 1072 1705 1112 per·

128 1136 217 1163 sese
239 1129 313 1163 est.
377 1120 519 1177 Neque
543 1123 645 1163 enim
671 1124 778 1163 velut.
804 1136 854 1162 ex
882 1137 1050 1178 persona
1078 1124 1244 1164 seorsim
1269 1124 1478 1165 existentis
1505 1125 1688 1167 divinita-

128 1191 177 1232 tis
209 1198 275 1231 aut
307 1191 560 1231 humanitatis
584 1190 658 1232 ista
684 1191 860 1241 dicebat,
897 1192 1007 1246 quasi
1036 1192 1137 1232 aliud
1164 1199 1202 1232 et
1234 1191 1336 1233 aliud
1363 1193 1540 1247 quiddam
1574 1195 1686 1236 ambo

128 1261 279 1310 forent,
314 1260 381 1299 sed
408 1259 466 1299 sio
491 1266 671 1314 tanquam
697 1274 782 1300 eum
809 1260 1014 1301 divinitate
1040 1261 1248 1301 coniuncta
1278 1269 1384 1302 esset
1418 1262 1585 1304 hominis
1619 1279 1686 1306 na-

129 1335 229 1378 tura,
265 1328 363 1368 adeo
388 1335 427 1368 ut
448 1342 524 1368 una
550 1328 752 1383 utriusque
775 1329 998 1369 sanctitudo
1024 1331 1140 1380 foret,
1170 1330 1331 1385 ipsaque
1355 1330 1521 1372 hominis
1547 1341 1686 1375 natura

126 1397 165 1437 in
189 1396 392 1437 divinitate
416 1397 702 1452 perfectissima
729 1411 905 1452 quaeque
931 1406 1215 1451 cognosceret,
1253 1405 1384 1454 utpote
1412 1413 1496 1439 eum
1524 1401 1596 1441 deo
1622 1416 1687 1442 co-

129 1465 282 1520 pulata,
318 1464 416 1505 etin
444 1479 557 1505 unam
585 1466 810 1506 consociata
846 1467 1105 1507 divinitatem.
1170 1466 1281 1521 Quae
1312 1482 1396 1507 cum
1431 1468 1529 1508 hanc
1562 1470 1684 1525 ipsam

127 1533 370 1574 divinitatem
408 1548 493 1573 eum
527 1534 653 1574 anima
678 1534 782 1574 velut
819 1535 856 1574 in
896 1536 1098 1590 procinctu
1127 1536 1290 1590 quodam
1316 1550 1405 1576 esse
1433 1537 1608 1590 videret,
1644 1547 1686 1581 ut

126 1601 416 1643 sanctissimum
443 1616 585 1658 eorpus
611 1602 873 1657 relinqueret,
910 1618 960 1644 ex
984 1604 1164 1644 dominici
1191 1604 1357 1644 hominis
1383 1619 1577 1660 persona,
1614 1608 1686 1649 hoc

127 1679 187 1713 est
209 1671 400 1712 humanae
424 1678 587 1712 naturae
612 1686 633 1712 a
657 1671 780 1711 verbo
804 1680 1034 1727 susceptaeg
1070 1673 1209 1728 quippe
1232 1672 1414 1714 divinitas
1439 1676 1566 1716 omnia
1586 1692 1686 1731 quae

127 1741 172 1782 ad
198 1740 393 1796 passionis
427 1739 656 1795 mysterium
683 1740 899 1781 attinebant
923 1742 1114 1796 perficere
1136 1743 1390 1793 decreverat,
1436 1750 1473 1784 et
1509 1746 1554 1785 ad
1587 1746 1685 1786 infe-

127 1823 192 1850 ros
219 1823 304 1850 cum
331 1809 458 1848 anima
488 1809 753 1859 descendere,
791 1816 831 1849 ut
853 1823 922 1850 eos
949 1810 1011 1864 qui
1045 1817 1159 1850 antea
1188 1810 1328 1850 mortui
1359 1819 1492 1864 erant,
1529 1813 1601 1854 hoe.
1625 1823 1686 1856 est

126 1885 284 1920 sanctos
313 1877 555 1933 patriarchas
585 1876 622 1917 in
655 1878 821 1918 salutem
847 1886 1071 1919 assereret:
1117 1893 1203 1919 cum
1238 1878 1358 1934 igitur
1381 1880 1454 1921 ista
1493 1882 1566 1922 iam
1602 1884 1684 1937 agi-

127 1953 327 1997 tarentur,
362 1960 415 1986 ex
438 1946 628 1986 humanae
661 1953 823 1986 naturae
854 1961 1022 2002 persona
1050 1962 1129 1989 vox
1155 1948 1201 1987 ad
1227 1948 1474 1989 coniunctam
1503 1951 1686 1992 divinita-

127 2023 202 2056 tem
231 2016 293 2055 itta
324 2021 381 2055 est
415 2015 538 2066 edita,
592 2018 694 2055 Deus
726 2030 848 2063 meus,
892 2019 983 2055 {leus
1016 2032 1138 2065 meus,
1186 2032 1303 2069 quare
1336 2033 1391 2056 me
1418 2021 1686 2072 dereliquisti?

127 2083 213 2125 Hoc
238 2091 367 2124 autem
392 2082 538 2123 idcirco
562 2083 642 2123 fieri
667 2083 816 2135 debuit,
852 2092 890 2125 ut
912 2085 1130 2127 divinarum
1150 2085 1196 2126 ab
1220 2085 1286 2126 illo
1309 2087 1590 2142 seripturarum
1615 2089 1685 2129 im-

123 2153 325 2208 plerentur
340 2152 515 2202 oracula,
543 2166 643 2206 quae
668 2152 714 2192 ab
743 2152 827 2194 eius
852 2154 1049 2209 prophetis
1068 2155 1113 2195 de.
1136 2155 1220 2210 ipso
1247 2156 1496 2210 pronuntiata
1514 2158 1682 2209 fuerant,

125 2236 200 2277 quo
225 2221 295 2262 sub
317 2220 483 2261 hominis
508 2221 638 2276 specie
663 2221 709 2261 ad
737 2222 887 2263 inferos
911 2224 1156 2263 descendens
1180 2237 1279 2278 quae
1302 2224 1380 2264 illie
1400 2232 1511 2264 erant
1537 2225 1684 2266 obeun-

124 2291 169 2331 da
198 2297 440 2345 praestaret,
486 2297 602 2345 atque
634 2297 674 2330 ut
700 2290 786 2330 dum
822 2290 1038 2332 inferorum
1068 2292 1248 2348 princeps
1284 2299 1320 2332 et
1356 2307 1461 2333 mors
1489 2293 1683 2348 captivum

123 2359 319 2399 hominem
347 2358 522 2399 detinere
547 2359 697 2410 volunt,
724 2366 760 2400 et
781 2361 1028 2401 coniunctam
1053 2376 1138 2402 cum
1163 2361 1290 2401 anima
1310 2361 1550 2402 divinitatem
1572 2362 1684 2417 iguo-

125 2434 234 2478 rant,
280 2434 358 2468 tum
383 2428 455 2483 ipsi
480 2428 606 2482 potius
632 2428 746 2468 inferi
773 2437 1032 2484 caperentur,
1079 2445 1125 2471 ac
1152 2430 1288 2470 mortis
1316 2430 1536 2470 dominatus
1569 2445 1683 2472 ever-

1724 979 1767 1013 27,
1787 979 1828 1005 ⁴6.

123 2503 298 2547 teretur,
347 2503 382 2536 et
421 2496 650 2551 impteretur
683 2497 782 2552 quod
820 2498 1004 2553 scriptum
1044 2506 1125 2549 est,
1175 2502 1260 2538 Nou
1296 2502 1486 2551 relinques
1521 2504 1681 2542 unimam
1702 2512 1813 2541 Psalm-

123 2579 238 2605 meam
259 2568 297 2604 in
324 2566 472 2618 inferno
484 2596 494 2613 ,
529 2580 597 2604 nec
617 2567 724 2605 dabis
752 2575 922 2606 sanetum
949 2576 1051 2607 ίιιιιηι
1075 2571 1198 2608 videre
1221 2571 1512 2620 corruptionem.
1576 2569 1680 2611 Nam

125 2647 252 2689 neque
278 2633 338 2673 dei
365 2633 526 2674 verbum
560 2634 728 2674 animam
759 2634 958 2687 destituit,
1007 2650 1077 2676 nec
1116 2636 1219 2677 illius
1244 2636 1371 2676 anima
1405 2637 1502 2691 apud
1533 2637 1682 2681 inferos

123 2710 185 2744 est
205 2702 356 2743 relicta.
423 2700 610 2744 Ceterum
647 2703 743 2743 haec
769 2704 919 2755 omnia,
955 2719 1054 2759 quae
1080 2706 1125 2745 ad
1155 2705 1294 2759 ingens
1330 2705 1421 2745 illud
1452 2707 1680 2761 mysterium

122 2778 324 2827 spectant,
370 2778 623 2812 sacrosancta
649 2771 801 2811 trinitas
830 2773 1014 2813 universa
1047 2773 1180 2814 molita
1204 2781 1286 2824 est,
1322 2780 1434 2828 pater
1457 2782 1494 2815 et
1518 2775 1616 2816 filius
1645 2785 1683 2817 et

122 2839 281 2895 spiritus
315 2846 489 2881 sanctus.
555 2838 618 2880 Ex
653 2840 792 2895 quibus
818 2840 916 2881 filius
947 2855 1065 2882 carne.
1094 2841 1314 2896 praeditus,
1361 2850 1472 2897 pater
1503 2845 1681 2901 corporis

122 2964 244 3008 μᾶλλον
268 2969 335 2998 cett.
361 2968 510 2999 petavius
535 2963 684 3008 ‘zadram
718 2976 775 3006 pro
799 2965 876 3001 ‘226-
969 2968 999 2999 5.
1026 2965 1293 3011 ἐνεκαταλείφῧη
1325 2968 1415 3001 codd.
1445 2979 1517 3002 mss.
1542 2974 1678 3011 uterque,

119 3021 196 3053 τητι
218 3013 440 3051 reponendum,
468 3013 520 3044 sed
542 3022 689 3044 mancam
714 3022 777 3044 esse
800 3022 873 3044 ora·
921 3017 948 3045 et
972 3014 1017 3045 ed.
1042 3016 1141 3053 princ.

119 3058 233 3088 tionem
251 3059 427 3098 suspicatus
447 3061 489 3090 est
968 3057 1000 3091 o,
1028 3060 1200 3091 Carnarius
1220 3060 1294 3092 haec
1315 3061 1361 3092 ita
1376 3063 1554 3094 transtulit:
1580 3072 1682 3105 quum

1721 2547 1763 2583 15,
1783 2548 1822 2575 ιο.
