2066 3319
234 848 300 876 pag.
321 841 379 869 709.

396 206 477 245 554
962 206 1125 240 SANCTI
1147 206 1372 240 EP1PHAN11

398 289 509 337 κότες
532 285 626 329 ὄδόν
650 289 849 341 τραχείαν,
889 286 956 326 καὶ
977 283 1232 333 κινδυνώδεις
1252 283 1418 335 τόπους,
1449 284 1559 338 μόλις
1579 286 1742 338 ταυτησὶ
1771 288 1841 338 τῆς
1867 283 1938 338 άμμ

398 358 609 409 φισβαίνης
638 356 706 396 καὶ
735 352 866 408 θηρός
897 353 1100 407 ὀλετηρίου
1123 357 1194 406 τῆς
1213 355 1470 408 κεγχρίτιδος,
1508 352 1586 395 άπὸ
1617 357 1770 395 πολλῶν
1796 350 1938 406 ὁμοιω-

398 422 531 477 μάτων
552 422 850 474 πεποικιλμένης
875 419 976 476 πρὸς
1010 417 1167 473 άπάτην
1188 424 1265 461 τῶν
1289 417 1490 475 ὁρώντων,
1523 419 1684 474 ἐχούσης
1708 421 1750 462 δὲ
1773 436 1939 475 κεκρυμ-

397 492 516 544 μένην
547 495 564 518 3
579 488 686 531 κάτω
706 488 778 542 τὴν
795 487 994 543 κεντρώδη
1018 488 1086 528 καὶ
1108 486 1261 540 ἰοβόλον
1286 487 1438 542 πηγὴν,
1467 493 1537 541 τῆς
1558 490 1600 530 ἐκ
1623 486 1784 530 πάντων
1811 485 1940 542 ὅρμω-

396 560 525 612 μένης.
582 555 740 610 Ἐπειδὴ
773 555 846 611 γάρ
881 554 974 608 μετά
998 552 1354 608 ἙλλήνωνἝλλην
1381 556 1506 606 ἐστὶν,
1549 555 1658 609 ἥλιον
1692 559 1938 611 προςκυνῶν,

396 627 464 667 καὶ
487 624 670 678 σελήνην,
701 625 766 666 καὶ
790 623 836 665 τοὶ
859 622 1001 677 ἄστρα,
1032 624 1100 664 καὶ
1132 624 1340 675 δαίμονας,
1385 621 1555 675 4’Έλλην
1586 621 1609 664 ὁ
1634 621 1754 678 άνὴρ,
1786 621 1939 678 άγαπη-

398 695 478 745 τοὶ,
509 691 707 748 τυγχάνει,
748 693 814 733 καὶ
848 689 874 744 ἡ
904 690 1029 732 αὐτοῦ
1063 692 1210 745 αἵρεσις
1242 689 1288 730 τά
1312 694 1391 730 τῶν
1411 687 1603 742 Ἑλλήνων
1634 689 1863 745 ὑφηγεῖται,
1892 687 1940 731 τὰ

399 759 534 817 μάγων
556 761 772 810 ἐπίσταται,
812 760 878 800 καὶ
905 759 944 800 ἐν
975 756 1110 806 αὐτοῖς
1143 758 1441 812 ε’γκυλινδεῖται,
1482 756 1754 812 ἆστρονόμους
1777 759 1940 807 ἐπαινεῖ,

399 827 446 870 τά
469 827 598 870 αὐτῶν
621 825 976 882 περιεργαζόμενος,
1009 824 1130 878 μόνον
1154 828 1327 879 Χριστοῦ
1352 822 1578 876 σεμνύνεται
1600 822 1724 878 ὄνομα
1745 823 1864 882 λόγῳ,
1887 822 1942 873 ὥς

396 897 462 938 καὶ
486 894 585 949 αὕτη
609 893 636 949 ’ἦ
656 900 846 949 κεγχρῐτις
865 892 1029 948 κρύπτει
1053 893 1122 946 μὲν
1146 891 1213 934 τὸν
1237 890 1311 942 ι’ὁν,
1339 889 1469 949 ἄπατᾷ
1495 891 1536 933 δὲ
1557 890 1622 933 διὰ
1643 896 1713 945 τῆς
1733 894 1941 943 ποικιλίας,

399 967 440 1006 ἐν
462 964 565 1021 μέσῳ
590 961 694 1004 ύλῶν
717 966 869 1004 πολλῶν
903 962 1112 1016 γενομένη,
1154 960 1219 1001 καὶ
1243 957 1543 1012 ἄφομοιουμένη
1577 958 1671 1013 μετά
1702 963 1778 1002 τῶν
1804 957 1941 1002 ὅντων.

396 1031 461 1073 Ἐν
483 1032 523 1073 δὲ
545 1035 592 1088 τῇ
622 1035 693 1072 τοῦ
721 1035 823 1071 θεοῦ
852 1027 1016 1081 δυνάμει
1043 1031 1095 1085 τῷ
1125 1026 1226 1084 ξύλῳ
1253 1031 1322 1080 τῆς
1349 1025 1557 1080 ἀληθείας,
1598 1028 1665 1069 καὶ
1688 1028 1822 1081 αἵματι
1847 1031 1943 1082 Χρι-

399 1104 513 1150 στοῦ,
553 1099 622 1140 καὶ
652 1097 802 1151 σώματι
832 1101 887 1154 τῷ
917 1095 998 1138 ἀπὸ
1022 1098 1206 1151 Μαρίας,
1247 1099 1300 1151 τῷ
1332 1092 1531 1147 ἀληθιναῖς
1561 1096 1845 1152 γεγεννημένῳ,
1874 1095 1942 1136 καὶ

400 1172 446 1225 τῇ
474 1171 552 1208 τῶν
583 1169 734 1220 νεκρῶν
759 1163 985 1214 ἀναστάσει,
1027 1164 1093 1204 καὶ
1117 1167 1164 1220 τῇ
1190 1160 1376 1218 ὁμολογίᾳ
1410 1167 1479 1215 τῆς
1501 1167 1593 1215 μιᾶς
1615 1161 1819 1215 ἓνότητος,
1850 1175 1941 1204 συν-

399 1237 608 1287 τρίψαντες
632 1233 704 1287 τήν
727 1230 902 1285 κεφαλὴν
925 1235 996 1272 τοῦ
1024 1229 1239 1284 δράκοντος
1271 1230 1336 1270 ἐπὶ
1357 1236 1439 1278 τοῖς
1461 1229 1598 1280 ὕδασι,
1628 1229 1700 1283 τὴν
1719 1230 1942 1282 πολυκέφα-

399 1307 467 1344 λον
489 1300 635 1354 ταύτην
669 1303 836 1355 αἵρεσιν,
879 1300 933 1347 εἰς
958 1296 1132 1339 τούπίσω
1156 1297 1413 1351 στρέψαντες,
1453 1298 1520 1338 καὶ
1548 1295 1651 1350 5τὴν
1680 1296 1854 1351 κεφαλὴν
1874 1315 1945 1340 κα-

399 1368 682 1417 ταθλάσαντες,
715 1365 931 1420 εὐχάριστοι
969 1365 1039 1418 μὲν
1065 1369 1148 1421 θεῷ
1180 1365 1475 1417 διατελέσωμεν,
1516 1365 1580 1406 ἐπὶ
1605 1364 1647 1406 δὲ
1673 1363 1742 1413 τας
1771 1366 1860 1418 ἑξῆς
1886 1366 1945 1406 αἷ-

399 1438 522 1491 ρέσεις
546 1440 756 1490 προελθεῖν
789 1432 1039 1486 σπεύσωμεν,
1080 1430 1178 1473 θεὸν
1210 1432 1510 1484 ἐπικαλούμενοι
1543 1430 1700 1485 βοηθὸν
1729 1435 1799 1486 τῆς
1830 1430 1944 1486 ἡμῶν

398 1502 624 1553 άσθενείας,
656 1501 766 1551 ὅπως
794 1500 841 1543 τά
872 1500 1133 1556 ἐπηγγελμένα
1163 1501 1204 1541 έν
1235 1503 1317 1556 θεῷ
1346 1497 1656 1554 περαιώσαντες,
1685 1502 1837 1550 τελείως
1859 1503 1944 1557 θεῷ

398 1570 744 1627 εὐχαριστήσωμεν.

772 1723 981 1767 ΚΑΤΑ
1032 1717 1539 1777 ἹΕΡΑΚΙΤΩΝ,

563 1797 902 1863 τεσσαρακοστή
941 1796 1127 1860 ἑβδόμη,
1164 1796 1192 1858 ἡ
1230 1799 1309 1845 καὶ
1345 1796 1563 1859 ἑξακοστή
1600 1796 1771 1859 ἑβδόμη.

512 1908 628 1951 Μετὰ
652 1908 723 1962 τήν
758 1906 966 1963 μοχθηράν
993 1907 1162 1960 ταύτην,
1202 1908 1269 1949 καὶ
1299 1905 1457 1960 ἰοβόλον
1487 1904 1586 1962 ὑπὲρ
1621 1911 1752 1948 πᾶσαν
1782 1908 1944 1962 αἵρεσιν,

400 1979 467 2020 καὶ
491 1976 693 2032 ἓρπετώδη
717 1981 788 2018 τοῦ
804 1975 930 2028 Μάνη
955 1974 1203 2030 βαρβαρικήν
1224 1977 1481 2029 θηριοβολίαν
1500 1979 1569 2027 τῆς
1590 1976 1839 2024 διδασκαλίας
1859 1972 1946 2018 άνέ·

399 2060 469 2098 στη
492 2062 550 2093 τις
572 2043 745 2098 Ἰέρακας
775 2042 960 2096 ὀνόματι,
993 2041 1063 2094 ἀφ’
1091 2037 1214 2097 οὗπερ
1247 2040 1460 2096 Ἱερακῖται.
1526 2036 1654 2090 Οὗτος
1686 2043 1728 2084 ἐν
1749 2047 1796 2100 τῇ
1820 2047 1946 2085 Λεον-

398 2117 474 2168 τῷ,
515 2117 560 2169 τῇ
596 2110 674 2153 κατ’
706 2113 911 2166 Αἴγυπτον
944 2108 1137 2165 ὑπῆρχεν,
1179 2112 1218 2152 ἐν
1249 2112 1486 2166 προπαιδεία
1521 2107 1569 2152 οὕ
1601 2114 1722 2167 μικρᾷ
1751 2107 1944 2165 ὑπάρξας,

396 2179 628 2233 Ἑλληνικῶν
658 2195 697 2220 τε
719 2178 880 2220 πάντων
901 2177 1027 2233 λόγων
1050 2177 1353 2230 ἐπιτηδεύμασιν
1376 2177 1590 2230 ἀσκηθεὶς,
1622 2179 1946 2236 ιάτροσοφιστικῇ

399 2265 437 2289 τε
459 2249 525 2289 καὶ
544 2252 628 2295 τοῖς
651 2244 799 2296 ἄλλοις,
831 2251 912 2294 τοῖς
932 2250 1008 2287 τῶν
1025 2247 1255 2300 Αἰγυπτίων
1276 2245 1344 2286 καὶ
1363 2243 1554 2298 Ἑλλήνων
1576 2244 1809 2298 μαθήμασιν
1836 2244 1945 2301 ἄκρι-

399 2318 480 2368 βῶς
505 2311 676 2362 ἐπιστάς.
743 2312 847 2366 Τάχα
874 2314 914 2354 δὲ
939 2314 1005 2354 καὶ
1031 2313 1309 2367 ἀστρονομίας·
1352 2314 1418 2354 καὶ
1443 2316 1605 2369 μαγείας
1630 2311 1654 2355 o‘
1687 2312 1787 2368 ἀνὴρ
1816 2312 1944 2369 παρή-

401 2395 524 2435 ψατο·
558 2380 833 2437 ἐμπειρότατος
860 2379 932 2435 γάρ
957 2379 1104 2434 ὑπῆρχε
1135 2384 1290 2422 πολλῶν
1314 2379 1459 2435 λόγων,
1498 2382 1563 2422 καὶ
1591 2382 1633 2423 ἐν
1664 2379 1860 2436 ἐξηγήσει,
1891 2378 1946 2430 ὥς

400 2449 670 2502 ὗποφαίνουσι
709 2451 749 2491 οἱ
776 2446 898 2490 αύτοῦ
929 2446 1060 2502 λόγοι,
1104 2447 1210 2489 πάνυ
1250 2448 1291 2489 δὲ
1321 2446 1393 2500 τὴν
1427 2453 1505 2489 τῶν
1528 2450 1758 2504 Αἰγυπτίων
1789 2446 1945 2490 ἐπιστά-

401 2535 514 2571 μενος
540 2522 727 2572 γλῶσσαν.
789 2515 1009 2571 Αἰγύπτιος
1041 2514 1112 2570 γὰρ
1139 2513 1160 2556 ὁ
1197 2513 1297 2570 ἀνὴρ
1327 2510 1397 2568 ἧν,
1440 2514 1535 2557 ἄλλα
1570 2518 1638 2558 καὶ
1669 2521 1717 2574 τῇ
1760 2520 1840 2558 τῶν
1863 2513 1945 2557 Ἑλ-

402 2584 529 2637 λήνων
558 2585 847 2639 τετρανωμένος
881 2581 929 2625 ού
953 2587 1121 2637 μικρῶς,
1163 2580 1255 2631 ὄξὺς
1280 2581 1378 2624 κατά
1407 2582 1536 2625 πάντα
1556 2583 1718 2640 τρόπον.
1775 2581 1945 2637 ε’Υπῆρχε

402 2656 528 2705 δῆθεν
554 2651 810 2707 Χριστιανός,
852 2649 930 2692 ἀλλ’
958 2649 1031 2692 οὐκ
1055 2650 1222 2702 ἐνέμεινε
1242 2655 1291 2707 τῇ
1319 2655 1389 2692 τοῦ
1416 2656 1592 2707 Χριστοῦ
1613 2653 1797 2708 πολιτείᾳ.
1858 2655 1944 2692 Πα-

404 2721 537 2774 ρέπεσε
559 2719 656 2775 γάρ,
698 2721 765 2761 καὶ
800 2717 1013 2772 ὄλισθήσας
1044 2716 1249 2767 ἐξώκειλεν.
1315 2713 1443 2768 Οὗτος
1474 2719 1544 2772 μὲν
1573 2718 1646 2775 γάρ
1677 2716 1847 2760 παλαιάν
1875 2719 1944 2760 καὶ

445 2867 476 2899 3.
501 2870 549 2899 Ιια
572 2869 787 2908 corrigendum
810 2871 884 2900 erat.
932 2869 1019 2899 Libri
1040 2868 1150 2899 habent
1195 2864 1431 2908 κρατήκαμεν,
1456 2869 1503 2899 vel
1524 2868 1624 2899 simile
1646 2867 1730 2906 quid.
1779 2868 1846 2898 Nisi
1866 2876 1945 2906 par-

402 2909 497 2945 κατὰ.
546 2914 648 2943 Minus
669 2917 748 2944 cerlo
767 2917 863 2953 potest
884 2914 979 2944 statui
999 2913 1036 2943 de
1051 2913 1149 2943 medi·
1195 2913 1300 2950 ticipio
1324 2909 1584 2956 ἐπιβεβηκότες,
1606 2912 1641 2942 id
1663 2912 1746 2951 quod
1768 2921 1830 2942 non
1852 2913 1945 2943 semel

400 2960 471 2989 cina
506 2966 569 2996 qua
598 2960 763 2989 sententiae
793 2967 1035 2996 succurramus,
1069 2965 1148 2996 quae
1193 2957 1263 2995 fecit
1284 2958 1500 2996 Epiphanius,
1534 2965 1609 2987 usus
1626 2959 1669 2987 est
1689 2965 1747 2995 pro
1767 2957 1875 2996 finito,
1908 2959 1943 2987 ui

401 3003 512 3033 mutila
533 3002 656 3034 videtur
676 3011 748 3035 esse.
796 3004 920 3034 Excidit
939 3003 1070 3042 sortasse
1093 3011 1149 3034 κε·
1193 3003 1342 3032 sententia
1363 3004 1402 3033 sit
1448 3001 1517 3033 Nos
1539 3007 1650 3033 autem
1681 3011 1833 3044 maguam
1856 3000 1943 3032 viam
