2056 3298
177 1689 242 1717 pag.
260 1681 318 1709 408.

290 2347 314 2389 *ΠΖ

343 160 394 198 22
900 164 1062 196 SANCTr
1083 165 1305 198 EP1PHAN11

342 242 368 296 ἡ
391 241 497 295 ψυχὴ
519 241 589 283 οὐκ
617 243 744 293 ἐξέστη
764 247 833 282 τοῦ
854 239 1108 295 ἡγεμονικοῦ,
1141 240 1232 284 οὐδὲ
1257 247 1327 284 τοῦ
1347 242 1608 297 φρονήματος.
1671 242 1869 292 Πολλάκις

343 310 414 366 γάρ
440 309 669 360 φαντάζεται
693 308 855 361 ἑαυτήν,
888 307 941 357 οἷς
962 311 1002 350 ἐν
1026 309 1278 363 γρηγορήσει,
1309 313 1374 352 καὶ
1399 317 1603 365 περιπατεῖ
1623 312 1689 352 καὶ
1720 310 1866 366 ἐργάζε-

344 396 405 418 ται
436 378 500 417 καὶ
524 383 779 430 ποντοπορεῖ,
810 378 873 418 καὶ
910 378 950 418 ἐν
979 380 1125 418 πλείοσι
1151 379 1217 418 καὶ
1242 381 1381 429 μείζοσι
1410 378 1559 420 τούτων
1589 376 1637 420 δι’
1660 377 1869 433 ὀνειράτων

346 443 485 496 εἀυτήν
506 446 707 497 θεωμένη,
741 443 787 485 οὐ
814 444 891 497 μὴν
914 443 1011 486 κατά
1033 443 1101 486 τόν
1131 444 1370 498 ἀφραίνοντα
1398 447 1462 487 καὶ
1490 448 1530 488 ἐν
1561 445 1734 487 ἐκστάσει
1764 445 1869 501 γινό-

345 529 460 564 μενον
483 511 707 553 ἐκστατικὸν
732 511 966 566 ἄνθρωπον,
998 511 1065 553 τὸν
1086 517 1139 568 τῷ
1170 511 1317 565 σώματι
1342 514 1407 554 καὶ
1431 518 1476 570 τῇ
1502 519 1609 571 ψυχῇ
1633 513 1870 569 ἐγρηγορότα

343 578 389 620 τοὶ
422 577 527 619 δεινά
560 579 909 633 μεταχειριζόμενον
940 581 1006 620 καὶ
1037 579 1221 628 πολλάκις
1255 581 1377 636 ἑαυτῷ
1412 583 1547 629 δεινῶς
1578 580 1775 634 χρώμενον
1803 582 1870 622 καὶ

344 653 426 694 τοῖς
449 647 577 696 πέλας.
626 645 777 702 Ἀγνοεῖ
794 646 864 701 γαρ
891 646 914 688 ἃ
940 649 1153 702 φθέγγεταί
1174 664 1212 688 τε
1234 648 1298 688 καὶ
1318 646 1489 702 πράττει,
1521 647 1724 704 ἐπειδήπερ
1747 650 1787 690 ἐν
1811 650 1869 691 ἐκ-

345 714 471 756 στάσει
502 716 657 770 γέγονεν
688 713 915 769 α’φροσύνης
945 714 966 757 ὁ
997 720 1183 764 τοιοῦτος.

464 854 594 891 Ταῦτα
615 851 655 891 δὲ
675 849 801 891 πάντα
825 849 890 891 διά
914 849 977 901 τὸ,
1008 848 1191 903 Ἐπέβαλε
1213 848 1350 903 κύριος
1374 851 1549 892 ἔκστασιν
1573 852 1638 892 ἐπὶ
1661 849 1729 892 τὸν
1748 849 1871 904 Ἀδοὶμ

343 919 410 959 καὶ
431 917 622 968 ὕπνωσεν,
655 916 828 972 ἀνάγκην
851 917 1072 971 ἐσχήκαμεν,
1105 912 1135 959 ῶ
1161 917 1415 970 ἐπιπόθητοι,
1447 915 1676 973 συναγαγεῖν
1697 917 1768 967 τοὶς
1789 921 1871 960 δια-

346 985 475 1039 φοράς
502 990 578 1026 τῶν
608 985 764 1039 τρόπων
793 990 860 1038 τῆς
891 985 1124 1037 ἐκστάσεως,
1156 987 1221 1027 καὶ
1246 984 1467 1039 ἐφράσαμεν
1500 984 1547 1027 δι’
1570 985 1618 1039 ἣν
1641 988 1766 1028 αἰτίαν
1796 988 1877 1028 ἐκεῖ

346 1053 451 1108 παρὰ
480 1056 618 1107 κυρίου
653 1055 827 1101 ἔκστασις
858 1055 1004 1106 εἴρηται
1027 1051 1052 1106 ἡ
1073 1058 1142 1095 τοῦ
1171 1053 1300 1095 ὕπνου
1331 1051 1490 1106 μετοχή,
1522 1052 1582 1095 ὅτι
1611 1052 1676 1095 διὰ
1705 1052 1774 1107 τήν
1802 1058 1873 1095 τοῦ

346 1127 446 1163 θεοῦ
471 1120 593 1173 φειδῶ
624 1122 689 1162 καὶ
721 1124 1042 1175 φιλανθρωπίαν,
1073 1121 1122 1174 ἣν
1148 1126 1244 1163 πᾶσι
1265 1121 1333 1174 μὲν
1355 1119 1587 1176 άνθρῶποις
1618 1119 1641 1163 o‘
1665 1120 1783 1170 αὐτὸς
1813 1123 1870 1162 δε-

349 1191 520 1243 δῶρηται
550 1190 603 1237 εἷς
632 1187 675 1229 τό
713 1189 1000 1242 μεταφέρεσθαι
1026 1188 1091 1231 τὸν
1121 1187 1339 1243 ἄνθρωπον
1375 1187 1452 1231 άπὸ
1485 1192 1669 1244 μερίμνης
1698 1191 1751 1238 εἰς
1781 1187 1873 1230 άνά·

347 1272 490 1298 παυσιν
514 1256 664 1305 ὕπνου,
696 1257 762 1297 καὶ
790 1260 868 1297 τῶν
891 1261 945 1313 τῷ
969 1259 1041 1314 βίῳ
1065 1259 1260 1311 χρειωδῶν
1292 1256 1539 1312 πραγμάτων.
1596 1256 1712 1299 Ἐκεῖ
1737 1257 1779 1298 δὲ
1807 1273 1871 1298 πε-

346 1325 571 1379 ριττοτέρως
597 1326 745 1376 ἐκείνην
768 1325 944 1366 ἔκστασιν
969 1326 1149 1377 κέκληκε,
1181 1323 1245 1366 διά
1267 1324 1309 1366 ‘co'
1338 1330 1499 1377 ποιῆσαι
1529 1323 1648 1367 αὐτὸν
1676 1323 1776 1379 πρὸς
1804 1323 1874 1377 τήν

348 1393 451 1445 ὤραν
475 1391 526 1445 μή
552 1391 811 1433 αἰσθάνεσθαι
832 1393 970 1444 πόνου,
1003 1391 1051 1433 δι’
1076 1392 1125 1446 ἣν
1148 1394 1273 1445 ἔμελλε
1294 1392 1505 1445 λαμβάνειν
1526 1391 1696 1448 πλευράν
1719 1390 1784 1433 ἀπ’
1807 1390 1874 1433 αὖ·

344 1465 428 1510 τοῦ,
458 1461 526 1500 καὶ
548 1459 725 1501 πλάττειν
748 1458 869 1512 αὐτὴν
892 1458 995 1516 αὐτῷ
1021 1462 1074 1508 εἷς
1095 1466 1280 1514 γυναῖκα·
1312 1459 1403 1501 α’λλά
1425 1459 1496 1502 οὐκ
1517 1455 1565 1513 ἦν
1588 1462 1762 1509 ἔκστασις
1783 1476 1875 1514 φρε-

344 1533 421 1569 νῶν
446 1529 512 1568 καὶ
537 1527 818 1580 διανοημάτων.
867 1526 1012 1576 Εὕθῦς
1033 1526 1105 1582 γάρ
1130 1525 1295 1576 ἀναστάς
1316 1529 1477 1583 ἐπέγνω,
1507 1529 1574 1570 καὶ
1599 1527 1701 1570 εἷπε·
1751 1533 1873 1570 Τοῦτο

344 1601 417 1637 νῦν
450 1594 591 1637 ω’στοῦν
623 1598 665 1637 ἐκ
695 1600 771 1637 τῶν
802 1594 926 1637 ὀστῶν
955 1613 1053 1648 μου,
1084 1596 1151 1636 καὶ
1183 1593 1277 1650 σάρξ
1311 1597 1353 1637 ἐκ
1376 1600 1446 1648 τῆς
1478 1595 1622 1650 σαρκός
1650 1613 1744 1650 μου·
1775 1595 1874 1648 αὕτη

347 1663 583 1716 κληθήσεται
613 1663 731 1719 γυνὴ,
763 1663 821 1705 ὅτι
848 1665 890 1705 ἐκ
922 1669 991 1705 τοῦ
1017 1661 1161 1718 α’νδρός
1190 1662 1310 1716 αὐτῆς
1334 1663 1490 1717 ἐλήφθη
1513 1663 1621 1718 αὕτη.
1682 1664 1762 1705 Καὶ
1793 1665 1872 1706 ἐπί-

345 1747 477 1772 σταται
499 1730 570 1786 γάρ
585 1765 594 1782 ,
628 1730 680 1779 ὥς
703 1729 819 1788 ὁρᾷς,
851 1732 917 1772 καὶ
938 1730 984 1772 τά
1008 1736 1144 1786 πρῶτα
1166 1732 1233 1772 καὶ
1255 1730 1302 1772 τά
1323 1730 1517 1786 παρόντα,
1547 1733 1612 1774 καὶ
1635 1730 1873 1787 προφητεύει

342 1800 432 1851 περὶ
455 1804 531 1839 τῶν
561 1798 784 1852 μελλόντων.
842 1797 942 1840 Ἰδού
966 1797 1062 1853 γάρ,
1094 1799 1242 1853 ἐπέγνω
1270 1797 1316 1839 τά
1339 1804 1493 1853 πρῶτα,
1525 1799 1588 1841 ὅτε
1611 1795 1658 1853 ἦν
1680 1801 1721 1842 ἐν
1744 1799 1872 1857 ὕπνῳ,

343 1868 463 1921 λέγων
486 1866 565 1917 ὅτι,
595 1865 756 1908 Ὀστοῦν
779 1868 820 1908 ἐκ
846 1871 922 1908 τῶν
953 1865 1077 1908 ὀστῶν
1100 1884 1192 1920 μου·
1223 1868 1290 1908 καὶ
1313 1868 1456 1922 ἐπέγνω
1478 1867 1525 1908 τά
1549 1866 1747 1923 παρόντα,
1778 1866 1871 1921 μετὰ

345 1934 387 1975 τὸ
412 1939 636 1987 πλασθῆναι
658 1934 729 1987 τήν
757 1940 924 1989 γυναῖκα
951 1933 1132 1989 ἐπιγνούς
1163 1933 1285 1987 αὐτὴν
1312 1939 1327 1964 1
1344 1934 1421 1976 άπὸ
1449 1940 1518 1977 τοῦ
1550 1935 1727 1989 σώματος
1755 1934 1869 1994 ’ᾗρμέ-

344 2020 434 2056 νην·
466 2003 532 2043 καὶ
559 2002 826 2057 προεφήτευσε
849 2004 937 2057 περὶ
958 2007 1034 2044 τῶν
1058 2003 1252 2054 ἐσομένων
1280 2002 1359 2053 ὅτι,
1389 2001 1559 2044 ’Ἐνεκεν
1588 2003 1728 2046 τούτου
1757 2021 1873 2045 κατα-

344 2073 470 2122 λείψει
491 2068 703 2124 ὂῖνθρωπος
728 2069 795 2111 τόν
819 2071 965 2124 πατέρα
989 2068 1111 2111 αὐτοῦ
1134 2071 1198 2111 καὶ
1225 2068 1295 2123 τήν
1320 2072 1463 2126 μητέρα
1495 2069 1636 2122 αὐτοῦ,
1666 2072 1733 2113 καὶ
1756 2088 1871 2126 προς·

345 2137 629 2191 κολληθήσεται
652 2143 699 2195 τῇ
731 2140 883 2193 γυναικὶ
917 2137 1058 2188 αὐτοῦ,
1089 2139 1154 2178 καὶ
1187 2139 1340 2179 ἔσονται
1365 2141 1405 2180 οἵ
1432 2137 1503 2180 δύο
1533 2140 1586 2188 εἷς
1615 2138 1740 2194 σάρκα
1770 2142 1872 2192 μίαν.

352 2211 482 2247 Ταῦτα
508 2206 549 2247 δὲ
571 2204 643 2247 οὐκ
669 2201 751 2258 ἳῆν
777 2208 1003 2247 ἐκστατικοῦ
1035 2204 1195 2261 άνδρός,
1228 2204 1319 2248 οὐδὲ
1343 2205 1751 2261 άπαρακολουθήτου,
1781 2205 1873 2248 ἄλλά

348 2275 571 2329 ἐρρωμένην
601 2275 754 2327 ἔχοντος
783 2273 852 2327 τὴν
883 2273 1073 2316 διάνοιαν.

463 2343 517 2382 Εἰ
543 2342 583 2383 δὲ
610 2343 676 2383 καὶ
705 2343 792 2397 περὶ
820 2345 908 2393 τοῦ,
938 2340 1043 2396 Ἐγώ
1077 2339 1184 2383 εἷπον
1210 2343 1249 2383 ἐν
1280 2347 1326 2399 τῇ
1357 2341 1530 2384 ἐκστάσει
1555 2359 1654 2396 μου,
1688 2346 1777 2391 Πᾶς
1808 2340 1871 2383 ἅν·

349 2415 514 2463 θρωπος
536 2410 728 2462 ψεύστης,
757 2410 928 2460 λεκτέον,
959 2411 1067 2464 ἑτέρα
1089 2408 1205 2450 πάλιν
1237 2408 1380 2463 αὕτηή
1406 2409 1586 2464 δύναμις,
1619 2409 1688 2464 οὐχ
1712 2409 1759 2452 ὃν
1787 2409 1874 2465 τρό-

350 2495 426 2518 πον
451 2469 557 2526 τινός
582 2475 841 2533 ἅφραίνοντος
867 2476 1086 2533 ἀνθρώπου
1116 2478 1182 2519 καὶ
1211 2479 1456 2530 ἐκστατικοῦ,
1494 2477 1546 2531 μὴ
1571 2479 1742 2533 γένοιτο,
1782 2477 1874 2520 ἆλλᾶ

351 2543 723 2600 ὑπερθαυμάζοντος
739 2547 805 2587 καὶ
821 2547 1102 2599 διανοουμένου
1127 2550 1140 2574 ¹
1158 2543 1257 2600 ’ὑπὲρ
1277 2551 1355 2587 τῶν
1371 2545 1469 2588 κατά
1486 2544 1556 2599 τήν
1577 2545 1793 2599 συνήθειαν
1813 2551 1874 2588 λο-

351 2617 499 2668 γισμῶν
520 2617 597 2653 τῶν
623 2614 847 2668 συμμέτρως
873 2612 1082 2668 ὁρωμένων
1107 2630 1146 2654 τε
1169 2614 1235 2654 καὶ
1263 2615 1547 2667 πραττομένων.
1605 2612 1770 2667 Ἐπειδὴ
1800 2612 1872 2669 γάρ

352 2679 575 2733 ἐθαύμασεν
596 2681 822 2735 προφήτης,
854 2681 918 2723 διὰ
939 2679 1178 2734 θαυμασμὸν
1202 2682 1375 2723 ἐνταῦθα
1394 2683 1502 2738 λέγει.
1557 2681 1745 2737 Γεγόνασι
1767 2682 1808 2723 δὲ
1832 2683 1873 2723 ἐν

353 2747 525 2790 ἐκστάσει
547 2751 586 2790 οἴ
602 2754 822 2804 προφῆται,
854 2748 926 2792 οὐκ
947 2751 987 2792 ἐν
1010 2748 1181 2792 ἐκστάσει
1203 2754 1404 2805 λογισμῶν.
1449 2751 1589 2806 Γέγονε
1610 2748 1682 2805 γάρ
1703 2750 1770 2791 καὶ
1794 2750 1872 2790 Πέ-

399 2919 474 2950 CAP.
499 2921 555 2952 VI.
590 2939 628 2945 —-
681 2921 708 2953 1.
744 2923 868 2954 Mallem
901 2918 958 2956 ἀπ’
990 2917 1090 2956 αὖτοῦ
1181 2920 1211 2953 2.
1236 2913 1278 2961 ἦν
1301 2924 1418 2954 correxi
1439 2932 1508 2954 cum
1529 2923 1664 2955 Petavio.
1713 2921 1796 2954 Libri
1814 2921 1871 2955 ha-

354 2963 518 3008 σώματος.
1138 2967 1204 2998 bem
1227 2963 1288 3000 mix
1311 2965 1343 3000 ἐν
1368 2966 1564 3002 ἐκστατικοῦ
1588 2963 1719 3011 ἀνδρὸς.
