2030 3324
229 2066 317 2108 Κεφ
325 2077 385 2137 wlsi.

240 2118 308 2144 P'lg·

402 217 482 256 590
970 222 1132 254 SANGTI
1157 223 1381 255 EPJPHANII

403 303 549 353 αι’ρεσις
581 298 651 351 τὴν
684 296 878 351 αληθινην
907 301 1035 339 πίστιν
1062 316 1126 339 και
1153 317 1223 352 την
1246 302 1453 352 ἐκκλησίαν
1477 300 1524 341 οὐ
1549 301 1704 341 διέλιπε.
1766 299 1878 341 Κατα
1907 299 1950 341 δὲ

404 366 472 407 τόν
500 365 638 419 καιρόν
661 368 810 408 ἐκεῖνον
835 365 965 408 ἐδόκει
992 365 1253 420 πρεσβύτερος
1287 365 1383 408 εἶναι
1418 365 1633 422 δ’Ἀρειος,
1675 369 1742 408 καὶ
1770 366 1948 422 γεγόνασι

404 435 538 476 πολλοι
572 432 694 475 αυτοῦ
727 432 1063 488 συμπρεσβύτεροι
1098 432 1192 474 καθ
1220 433 1385 487 ἑκάστην
1416 436 1633 488 ἐκκλησίαν.
1695 436 1789 476 Εἰσὶ
1818 437 1951 476 τοίνυν

404 505 561 550 πλείους
584 500 652 543 τόν
675 499 850 556 ἀριθμόν
872 503 914 542 ἐν
936 504 982 558 τῇ
1004 499 1285 558 Ἀλεξανδρείᾳ,
1317 501 1387 543 συν
1408 507 1454 560 τῇ
1474 507 1546 544 νῦν
1566 506 1767 560 κτισθείσῃ
1793 507 1840 560 τῇ
1853 507 1948 543 Και·

403 572 536 626 σαρείᾳ
564 570 807 626 καλουμένῃ,
852 567 874 610 ὂ
906 567 1099 624 πρότερον
1141 567 1375 623 1Ἀδριανὸν
1401 569 1627 625 ἐτύγχανεν,
1657 569 1820 625 ὕστερον
1850 575 1949 612 2Λι-

404 635 605 679 κιννιανὸν
628 638 760 692 γέγονε
785 635 1022 691 γυμνάσιον,
1056 638 1182 677 εἷ’τουν
1209 639 1412 689 βασίλειον.
1473 638 1697 679 Μετέπειτα
1722 638 1763 679 δὲ
1794 639 1835 679 ἐν
1861 637 1948 693 χρό-

403 722 486 753 νοις
511 707 787 745 Κωνσταντίου
819 705 949 753 ἔδοξεν
974 702 1098 756 αὐτὴν
1129 706 1445 757 οἰκοδομηθῆναι
1470 706 1696 757 ἐκκλησίαν,
1731 708 1948 760 Γρηγορίου

401 777 471 813 τοῦ
489 776 742 825 Μελητιανοῦ
767 772 831 812 καὶ
849 771 1056 826 Ἀρειανοῦ
1080 769 1316 826 α’ρξαμένου,
1352 770 1618 821 τελειώσαντος
1641 773 1682 814 δὲ
1706 770 1948 814 Ἀθανασίου

401 845 470 881 τοῦ
500 843 694 895 μακαρίου
717 840 784 881 καὶ
808 837 958 894 πατρὸς
982 843 1051 892 τῆς
1078 839 1339 894 ὀρθοδοξίας,
1382 842 1598 892 καυθείσης
1629 840 1669 881 δὲ
1701 841 1766 881 ἐπὶ
1787 839 1949 881 Ἰουλια-

400 913 495 959 νοῦ,
527 910 594 949 καὶ
623 904 747 957 αὖθις
769 906 1072 960 ἆνακτισθείσης
1105 905 1172 948 ὕπ’
1203 906 1326 949 αὐτοῦ
1359 912 1429 948 τοῦ
1465 909 1682 962 μακαρίτου
1705 905 1948 949 Ἀθανασίου

401 980 472 1017 τοῦ
506 975 737 1018 ἐπισκόπου.
786 973 920 1016 ’Ἀλλαι
943 975 985 1016 δέ
1013 977 1086 1016 εἰσι
1115 978 1298 1026 πλείους,
1331 973 1384 1024 ὥς
1406 976 1529 1028 ἔφην,
1563 979 1778 1018 Διονυσίου
1808 979 1949 1016 καλου-

404 1045 500 1097 μένη
523 1045 718 1097 ἐκκλησία,
751 1044 817 1085 καὶ
836 1041 862 1096 ἦ
882 1048 952 1085 τοῦ
969 1046 1117 1094 Θεωνᾶ,
1149 1044 1215 1084 καὶ
1239 1041 1266 1096 ή
1286 1045 1480 1097 3Πιερίου
1502 1044 1569 1084 καὶ
1583 1046 1854 1099 Σεραπίωνος,
1880 1044 1949 1084 καὶ

404 1110 430 1164 ή
453 1117 522 1165 τῆς
548 1115 767 1166 Περσαίας,
811 1112 877 1152 καὶ
909 1109 935 1164 ἦ
959 1115 1028 1152 τοῦ
1053 1109 1251 1162 4Λιζύας,
1293 1112 1359 1152 καὶ
1394 1109 1421 1164 ἦ
1445 1116 1516 1152 τοῦ
1540 1113 1786 1163 Μενδιδίου,
1826 1111 1895 1151 καὶ
1924 1108 1951 1163 ἦ

396 1178 621 1229 Ἀννιανοῦ,
653 1180 719 1220 καὶ
742 1198 766 1232 η
791 1182 859 1231 τῆς
882 1178 1131 1229 Βαυκαλεως,
1163 1181 1230 1220 καὶ
1255 1177 1374 1219 ἄλλαι.
1433 1177 1495 1219 Ἑν
1515 1183 1585 1235 μιᾶ
1607 1179 1648 1220 δὲ
1672 1177 1823 1220 τούτων
1847 1176 1949 1219 Κόλ-

402 1246 552 1296 λουθός
574 1265 631 1295 τις
652 1245 845 1300 υπῆρχεν,
888 1248 929 1287 ἐν
953 1247 1061 1302 ἑτέρα
1094 1247 1135 1288 δὲ
1157 1245 1405 1300 Καρπώνης,
1449 1247 1489 1287 ἐν
1516 1245 1609 1303 αλλη
1643 1247 1684 1287 δὲ
1711 1250 1943 1300 Σαρματᾶς,

403 1316 471 1357 καὶ
487 1313 644 1369 Ἀρειος
666 1315 782 1361 οὗτος
807 1331 827 1354 ο
853 1315 1136 1367 προειρημένος
1161 1317 1252 1366 μίαν
1277 1318 1355 1355 τῶν
1377 1315 1674 1368 προειρημένων
1693 1315 1865 1368 κατέχων
1889 1315 1950 1355 ἐκ·

401 1386 573 1435 κλησίαν
622 1380 818 1428 Ἕκαστος
852 1381 893 1422 δὲ
927 1382 1076 1422 τούτων
1109 1384 1226 1435 δῆλον
1256 1399 1354 1422 κατα
1389 1399 1459 1434 την
1483 1382 1713 1435 εἰθισμένην
1752 1383 1946 1431 5σύναξιν

402 1449 470 1491 τόν
493 1447 597 1505 αὐτῷ
621 1450 927 1502 πεπιστευμένον
949 1448 1046 1490 λαόν
1073 1448 1272 1491 διδάσκων
1305 1451 1345 1490 ἐν
1376 1455 1461 1497 ταῖς
1494 1448 1718 1504 ἐξηγήσεσιν
1749 1451 1832 1504 ἔριν
1860 1447 1947 1491 τινα

405 1518 590 1570 ἐνέβαλον
628 1518 668 1558 ἐν
700 1521 753 1573 τῷ
785 1521 876 1573 λαῷ.
940 1518 1020 1558 Καὶ
1054 1518 1188 1570 οἱμὲν
1220 1519 1535 1572 προςεκλίθησαν
1555 1515 1713 1573 Ἀρείῳ,
1755 1518 1877 1572 ἕτεροι
1907 1516 1949 1557 δὲ

404 1583 644 1641 Κολλούθῳ,
689 1583 795 1626 ἄλλοι
825 1585 866 1625 δὲ
900 1583 1125 1642 Καρπώνῃ,
1166 1586 1290 1638 ἕτεροι
1323 1585 1364 1626 δὲ
1391 1589 1600 1641 Σαρματᾷ.
1658 1582 1728 1633 Ὡς
1760 1579 1833 1626 οὗν
1865 1586 1948 1638 ἐξη-

400 1659 502 1708 γεῖτο
527 1653 689 1700 ἕκαστος
721 1654 762 1693 ἐν
785 1656 831 1709 τῇ
862 1653 942 1709 ἰδίᾳ
975 1654 1178 1709 ἐκκλησίᾳ,
1221 1651 1334 1701 ἄλλος
1369 1651 1560 1704 θόἱλλοθι,
1601 1654 1668 1694 καὶ
1699 1651 1812 1702 ἄλλος
1842 1651 1946 1703 ἄλλο,

402 1722 444 1762 ἐκ
468 1725 537 1773 τῆς
563 1723 859 1775 7προςκλίσεως
885 1721 953 1761 καὶ
982 1722 1145 1762 ἐπαίνου
1177 1721 1218 1761 δὲ
1239 1725 1310 1762 τοῦ
1332 1719 1423 1776 παρ’
1446 1720 1595 1771 αὐτῶν,
1627 1721 1754 1774 οἱμὲν
1778 1725 1948 1762 Κολλου-

400 1787 570 1837 θιανοῦς
593 1786 758 1836 ἕαυτοῦς
781 1786 1005 1841 ὠνόμασαν,
1037 1787 1142 1829 ἄλλοι
1167 1788 1208 1829 δὲ
1229 1787 1464 1843 Ἀρειανούς.
1520 1789 1601 1829 Καὶ
1628 1787 1701 1844 γαρ
1724 1786 1748 1830 ὁ
1771 1787 1944 1831 Κόλλου·

401 1855 480 1905 θός
507 1874 595 1898 τινα
624 1857 974 1911 παρατετραμμένα
998 1858 1194 1906 ἐδίδαξεν,
1227 1854 1301 1897 ἀλλ’
1335 1855 1407 1898 οὐκ
1438 1858 1630 1909 ἐνέμεινεν
1658 1854 1685 1909 ἦ
1715 1855 1858 1899 τούτου
1889 1858 1947 1897 αἶ’-

402 1938 527 1978 ρεσις,
559 1923 634 1965 ἀλλ’
663 1922 788 1972 εὐθὺς
808 1926 1113 1978 διεσκορπίσθη·
1147 1922 1200 1973 ὦς
1223 1926 1307 1965 εἴθε
1329 1926 1395 1966 καὶ
1417 1922 1443 1978 ἡ
1463 1929 1533 1966 τοῦ
1555 1922 1708 1980 Ἀρείου
1736 1925 1946 1980 ἐμβεβρον-

402 1993 548 2045 τημένη
580 1995 729 2043 πίστις,
761 1995 907 2045 μᾶλλον
939 1992 980 2032 δὲ
1012 1990 1189 2041 ἀπιστία,
1225 1994 1312 2034 8ἕτι
1344 1992 1385 2033 δὲ
1415 1997 1558 2045 μᾶλλον
1588 1995 1833 2034 κακοπιστία.

518 2058 737 2115 Ἐποὶρματι
760 2058 831 2114 γοῖρ
855 2057 998 2114 ἀρθεὶς
1029 2058 1052 2100 ὁ
1076 2060 1200 2115 γέρων
1225 2065 1294 2102 τοῦ
1315 2061 1576 2115 προκειμένου
1608 2062 1748 2113 ἐξέστη.
1800 2053 1875 2100 ῗΗν
1904 2059 1947 2100 δὲ

414 2126 519 2207 ¹w}v‚
537 2126 691 2181 ἡλικίαν
713 2126 965 2182 ὑπερμήκης,
998 2126 1178 2180 κατηφὴς
1208 2127 1249 2170 τό
1274 2126 1397 2179 εἶδος,
1440 2129 1766 2182 ἐσχηματισμένος
1798 2124 1852 2176 ὥς
1882 2125 1946 2168 δό-

399 2201 482 2245 λιος
506 2194 619 2248 ὄφις,
651 2193 876 2247 υποκλέψαι
902 2194 1121 2248 δυναμενος
1143 2210 1275 2237 πασαν
1303 2214 1449 2238 ακακον
1479 2199 1657 2251 καρδίαν,
1690 2195 1755 2237 δια
1781 2199 1853 2236 τοῦ
1877 2212 1946 2236 αυ-

402 2268 472 2305 τοῦ
498 2263 726 2319 πανούργου
750 2278 1034 2318 προσχήματος.
1063 2261 1300 2318 Ἡμιφόριον
1324 2282 1396 2319 γαρ
1423 2282 1443 2306 ο
1465 2269 1641 2313 τοιοῦτος
1663 2261 1724 2305 οἷεὶ
1747 2263 1814 2304 καὶ
1834 2267 1945 2304 κολο-

400 2334 526 2384 βίωνα
551 2330 898 2384 ἐνδιδυσκόμενος,
931 2329 1075 2385 γλυκυς
1106 2332 1155 2383 ἠν
1187 2349 1233 2388 τη
1261 2335 1523 2388 προςηγορία,
1557 2334 1711 2373 πείθων
1733 2329 1793 2373 αεὶ
1812 2329 1946 2384 ψυχας

401 2417 465 2440 και
488 2398 698 2441 θωπεύων.
760 2398 908 2453 Διόπερ
933 2398 1076 2440 αὐτίκα
1104 2399 1228 2451 μα’λα,
1259 2402 1295 2439 τί
1319 2417 1392 2453 γαρ
1423 2398 1501 2440 αλλ’
1528 2418 1552 2452 η
1578 2400 1813 2448 ἑπτακοσίας
1844 2416 1944 2454 παρ-

400 2466 644 2515 θενευούσας
669 2466 735 2508 τὸν
767 2465 944 2521 ἀριθμόν
964 2471 1033 2519 τῆς
1056 2467 1263 2519 ἐκκλησίας
1285 2464 1363 2508 ὖπὸ
1388 2470 1432 2508 ἓν
1459 2470 1709 2522 παρείλκυσες
1749 2469 1817 2508 καὶ
1848 2465 1946 2509 ἄπο-

401 2539 546 2576 σπᾶσαι
570 2533 637 2576 τόν
661 2533 779 2576 αὐτόν
806 2536 879 2587 ἔχει
902 2533 1016 2589 λόγος
1038 2535 1327 2588 πρεσβυτέρους
1351 2552 1389 2576 τε
1412 2534 1509 2576 ἑπτα
1531 2537 1600 2576 καὶ
1627 2533 1838 2584 διακόνους
1868 2533 1943 2576 δώ-

403 2605 508 2644 δεκα.
560 2601 674 2656 ’Ἀχρι
709 2602 749 2643 δὲ
783 2603 850 2643 καὶ
878 2600 1105 2643 ἐπισκόπων
1132 2599 1257 2651 εὐθυς
1281 2603 1436 2654 ἔφθασε
1466 2601 1508 2644 τό
1543 2601 1667 2644 αὐτοῦ
1700 2601 1943 2658 δηλητήριον.

446 2751 657 2783 cAp.11.——
698 2752 721 2784 l
748 2746 936 2794 Αιδριαοο)
959 2753 1025 2783 cod.
1040 2753 1099 2784 len
1125 2755 1151 2783 el
1198 2754 1388 2792 Serapionis.
1447 2753 1583 2784 Ecclesia
1613 2752 1660 2783 his
1691 2754 1806 2783 sanctis
1838 2752 1945 2784 dicata

399 2797 471 2827 edili
503 2799 580 2828 libri.
630 2792 774 2838 Ἀιδρεν
752 2795 836 2830 Jac‘av
872 2799 938 2828 cod
970 2799 1150 2837 Ηὴει1ῐ9.ει
1196 2799 1256 2828 sita
1289 2803 1353 2829 erat
1383 2801 1414 2830 in
1443 2800 1564 2837 reyione
1595 2800 1707 2836 quarta
1735 2798 1944 2828 Alexandriae

400 2843 502 2872 Paris.
552 2843 598 2881 C.f
623 2844 757 2873 (mmuh
782 2844 814 2873 in
838 2844 996 2882 Spartian.
1017 2852 1048 2881 p.
1063 2841 1116 2873 ¹6.
1196 2845 1288 2874 urbis.
1329 2845 1485 2881 Baucazis,
1513 2843 1666 2874 Persaeae
1688 2845 1713 2872 el
1732 2843 1847 2880 Dizyae
1867 2845 1943 2873 tem-

444 2888 473 2916 2.
500 2884 673 2919 λικινιανὸν
699 2886 813 2928 (allero
836 2899 850 2919 ν
875 2896 963 2918 eraso
984 2897 1002 2917 α
1017 2896 1056 2917 m.
1072 2888 1147 2928 sec.)
1193 2889 1260 2926 pla,
1285 2891 1371 2919 trans
1391 2889 1532 2919 canalem
1554 2888 1626 2925 sita,
1647 2889 1778 2926 propius
1799 2888 1943 2918 aNecro-

399 2931 465 2960 cod.
487 2932 613 2971 Rhediy,
1192 2934 1257 2971 poli
1279 2935 1424 2972 aberant,
1451 2932 1590 2962 Theonae
1615 2934 1642 2961 et
1666 2933 1780 2962 Auiani
1803 2934 1888 2963 erant
1910 2933 1942 2962 in

443 2975 472 3005 ὃ.
499 2976 580 3006 Male
602 2978 747 3008 convertit
769 2978 918 3008 Petamus
941 2974 1059 3012 Pierii,
1086 2977 1147 3006 Se-
1196 2979 1305 3016 tertia,
1330 2978 1471 3016 Dionysii
1497 2977 1530 3008 in
1552 2976 1708 3016 secunda,
1734 2977 1886 3008 Mendidii
1909 2978 1940 3007 in

398 3018 555 3062 rapionis,
581 3030 651 3052 cum
674 3023 701 3052 ei
723 3022 890 3053 dicendum
911 3024 986 3053 esset
1000 3022 1096 3054 Pierii
1119 3024 1145 3052 el
1188 3023 1294 3061 prima
1317 3024 1446 3062 reyione.
