2066 3319
491 140 669 172 PANARtt
696 141 776 172 Ltss.
798 142 836 171 ll.
861 141 968 173 TOM.
992 142 1030 172 ΙΙ.
1056 141 1186 172 ΗΑΕΒ.
1208 142 1330 172 wa.
1605 133 1676 170 501

147 221 364 270 contineat,
411 220 509 274 quod
544 227 669 260 tamen
703 234 803 260 vana
837 227 898 260 tua
941 220 1171 275 minimeque
1205 221 1421 262 cohaerens
1453 221 1551 261 ratio
1584 234 1687 260 com-

147 289 310 345 probare
343 289 491 329 nititur.

257 355 402 397 Verum
434 357 507 397 hoc
541 357 625 397 loco
650 357 927 412 praetermisso
961 357 1007 397 ad
1038 357 1111 397 alia
1147 358 1317 397 eiusdem
1354 358 1518 398 bominis
1552 357 1688 398 deliria
1710 367 1789 411 Cap.
1814 368 1887 399 LX.

145 426 359 466 orationem
389 426 602 466 conferam.
667 423 869 480 Principes
901 425 953 466 ait
984 433 1180 481 postremo
1213 426 1277 466 illo
1313 433 1486 481 tempore
1521 427 1685 482 propriis

143 494 298 535 sedibus
321 495 539 534 restitutum
564 494 633 544 iri,
669 508 712 534 ac
738 492 890 534 Patrem
916 495 1212 549 suasmetipsius
1241 501 1370 548 partes
1405 509 1492 535 esse
1524 509 1685 550 recupe-

144 571 331 604 raturum.
378 560 476 616 Quis
498 569 558 603 est
577 562 641 602 ille
664 570 736 602 tam
763 576 934 616 aequus,
970 570 1009 603 ut
1036 563 1241 616 unicuique
1264 563 1360 617 parti
1387 564 1573 603 terminos
1593 577 1684 603 suos

144 631 250 672 velut
285 631 517 686 decempeda
548 631 755 671 metiatur?
814 629 981 684 Quinam
1016 644 1110 670 vero
1138 630 1286 684 parebit
1309 630 1395 681 ille,
1442 632 1504 685 qui
1531 633 1685 673 veritati

142 714 187 740 ac
210 699 310 740 bono
333 713 480 740 morem
503 713 642 754 gerere
666 699 775 739 initio
798 699 992 748 noluerit?
1025 696 1067 738 Si
1090 699 1124 738 id
1150 698 1382 739 necessitate
1404 700 1544 740 bonum
1567 715 1685 741 exor-

143 776 267 808 turum
293 767 466 819 dixeris,
502 775 541 808 ut
565 768 732 808 iniustus
755 767 816 807 ille
846 766 927 808 suis
953 766 1068 807 rebus
1095 774 1299 807 contentus
1324 767 1395 818 sit,
1431 782 1501 808 nec
1526 769 1562 808 in
1596 769 1686 809 boni

141 837 430 891 possessionem
456 836 619 877 involet.
682 833 766 876 Cur
790 850 866 875 non
892 836 1020 875 facere
1045 834 1134 875 illud
1159 835 1268 875 initio
1291 837 1428 891 potuit,
1464 837 1684 892 priusquam

141 919 235 945 suae
267 904 338 945 sibi
371 912 500 959 partes
535 911 670 945 essent
694 904 880 958 ereptae?
940 904 1002 944 An
1028 918 1122 944 vero
1145 904 1257 944 simul
1282 918 1370 944 esse
1395 905 1469 944 duo
1501 906 1553 945 illi
1577 913 1685 960 pote-

142 981 245 1024 runt,
280 988 364 1014 cum
390 987 498 1014 suam
524 973 686 1027 quisque
716 979 863 1027 partem
887 972 1085 1012 obtineat?
1123 972 1211 1026 Age
1237 987 1330 1012 vero
1352 974 1383 1012 si
1413 973 1571 1014 omnino
1593 987 1686 1013 suae

145 1042 401 1097 omnipotenti
429 1049 558 1097 partes
594 1040 802 1082 attributae
827 1041 927 1091 sint,
969 1041 1065 1080 adeo
1099 1047 1139 1081 ut
1169 1047 1331 1104 ceterae
1355 1042 1447 1082 nibil
1483 1043 1529 1082 ad
1562 1042 1685 1097 ipsum

142 1112 376 1166 pertineant,
412 1110 658 1166 omnipotens
681 1108 866 1164 appellari
887 1110 1065 1150 desinet?
1095 1109 1247 1150 desinet
1268 1111 1437 1151 omnium
1460 1125 1548 1151 esse
1572 1112 1684 1162 deus,

141 1179 293 1221 desinet
318 1180 416 1220 malo
442 1180 568 1220 bonus
592 1193 680 1219 esse
706 1178 919 1228 subiectus,
955 1193 1039 1219 cum
1067 1179 1333 1233 unusquisque
1355 1194 1423 1220 sua
1446 1194 1489 1220 se
1514 1180 1686 1220 domina-

141 1249 246 1289 tione
271 1248 482 1289 contineat.
529 1245 652 1288 Cuius
677 1261 793 1302 porro
816 1247 939 1288 malus
961 1247 1024 1288 ille
1048 1248 1226 1289 dominus
1249 1249 1338 1297 erit,
1373 1248 1404 1289 si
1430 1263 1555 1303 neque
1577 1263 1686 1288 mun-

141 1318 211 1358 dus
243 1318 403 1372 amplius
435 1317 630 1372 supersit,
666 1330 737 1356 nec
762 1316 965 1367 animalia,
999 1317 1062 1356 vel
1088 1316 1263 1357 homines
1289 1317 1380 1368 ulli,
1415 1319 1476 1372 qui
1502 1316 1605 1357 illius
1630 1317 1684 1357 di-

141 1387 234 1426 tioni
264 1386 480 1426 subiacent.
544 1383 756 1425 Praeterea
784 1399 869 1424 cum
898 1384 998 1424 idem
1031 1385 1094 1425 ille
1127 1387 1290 1425 materia
1316 1386 1428 1426 simul
1454 1394 1567 1440 atque
1600 1400 1685 1427 cor-

141 1455 267 1511 ruptio
299 1454 371 1504 sit,
416 1468 545 1494 nonne
573 1467 665 1509 prae
699 1453 841 1493 ceteris
877 1454 1070 1507 corrumpi
1106 1453 1190 1508 ipse
1220 1454 1377 1494 debuit?
1434 1453 1537 1494 Nam
1569 1455 1599 1495 si
1634 1470 1686 1496 ex

137 1524 202 1564 illo
237 1530 409 1578 tempore
444 1523 583 1563 malum
624 1529 663 1562 et
695 1522 726 1563 si
759 1522 956 1576 corruptio
991 1523 1114 1572 foret,
1159 1529 1368 1577 ceteraque
1398 1531 1681 1578 corrumperet,

137 1593 306 1648 seipsum
330 1592 486 1631 minime
510 1591 744 1645 corrumpit,
781 1606 857 1630 non
885 1599 944 1631 est
969 1591 1068 1644 quod
1094 1591 1331 1645 corruptioni
1357 1591 1569 1632 obnoxium
1595 1592 1685 1632 illud

138 1675 224 1701 esse
256 1660 523 1715 suspicemur,
568 1674 652 1699 cum
688 1660 738 1699 ita
771 1667 991 1713 corrumpat
1018 1666 1171 1709 cetera,
1213 1659 1337 1714 ipsum
1366 1660 1583 1700 immortale
1615 1661 1681 1712 sit,

137 1743 208 1770 nec
234 1729 409 1783 extingui
435 1728 572 1784 possit.
630 1727 692 1768 Ex
720 1743 795 1782 quo
819 1735 856 1768 et
883 1728 974 1768 illud
998 1727 1189 1782 sequitur,
1225 1742 1309 1768 cum
1332 1729 1454 1769 solida
1478 1736 1683 1784 perpetua-

136 1812 208 1853 que
236 1799 454 1839 substantia
481 1804 657 1848 constet,
702 1811 747 1836 ac
776 1804 932 1852 praeter
962 1810 1052 1837 sese
1089 1804 1294 1837 consumat
1322 1797 1475 1847 omnia,
1512 1797 1603 1837 nihil
1636 1798 1682 1838 ab

135 1868 200 1908 illo
229 1867 405 1908 relictum
432 1866 501 1916 iri,
546 1867 612 1907 sed
639 1881 723 1906 cum
761 1873 980 1905 ceterorum
1007 1866 1250 1920 consumptio
1281 1866 1354 1916 sit,
1397 1865 1472 1906 illis
1500 1866 1592 1920 ipsis
1624 1866 1683 1906 in-

136 1937 290 1976 teritum
334 1936 555 1976 allaturum.
621 1933 885 1988 Quamobrem
926 1935 981 1974 sic
1020 1934 1124 1975 illius
1166 1934 1383 1974 substantia
1425 1934 1680 1988 permanebit,

136 2005 228 2045 nibil
262 2012 303 2045 ut
336 2018 469 2045 eorum
505 2017 603 2058 quae
635 2011 725 2044 sunt
754 2003 928 2043 residere
965 2005 1155 2058 patiatur,
1200 2004 1266 2043 sed
1302 2003 1385 2044 sola
1423 2017 1682 2057 perseverans

134 2073 318 2114 universa
343 2073 575 2128 profligabit.
638 2071 740 2112 Nam
777 2073 808 2112 si
832 2086 938 2112 suam
973 2071 1010 2111 in
1044 2086 1132 2112 sese
1162 2072 1345 2112 malitiam
1378 2080 1585 2124 exerceat,
1620 2087 1683 2113 se-

135 2156 208 2196 que
235 2143 315 2197 ipsa
341 2148 586 2196 corrumpat,
630 2154 705 2180 non
731 2147 858 2195 potest
885 2148 1069 2181 constans
1103 2141 1186 2181 eius
1213 2154 1301 2181 esse
1335 2141 1560 2195 stabilisque
1592 2141 1682 2181 sub-

135 2211 292 2251 stantia.
357 2211 416 2251 Ac
455 2211 593 2250 nedum
632 2210 768 2249 l'uturis
801 2217 933 2264 postea
971 2210 1229 2265 temporibus,
1275 2210 1341 2250 sed
1379 2224 1427 2250 ne
1461 2209 1682 2264 praeteritis

136 2279 288 2333 quidem
315 2280 444 2319 facere
477 2279 621 2332 potuit,
664 2280 754 2332 quin
782 2292 824 2318 se
849 2286 982 2333 suapte
1013 2279 1132 2334 ipsius
1158 2279 1332 2334 pernicie
1358 2278 1556 2332 exitioque
1589 2292 1680 2318 con-

136 2348 284 2387 liceret.
347 2346 549 2388 Eiusmodi
576 2354 666 2387 sunt
689 2347 921 2402 ineptissimi
948 2347 1114 2388 hominis
1138 2361 1263 2401 nugae
1286 2361 1330 2387 ac
1356 2346 1519 2386 fabulae.
1584 2344 1680 2399 Qui—

136 2416 205 2456 bus
228 2416 511 2457 animadversis
538 2430 607 2456 vos
633 2417 865 2471 prudentes,
899 2423 1056 2457 sauctae
1080 2417 1140 2456 dei
1165 2417 1354 2457 ecelesiae
1388 2430 1431 2455 ac
1464 2415 1679 2456 dominicae

137 2486 222 2525 fidei
246 2485 411 2536 alumni,
447 2485 568 2540 qualis
597 2485 785 2539 impostor
817 2485 879 2525 ille
905 2486 954 2526 sit
984 2500 1068 2526 cum
1102 2485 1244 2526 iudicio
1269 2491 1401 2525 vestro
1434 2484 1676 2539 perpendite,

135 2555 295 2608 eiusque
316 2554 466 2594 somnia
491 2553 680 2593 deridete.
744 2551 822 2594 Sed
846 2554 890 2594 ad
915 2561 1141 2608 argumenta
1165 2553 1349 2607 quaedam
1373 2552 1677 2607 occasionesque

136 2636 338 2677 perperam
365 2636 415 2663 ex
437 2622 641 2677 scripturis
671 2622 793 2662 sacris
822 2622 868 2662 ob
899 2623 1120 2663 nonnullam
1144 2621 1430 2662 similitudinem
1465 2634 1677 2676 expressas

137 2691 331 2745 confugit,
366 2705 463 2745 quae
492 2706 576 2731 cum
602 2691 702 2731 aliud
726 2691 796 2731 sibi
824 2692 966 2743 velint,
1001 2692 1098 2731 male
1124 2691 1171 2731 ab
1195 2704 1241 2730 eo
1266 2689 1502 2730 contrarium
1527 2690 1563 2730 in
1590 2704 1678 2730 sen-

137 2773 219 2799 sum
248 2760 466 2800 trahuntur.
530 2758 638 2814 Ergo
663 2759 756 2800 haec
779 2761 862 2816 ipsa
894 2761 1021 2800 furtim
1055 2760 1100 2799 ab
1132 2773 1179 2799 eo
1210 2758 1333 2799 sacris
1366 2772 1385 2798 e
1412 2758 1534 2799 literis
1557 2759 1676 2798 inter-

135 2840 266 2877 versa,
294 2835 331 2868 et
354 2829 398 2869 ad
425 2829 544 2884 ipsius
570 2829 803 2869 sententiam
823 2829 1111 2870 accommodata
1136 2827 1270 2868 iisdem
1296 2827 1425 2868 verbis
1449 2827 1486 2867 iu
1510 2826 1675 2868 medium

182 2975 212 3007 9.
241 2977 379 3009 Fortasse
404 2975 446 3019 δή
474 2975 506 3010 ἐν
532 2976 648 3021 ἑαυτῇ-
