2066 3319
1648 196 1729 236 437

193 286 307 330 CVH
331 294 598 328 numerentur.
654 285 717 327 Ex
741 301 815 340 quo
839 287 1015 340 sequitur
1037 288 1139 328 circa
1162 302 1302 327 annum
1329 293 1503 340 quartum
1527 284 1732 326 Aureliani

191 356 260 396 sub
289 355 515 411 Hymenaeo
542 354 902 410 Hierosolymorum
930 355 1110 409 episcopo
1144 356 1401 395 introductum
1430 356 1530 394 huuc
1557 353 1593 393 in
1623 367 1731 393 mun-

191 424 277 464 dum
309 437 484 464 errorem
513 423 656 474 fuisse,
691 431 727 463 et
754 423 916 473 diaboli,
951 423 1012 477 qui
1045 423 1082 463 in
1117 423 1312 463 haeretico
1342 424 1405 463 illo
1440 422 1657 471 residebat,
1693 420 1730 461 vi

190 506 233 532 ac
258 493 390 533 l'raude
420 499 695 548 propagatum,
730 499 771 533 ut
796 506 863 532 eos
888 492 951 546 qui
976 492 1086 531 fidem
1119 492 1346 531 adhiberent
1376 506 1397 531 a
1419 491 1585 531 veritate
1617 504 1731 530 revo-

190 567 297 600 catos
329 561 366 600 in
401 562 572 601 fraudem
606 561 836 616 impelleret.

303 627 565 682 Quamobrem
592 643 642 670 ex
667 629 768 670 omni
793 636 900 684 parte
924 627 1126 668 convictae
1151 634 1241 668 sunt
1264 628 1365 668 illius
1390 628 1638 682 praestigiae,
1673 627 1728 667 sic
1745 634 1933 678 Cap.XXt.

189 705 229 738 ut
259 699 490 753 sapientium
520 698 693 748 animus,
729 713 812 739 cum
839 704 1020 738 accurate
1044 706 1182 736 cuncta
1215 697 1391 746 noverit,
1427 696 1730 735 commentitium

187 758 288 806 illius
314 767 450 820 dogma
475 768 722 808 condemnet.
784 765 888 807 Nam
915 772 1045 805 cetera
1073 764 1174 805 illius
1200 765 1435 820 sophisticae
1463 764 1730 804 cavillationes

187 849 375 889 nugarum
402 835 672 890 plenissimae,
708 835 910 888 ambiguae
936 841 974 874 et
1001 834 1223 884 instabiles,
1259 832 1574 889 prudentioribus
1607 832 1730 871 omni-

187 903 257 944 bus
281 904 446 944 ludibrio
479 912 584 945 sunt.
649 902 759 957 Quae
782 903 932 958 quidem
958 902 988 943 si
1014 903 1058 942 ad
1084 903 1243 942 verbum
1271 915 1470 957 exponere
1496 915 1540 941 ac
1568 901 1729 954 singulis

187 974 427 1027 respondere
449 973 586 1024 velim,
622 987 690 1013 ero
715 973 751 1012 in
781 972 849 1012 hac
877 971 1028 1012 haeresi
1055 971 1289 1011 confutanda
1313 970 1480 1024 longior.
1544 967 1731 1010 Praeser-

188 1041 252 1081 tim
277 1056 361 1081 cum
386 1056 405 1082 a
431 1043 578 1097 magnis
608 1042 701 1082 viris
725 1040 972 1081 admirabiles
997 1040 1041 1080 ad
1067 1040 1167 1080 illius
1194 1040 1420 1080 refutandos
1443 1052 1600 1079 errores
1625 1038 1731 1078 lucu-

186 1110 385 1151 brationes
412 1121 501 1150 sunt
523 1111 673 1160 editae,
708 1111 814 1150 velut
836 1110 882 1149 ab
908 1108 1104 1149 Archelao
1131 1108 1338 1164 episcopo,
1374 1115 1413 1148 nt
1443 1115 1556 1148 antea
1589 1107 1731 1146 dictum

187 1186 267 1230 est,
303 1176 501 1233 Origene,
537 1187 576 1219 ut
601 1178 844 1234 accepimus,
881 1177 1052 1218 Eusebio
1079 1175 1356 1227 Caesariensi,
1391 1183 1430 1217 et
1461 1177 1585 1216 altero
1612 1174 1729 1215 Eme-

187 1262 306 1298 seuo,
342 1246 559 1303 Serapione
583 1247 822 1297 Thmuensi,
857 1246 1076 1287 Athanasio
1101 1246 1391 1296 Alexandrino,
1428 1244 1602 1299 Georgio
1628 1242 1731 1284 Lao-

188 1316 347 1366 diceuo,
383 1316 626 1371 Apollinario
649 1318 739 1356 item
762 1314 1006 1365 Laodiceno,
1040 1314 1148 1366 Tito,
1183 1330 1227 1356 ac
1251 1315 1445 1370 plerisque
1470 1314 1555 1354 aliis
1580 1314 1642 1368 qui
1665 1313 1731 1353 ad-

186 1399 324 1426 versus
359 1385 463 1425 illum
494 1386 750 1440 scripserunt.
813 1383 906 1425 Non
943 1384 1016 1424 erit
1049 1392 1200 1434 tamen,
1237 1390 1276 1423 ut
1309 1385 1470 1438 opinor,
1506 1382 1727 1432 molestum,

186 1454 217 1494 si
244 1468 362 1509 pauca
388 1469 455 1509 pro
476 1454 604 1509 inopia
630 1468 674 1494 ac
701 1453 888 1494 tenuitate
913 1461 1044 1493 nostra
1068 1454 1113 1493 ad
1137 1454 1350 1506 augendam
1376 1451 1542 1491 inl'elicis
1570 1451 1730 1491 homun-

188 1523 310 1564 cionis
335 1523 529 1563 infamiam
551 1523 589 1562 in
614 1523 778 1562 medium
804 1522 1029 1572 afferamus,
1063 1522 1382 1576 quemadmodum
1406 1528 1519 1560 antea
1540 1519 1726 1559 diximus.

189 1590 232 1632 lu
259 1606 333 1647 quo
360 1592 497 1632 vellem
526 1591 702 1646 equidem
729 1592 765 1631 in
796 1591 897 1631 illius
924 1603 1057 1630 errore
1088 1589 1315 1642 castigando
1342 1603 1493 1629 omnem
1521 1589 1729 1629 verborum

188 1661 436 1715 asperitatem
463 1663 613 1713 fugere,
647 1660 761 1714 idque
785 1662 883 1701 adeo
907 1660 1047 1699 leniter
1072 1660 1201 1698 facere
1226 1658 1453 1713 potuissem,
1490 1657 1561 1698 nisi
1586 1658 1622 1697 iu
1648 1657 1730 1697 uni-

188 1744 392 1770 versorum
426 1729 619 1770 dominum
655 1730 906 1769 effraenatam
940 1728 1094 1782 linguae
1125 1727 1433 1767 maledicentiam
1465 1727 1731 1781 imprudenter

189 1799 421 1840 effunderet.
487 1797 639 1853 Quippe
669 1799 731 1852 qui
765 1797 927 1838 subinde
954 1797 1192 1837 conditorem
1218 1795 1341 1850 ipsum
1375 1796 1566 1850 abneget,
1601 1809 1622 1835 a
1655 1808 1730 1849 quo

189 1875 269 1908 tota
299 1868 393 1908 haec
427 1868 524 1907 coeli
562 1875 767 1921 terraeque
793 1867 938 1916 moles,
973 1866 1176 1920 omniaque
1203 1866 1354 1905 illorum
1383 1865 1527 1904 ambitu
1553 1877 1730 1918 compre-

188 1937 307 1978 hensa
333 1936 516 1977 fabricata
539 1943 643 1976 sunt.
707 1934 829 1977 Cuius
861 1935 946 1975 loco
972 1935 1104 1974 nescio
1139 1948 1249 1988 quem
1277 1940 1518 1974 commentus
1542 1940 1603 1973 est
1633 1932 1730 1972 alte-

188 2020 270 2046 rum
298 2007 408 2046 deum
436 2006 497 2060 qui
527 2019 711 2059 nusquam
736 2005 808 2054 sit,
843 2011 883 2044 ut
914 2004 960 2043 ab
993 2017 1038 2043 eo
1071 2003 1132 2057 qui
1165 2010 1225 2043 est
1255 2003 1382 2058 reipsa
1411 2002 1628 2042 recederet.
1692 2000 1730 2041 A

187 2076 352 2116 veritate
374 2074 476 2114 enim
501 2073 668 2124 excidit,
703 2080 740 2113 et
764 2073 835 2112 hoc
863 2072 916 2112 illi
943 2073 988 2112 de
1013 2072 1138 2112 fabula
1170 2071 1354 2126 contigit,
1389 2085 1461 2126 qua
1488 2084 1629 2110 corvus
1661 2070 1730 2110 ali-

188 2144 340 2199 quaudo
364 2146 508 2193 fertur,
543 2157 627 2183 cum
655 2150 784 2182 rostro
809 2141 986 2196 pabulum
1012 2142 1153 2191 ferret,
1188 2155 1279 2180 mox
1303 2147 1343 2180 ut
1368 2141 1450 2179 eius
1485 2139 1655 2179 umbram
1689 2139 1726 2178 in

188 2227 286 2267 aqua
311 2212 558 2267 conspicatus
591 2218 671 2261 est,
706 2218 746 2251 ut
771 2211 870 2250 aliud
905 2210 976 2250 sibi
1005 2216 1234 2264 quaereret,
1269 2210 1367 2264 qnod
1405 2208 1569 2249 habebat
1602 2207 1728 2262 perdi-

1300 2276 1376 2318 lam
1407 2291 1502 2317 vero
1535 2275 1618 2330 quis
1648 2276 1728 2315 bla-

536 207 716 240 PANARII
741 206 822 239 LIB.
843 207 884 239 tt.
911 207 1017 240 ToM,
1041 208 1078 239 1¹.
1104 206 1233 239 HAER.
1252 207 1375 239 LXVI.

188 2282 314 2332 disse,
350 2295 421 2321 nec
452 2295 534 2321 eam
562 2294 673 2335 quam
710 2294 786 2319 non
815 2279 978 2319 habebat
1003 2279 1233 2319 obtinuisse.

187 2350 386 2405 sphemum
413 2350 515 2390 illum
541 2350 708 2390 tolerare
733 2348 880 2404 possit?
937 2346 1040 2388 Nam
1065 2347 1096 2388 si
1124 2354 1305 2402 parentes
1329 2347 1414 2386 illos
1436 2360 1455 2385 a
1480 2344 1617 2399 quibus
1642 2359 1727 2384 cor-

188 2434 258 2474 pus
284 2419 504 2474 accepimus
534 2418 580 2459 ab
613 2417 740 2472 aliquo
764 2418 1006 2472 vituperatos
1038 2416 1172 2457 audire
1207 2431 1283 2456 non
1318 2428 1547 2470 possumus,
1583 2420 1727 2468 quanto

187 2544 299 2590 στήσῃ
314 2570 321 2584 ,
354 2555 412 2585 pro
441 2555 500 2585 quo
522 2546 668 2577 petavius
689 2545 826 2575 censebat
847 2553 935 2583 repo-

186 2593 320 2624 nendum
344 2601 405 2623 esse
428 2590 633 2633 φαντασίας,
666 2589 718 2622 ἵνα
743 2585 933 2633 ἀποστήσῃ.

186 2640 281 2670 Aliter
302 2638 423 2668 videtur
446 2638 595 2669 Cornario
614 2637 787 2675 placuisse,
811 2638 864 2675 qui
887 2638 933 2668 in-

185 2686 368 2723 terpretatus
401 2686 443 2713 est
476 2682 608 2713 emissus
639 2688 687 2711 est
716 2680 748 2712 in
777 2680 934 2712 mundum

186 2727 240 2760 hic
271 2738 380 2766 error,
424 2727 545 2759 diaboli
582 2726 760 2758 habitantis
793 2726 826 2757 in
860 2726 932 2769 ipso

188 2773 337 2816 operatio
370 2785 409 2805 ac
438 2772 650 2815 imaginatio,
687 2779 722 2803 ut
751 2784 769 2804 a
794 2771 934 2804 veritate

187 2819 358 2851 seduceret:
384 2830 440 2850 eos
466 2818 521 2862 qui
545 2818 606 2862 ipsi
634 2817 816 2849 obedirent.

234 2864 311 2897 Cn.
331 2865 430 2896 XXI.
455 2883 496 2888 —
533 2866 560 2897 l.
587 2864 712 2902 „Deest
734 2875 796 2896 vox
818 2862 933 2908 βουλό-

189 2920 304 2951 μενος,
339 2917 395 2941 aut
424 2909 561 2942 similis“
593 2912 753 2941 annotavit
777 2912 934 2942 Petamus.

188 2956 269 2986 Nihil
289 2957 448 2996 desidero,
482 2957 633 2996 siquidem
663 2957 797 2996 infinitos
815 2956 933 2989 διελεῖν

189 3003 215 3031 et
243 2997 370 3041 γράψαι
404 3003 490 3042 finito
525 2999 636 3034 ἐλάσω
673 3003 829 3032 adstruxit
863 3005 933 3031 tan-

189 3055 284 3085 quam
302 3047 422 3086 finales.
469 3048 553 3079 Idem
573 3049 655 3079 enim
674 3048 736 3087 fere
755 3050 797 3079 est
818 3049 844 3078 si
864 3047 933 3077 dico

981 2542 1022 2575 ad
1044 2554 1126 2586 quae
1149 2541 1340 2585 singillatim
1365 2539 1571 2583 exponenda,
1597 2551 1636 2572 ac
1656 2540 1727 2572 sin-

980 2588 1064 2632 gulis
1086 2600 1199 2620 eorum
1220 2587 1432 2625 confutanda,
1458 2585 1586 2628 longior
1608 2586 1726 2626 forem,

981 2645 1018 2666 ac
1035 2637 1061 2667 si
1082 2636 1150 2666 dico
1171 2645 1252 2677 quae
1272 2633 1297 2664 si
1320 2632 1437 2663 vellem
1458 2631 1647 2673 singillatim
1666 2644 1726 2664 ex-

980 2691 1105 2724 ponere
1137 2691 1175 2711 ac
1208 2678 1333 2720 singula
1365 2678 1558 2716 confutare,
1596 2678 1726 2723 longior

981 2726 1098 2757 forem.
1148 2726 1200 2757 Sic
1220 2726 1304 2764 infra
1327 2725 1411 2755 haer.
1434 2723 1498 2763 625,
1522 2722 1552 2755 9.
1578 2725 1658 2756 dixit
1679 2723 1724 2758 ὠν

979 2769 1066 2805 κατὰ
1089 2769 1189 2813 μέρος
1211 2769 1312 2803 εἰπεῖν
1335 2766 1433 2803 πολὺν
1459 2765 1621 2804 οἷναλιόσω
1646 2768 1726 2814 χρό-

980 2829 1030 2850 νον

1025 2862 1056 2896 ’2.
1084 2860 1290 2902 capax-&mm
1321 2862 1410 2893 codd.
1432 2871 1504 2894 mss.
1553 2863 1637 2895 Edili
1668 2863 1725 2895 ha-

980 2911 1047 2940 bent
1071 2906 1295 2948 Σεραπίωνσς.

1025 2954 1055 2985 3.
1080 2949 1317 2995 Ἀπολλιναρίῳ
1343 2954 1390 2984 ed.
1414 2955 1520 2986 Petav.

1024 2996 1054 3030 4.
1079 2998 1228 3042 πτωχίας
1251 3000 1317 3031 cod.
1338 3000 1464 3040 Rhedt'y.
