2066 3319
219 1582 285 1610 pag.
302 1574 360 1603 528.

383 188 461 227 234
943 194 1104 227 SANc‘m
1127 195 1355 228 EPIPHANII

383 271 452 314 τὸν
474 270 626 325 μονήρη
650 273 738 323 βίον
760 268 1030 325 οἷναδέχεσθαι,
1059 271 1168 325 παρὰ
1187 278 1269 321 τοῖς
1288 271 1404 325 φύσει
1423 270 1521 314 κατά
1540 271 1610 321 τοὶς
1630 272 1792 326 ἐρημίας
1811 272 1901 314 ἀνα-

382 341 548 393 χωροῦσί
577 355 615 379 τε
644 339 710 379 καὶ
738 337 808 392 τήν
833 337 1105 393 οἷκτημοσύνην
1129 341 1341 394 ἑλομένοις,
1373 339 1480 394 δεινὴ
1507 340 1578 381 Ῑδὲ
1601 340 1667 381 καὶ
1689 339 1807 393 αὕτη,
1837 342 1905 383 καὶ

381 411 518 448 πασῶν
548 411 623 448 τῶν
648 410 822 448 παλαιῶν
847 408 1138 463 μοχθηροτέρα,
1167 408 1193 461 ἡ
1215 409 1282 450 καὶ
1304 407 1376 450 σῦν
1400 410 1562 456 ἐκείνοις
1585 406 1631 448 τοὶ
1661 407 1779 461 ὅμοια
1808 426 1906 463 φρο-

379 479 511 516 νοῦσα.
573 473 661 515 Κᾶν
695 473 765 530 γάρ
802 474 1032 529 αἰσχρότητα
1068 477 1249 517 ἐπιτελεῖν
1286 474 1332 517 οὕ
1369 474 1651 531 παρασκευάζει
1685 474 1776 524 τοῦς
1806 474 1906 534 αὐτῇ

380 543 738 596 μαθητευομένους,
770 541 846 584 ἄλλ’
872 538 944 585 οῦν
967 560 1008 598 γε
1029 541 1076 584 δι’
1098 542 1346 598 αἰσχρότητος
1367 543 1497 597 δεινὴν
1516 542 1708 585 ὑπόνοιαν
1732 545 1786 592 εἰς
1809 541 1905 586 αὐτὸ

379 608 422 652 τὸ
447 616 560 651 θεῖον
582 608 795 663 ἐνσκήπτει.
852 609 917 652 Ἐκ
942 609 1084 653 τούτου
1107 609 1179 666 γὰρ
1205 612 1272 653 καὶ
1294 609 1484 667 δ”Αρειος
1506 610 1574 659 τοὶς
1603 609 1822 665 προφάσεις
1856 613 1906 654 εἴ·

379 683 499 730 ληφε,
539 679 605 718 καὶ
640 679 680 719 οἱ
710 681 901 734 καθεξῆς,
930 677 1127 732 Ἀνόμοιοί
1155 695 1194 720 τε
1222 681 1290 720 καὶ
1320 678 1434 721 ἄλλοι.
1497 677 1646 720 Φάσκει
1674 677 1747 733 γάρ
1778 673 1906 731 οὗτος,

379 745 572 798 τολμήσας
595 747 717 798 δῆθεν
738 745 836 787 κατα
860 745 932 800 τὴν
956 745 1077 802 ἀρχὴν
1101 747 1241 801 λέγειν,
1271 751 1427 802 πρῶτον
1450 748 1518 801 μὲν
1544 746 1601 789 ὅτι
1628 744 1651 787 ὁ
1676 744 1763 794 υἱός
1786 744 1809 788 ό
1838 763 1905 800 μο-

379 812 541 868 νογενὴς
565 811 661 868 ὁρᾶν
686 813 754 855 τὸν
782 815 929 869 πατέρα
962 814 1009 856 οὗ
1040 814 1222 866 δύναται,
1262 813 1355 856 ἀλλὰ
1378 814 1465 856 οὔτε
1486 814 1530 857 τὸ
1554 819 1707 867 πνεῦμα
1731 813 1799 856 τόν
1820 812 1907 856 υἷὸν

380 880 542 922 δύναται
568 880 815 934 θεάσασθαι,
847 881 936 925 οὔτε
960 882 1037 936 μὴν
1066 881 1215 938 ἄγγελοι
1238 881 1280 923 τό
1311 887 1483 935 πνεῦμα,
1515 881 1604 924 οὔτε
1633 884 1674 924 οἱ
1700 880 1908 937 ἅνθρωποι

380 947 473 998 τούς
504 947 696 1004 ἀγγέλους.
758 952 838 992 Καὶ
870 950 968 1004 αῦτη
992 949 1127 1006 πρώτη
1152 948 1274 992 αὐτοῦ
1299 949 1325 1003 ἦ
1344 955 1499 999 πτῶσις.
1556 948 1621 991 Ἐκ
1648 949 1720 1005 γάρ
1746 955 1816 1003 τῆς
1843 949 1908 993 οὕ-

381 1020 466 1066 σίας
485 1022 555 1059 τοῦ
577 1017 724 1071 πατρὸς
746 1024 885 1061 τοῦτον
911 1021 1133 1074 εἰςηγεῖται,
1163 1017 1316 1060 κτιστόν
1346 1019 1387 1060 δὲ
1414 1018 1505 1071 ἅμα.
1565 1017 1754 1060 Βούλεται
1783 1019 1826 1061 δὲ
1856 1017 1909 1068 ὥς

378 1084 476 1127 κατα
498 1085 610 1141 χάριν
632 1085 701 1127 τὸν
721 1086 810 1129 υἱόν
833 1085 952 1129 αὐτόν
973 1092 1175 1129 καλεῖσθαι
1202 1088 1333 1141 λέγειν.
1383 1087 1477 1128 Εἰσὶ
1501 1086 1543 1128 δὲ
1565 1088 1631 1128 καὶ
1657 1086 1765 1128 ἄλλαι
1786 1084 1908 1129 αὐτοῦ

379 1153 543 1202 πτώσεις
562 1157 722 1207 μείζους.
788 1154 867 1208 Τὴν
889 1154 1020 1208 ψυχὴν
1042 1154 1114 1210 γὰρ
1137 1153 1207 1208 τήν
1228 1152 1481 1209 οἷνθρωπείαν
1505 1155 1603 1210 λέγει
1627 1154 1906 1209 προϋπάρχειν,

380 1220 563 1276 ἀγγέλους
584 1223 625 1263 δὲ
645 1221 788 1271 ταύτας
807 1221 906 1264 εἶναι
928 1225 994 1264 καὶ
1018 1221 1204 1275 δυνάμεις
1224 1221 1327 1273 ἅνω,
1360 1224 1399 1264 ἐν
1420 1220 1625 1277 ἁμαρτίαις
1646 1224 1687 1264 δὲ
1708 1221 1906 1277 οἷμπλακη-

380 1289 523 1340 σάσας,
556 1291 621 1331 καὶ
645 1289 785 1331 τούτου
814 1292 942 1332 ἕνεκεν
968 1293 1023 1339 εἰς
1046 1294 1233 1345 τιμωρίαν
1253 1292 1307 1338 εἰς
1329 1295 1444 1331 τοῦτο
1468 1289 1511 1331 τό
1533 1295 1644 1343 σῶμα
1668 1296 1907 1333 κατακεκλει-

379 1359 541 1411 σμένας,
572 1360 804 1411 πεπέμφθαι
827 1359 867 1399 δὲ
889 1356 967 1400 dmi
989 1363 1088 1400 θεοῦ
1114 1360 1168 1406 εἰς
1190 1360 1388 1410 τιμωρίαν,
1420 1357 1528 1406 ὅπως
1551 1359 1725 1400 ἐνταῦθα
1747 1358 1908 1414 πρώτην

379 1428 506 1480 κρίσιν
528 1424 789 1475 ὑποδέξονται.
850 1425 1014 1480 Διόπερ,
1046 1427 1158 1478 φησὶ,
1188 1426 1255 1466 καὶ
1283 1426 1402 1477 δέμας
1421 1426 1602 1478 κέκληται
1623 1425 1664 1468 τὸ
1687 1431 1812 1479 σῶμα,
1843 1426 1909 1468 διοὶ

378 1492 420 1535 τό
446 1494 628 1535 δεδέσθαι
651 1493 722 1547 τὴν
742 1492 876 1547 ψυχὴν
899 1495 940 1535 ἐν
960 1498 1013 1550 τῷ
1037 1492 1203 1546 σώματι·
1232 1491 1303 1545 τὴν
1330 1491 1497 1534 παλαιάν
1516 1491 1708 1546 Ἑλλήνων
1738 1493 1908 1548 μυθώδη

379 1560 573 1603 ὑπόνοιαν
595 1561 893 1615 φανταζόμενος.
944 1564 1019 1611 Εἰς
1040 1566 1161 1602 ταῦτα
1183 1561 1223 1601 δὲ
1243 1562 1308 1601 καὶ
1332 1559 1490 1613 μύθους
1513 1563 1716 1603 ἐκτίθεται.
1770 1561 1908 1616 Ψυχὴν

378 1628 471 1685 γαρ,
503 1632 620 1682 φησὶ,
653 1629 718 1672 διεὶ
742 1635 856 1672 τοῦτο
881 1635 1092 1683 καλοῦμεν,
1125 1629 1191 1671 διὰ
1212 1627 1253 1670 τό
1287 1627 1444 1670 ἄνωθεν
1467 1628 1684 1683 πεψύχθαι.
1741 1635 1906 1686 Μαρτυ-

379 1701 465 1752 ρίας
487 1699 528 1739 δὲ
550 1697 646 1740 κατα
671 1698 738 1740 τόν
759 1701 861 1740 ἴδιον
882 1703 977 1740 νοῦν
999 1696 1265 1740 έπιπλάττεται
1287 1695 1364 1738 οἷπό
1389 1701 1467 1738 τῶν
1487 1700 1611 1740 θείων
1631 1703 1808 1754 γραφῶν,
1840 1696 1910 1752 οὐχ

379 1765 504 1815 οὕτως
536 1766 716 1820 ἐχούσας,
755 1766 848 1808 οὐδὲ
881 1766 1006 1815 οὕτως
1039 1767 1261 1819 δεδομένας.
1328 1763 1379 1806 Τὸ
1403 1764 1476 1820 γαρ
1503 1767 1646 1817 εἰπεῖν,
1686 1767 1805 1819 φησὶ,
1842 1765 1910 1808 τόν

379 1835 604 1891 προφήτην,
639 1834 767 1889 Πρινή
789 1837 1083 1888 ταπεινωθῆναί
1101 1850 1146 1887 με
1166 1832 1238 1889 ἐγώ
1259 1834 1542 1886 ἐπλημμέλησα,
1573 1835 1611 1882 ἐξ
1632 1832 1764 1887 αὐτῆς,
1795 1835 1908 1887 φησὶ,

379 1909 448 1957 τῆς
468 1909 600 1957 ψυχῆς
622 1901 645 1945 ὁ
665 1902 790 1957 λόγος,
824 1901 876 1951 ώς
897 1902 977 1944 ἅνω
1004 1904 1044 1944 ἐν
1066 1900 1222 1959 οὐρανῷ
1246 1902 1520 1954 ἐπλημμέλησε,
1551 1900 1668 1956 πρινή
1694 1903 1735 1944 έν
1755 1906 1808 1959 τῷ
1834 1901 1908 1944 σώ-

381 1990 471 2024 ματι
491 1976 810 2013 τεταπεινῶσθαι.
872 1972 952 2012 Καὶ
979 1974 1065 2027 27:95
1089 1972 1224 2021 εἰπεῖν,
1255 1971 1390 2022 φησὶν,
1419 1967 1679 2025 Ἐπίστρεψον
1703 1969 1811 2023 ψυχή
1832 1987 1908 2023 μου

381 2041 435 2088 εἰς
454 2038 524 2092 τήν
545 2038 764 2080 οένοὶπαυσίν
782 2053 868 2089 σου,
900 2036 953 2086 ὦς
973 2043 1044 2079 τοῦ
1063 2036 1438 2093 ἄνδραγαθήσαντος
1458 2039 1632 2078 ἐνταῦθα
1653 2039 1695 2079 ε’ν
1716 2036 1909 2093 ἀγαθοερ-

381 2110 444 2164 γίᾳ
469 2109 768 2161 ἐπιστρέφοντος
791 2109 845 2155 εἰς
875 2105 945 2159 τὴν
971 2104 1053 2147 ἅνω
1084 2104 1326 2156 ἀνάπαυσιν,
1364 2104 1430 2146 διά
1461 2103 1532 2158 τὴν
1555 2104 1677 2147 αὐτοῦ
1701 2109 1771 2159 τῆς
1799 2107 1908 2162 ἔργα·

382 2179 468 2225 σίας
493 2178 802 2230 δικαιοπραγίαν.
864 2175 941 2215 Καὶ
975 2172 1094 2215 πολλοὶ
1118 2175 1220 2215 ἔστιν
1243 2172 1335 2215 ἅλλα
1358 2177 1518 2214 τοιαῦτα
1545 2174 1678 2228 λέγειν.
1742 2171 1795 2215 Τό
1825 2172 1908 2216 κατ’

383 2242 517 2285 εἰκόνα
544 2245 586 2284 δέ
612 2258 730 2296 φησιν
761 2241 1043 2284 ἀπολωλεκέναι
1076 2240 1144 2283 τόν
1171 2240 1303 2294 Ἀδάμ.
1360 2239 1565 2282 Ἐντεῦθέν
1596 2255 1693 2294 φησι
1721 2242 1790 2283 καὶ
1817 2241 1911 2291 τούς

383 2317 543 2366 χιτῶνας
565 2310 657 2360 τοῦς
681 2313 933 2366 δερματίνους
958 2308 1277 2362 ἐπισημήνασθαι
1303 2308 1373 2362 τὴν
1405 2307 1560 2364 γραφὴν
1592 2308 1670 2360 ὅτι,
1705 2307 1910 2363 Ἐποίησεν

384 2379 534 2431 αὐτοῖς,
566 2380 682 2432 φησὶ,
713 2383 875 2432 χιτῶνας
899 2380 1170 2432 δερματίνους,
1201 2379 1267 2418 καὶ
1292 2379 1468 2419 ἐνέδυσεν
1489 2375 1644 2426 αὐτούς.
1710 2376 1761 2419 Τό
1785 2383 1909 2431 σῶμα,

384 2450 523 2501 φησὶν,
556 2449 643 2489 ἐστι’.
705 2447 781 2487 Καὶ
814 2444 934 2498 πολλή
958 2448 1016 2494 τίς
1041 2447 1118 2487 ἐστι
1144 2443 1234 2499 παρ’
1267 2443 1389 2487 αὐτοῦ
1422 2443 1448 2498 ἡ
1481 2443 1650 2501 ᾆδομένη
1675 2443 1808 2499 χλεύη,
1838 2445 1910 2499 τήν

383 2534 420 2558 τε
442 2521 519 2558 τῶν
538 2519 686 2569 νεκρῶν
711 2513 922 2555 ἆνάστασιν
943 2515 1073 2565 ἐλλιπῆ
1098 2519 1278 2564 ποιεῖται,
1308 2511 1365 2566 πη
1385 2513 1455 2566 μὲν
1475 2511 1576 2570 λόγῳ
1600 2518 1799 2568 παριστῶν
1817 2513 1910 2555 ταύ-

384 2602 473 2638 την,
516 2583 570 2636 πή
601 2584 641 2624 δὲ
675 2580 956 2637 ἐξαρνούμενος
980 2580 1210 2632 τελεώτατα,
1243 2580 1372 2622 ἅλλοτε
1400 2580 1441 2622 δὲ
1471 2581 1537 2622 καὶ
1568 2582 1685 2636 μέρος
1719 2583 1911 2632 3ἒξαῦθις

386 2651 627 2694 ἀνίστασθαι.
685 2649 904 2705 Ἀλληγορεῐ
932 2649 973 2690 δὲ
1004 2647 1142 2690 λοιπόν
1175 2649 1320 2703 ὅσαπερ
1345 2647 1527 2700 δύναται,
1558 2647 1628 2690 τόν
1651 2666 1692 2690 τε
1713 2647 1909 2703 Παρᾶὃει-

387 2735 473 2771 σον,
503 2719 549 2761 τά
576 2736 614 2760 τε
637 2718 778 2760 τούτου
805 2718 951 2768 ὕδατα,
980 2717 1048 2758 καὶ
1076 2715 1123 2757 τοὶ
1149 2715 1279 2758 ἐπάνω
1307 2721 1384 2758 τῶν
1410 2714 1606 2771 οὐρανῶν,
1636 2717 1705 2758 καὶ
1733 2715 1775 2758 vd
1801 2715 1908 2769 ’ὕδωρ

385 2786 428 2829 τὸ
456 2786 641 2829 ὖποκοίτω
672 2790 740 2840 τῆς
769 2791 852 2842 γῆς.
918 2789 1047 2826 Ταῦτα
1075 2785 1115 2826 δὲ
1146 2786 1210 2826 καὶ
1246 2784 1293 2825 τὰ
1317 2783 1469 2833 τούτοις
1501 2783 1619 2837 ὅμοια
1647 2788 1833 2839 φλυαρῶν
1863 2782 1910 2827 οὗ

435 2913 510 2945 CAP.
537 2914 588 2945 W.
614 2932 658 2939 —
706 2913 732 2946 1.
757 2911 795 2947 δὲ
817 2915 959 2953 rescripsi
987 2922 1046 2954 pro
1077 2922 1129 2952 τε,
1214 2909 1245 2942 3.
1270 2912 1388 2951 Scripsi
1411 2909 1544 2950 ἐξαῦὲις
1561 2920 1620 2951 pro
1642 2907 1678 2949 ἐξ
1699 2905 1806 2952 αὐτῆς
1827 2912 1910 2951 quod

387 2961 468 3000 quod
491 2961 582 2990 habes
603 2962 635 2991 in
659 2961 744 2992 libris
767 2961 916 2990 omnibus.
1171 2959 1204 2988 in
1225 2957 1310 2988 libris
1331 2958 1423 2997 vulgo
1450 2958 1582 2988 obvium.
1631 2956 1711 2988 Olim
1732 2958 1851 2996 placuit
1873 2954 1910 2995 ἐξ

432 3005 462 3037 2.
487 3006 606 3045 Repone
629 3001 678 3038 τὸ.
1173 2998 1292 3034 αὐτῶν.
