2066 3319
1602 190 1682 231 255

150 274 269 315 ricum
294 287 448 314 sensum
471 274 530 314 vel
552 273 697 314 invitus
722 273 901 325 trahitur,
936 274 991 316 sic
1017 277 1063 316 de
1087 277 1253 317 stridore
1278 278 1448 318 dentium
1475 278 1512 317 in
1536 277 1594 319 liis
1619 278 1683 332 qui

149 341 346 396 suppliciis
379 342 594 382 alliciuntur
625 341 822 396 inquirere
856 343 955 382 idem
987 352 1162 398 oportet,
1198 353 1387 399 quatenns
1422 346 1547 386 anima
1579 360 1683 387 com-

149 410 351 450 mandendi
373 410 593 450 nonnullam
617 409 691 450 vim
718 410 847 461 babet,
882 426 954 465 qua
979 412 1110 452 ultimo
1135 412 1200 452 illo
1222 413 1350 453 iudicii
1373 421 1561 468 tempore,
1597 429 1681 455 cum

148 478 194 518 de
219 478 386 532 peccatis
410 478 586 532 quaestio
615 478 840 529 habebitur,
875 479 1033 533 perinde
1059 487 1099 520 ut
1124 481 1249 520 collidi
1281 482 1417 521 dentes
1447 483 1596 533 solent,
1630 484 1682 524 ita

146 553 223 586 tum
260 546 437 587 dentibus
475 546 754 600 quodammodo
789 547 981 588 stridebit.

141 623 267 667 potest
284 623 322 654 et
343 618 501 654 animum
532 623 570 653 et
590 630 725 666 corpus
751 618 910 667 perdere
934 619 971 654 ίη,
999 618 1228 663 Gehelmam,
1266 618 1364 656 l'orte
1398 617 1431 657 id
1462 633 1574 658 nntnn
1609 634 1681 660 nos

500 195 679 227 PANARtt
703 195 786 227 LlB.
806 196 846 226 Π.
873 196 978 228 ΤΟΜ.
1000 197 1021 228 1.
1047 197 1316 229 HAER.LX1V.

1047 546 1140 588 lllud
1177 562 1296 597 vero,
1343 553 1478 588 Tt'mete
1507 566 1586 590 eccm
1617 555 1685 604 qui

146 682 280 734 docet,
314 690 514 738 expertem
544 697 633 723 esse
659 684 834 738 corporis
861 684 1051 734 animam,
1084 691 1151 724 aut
1181 683 1271 724 illud
1298 684 1481 739 insuper,
1516 687 1680 727 animam

144 751 228 791 sine
252 765 415 806 corpore
438 751 560 791 nullas
588 765 733 806 poenas
758 766 845 792 esse
870 752 1169 806 persoluturam.
1219 750 1277 791 De
1301 767 1376 805 quo
1398 768 1561 808 corpore
1585 770 1680 809 quae

144 819 191 859 ad
225 819 393 874 speciem
427 834 471 860 ac
502 819 661 874 primam
693 820 904 860 subiectam
933 820 1129 860 materiam
1166 820 1404 871 attinebant,
1447 823 1559 876 paulo
1592 831 1681 864 ante

144 889 309 928 naturali
330 888 481 928 ratione
509 888 779 928 disseruimus.
842 888 896 927 At
924 901 1017 928 vero
1047 888 1188 928 dictum
1215 888 1304 928 illud
1330 890 1518 943 apostoli,
1553 894 1680 943 Ve'mfi-

142 957 243 995 cabz'c
270 965 308 995 ec
330 958 502 995 mortalia
528 964 658 995 nostru
689 971 872 1008 corpora,
916 970 1000 995 cum
1037 963 1211 996 nostrum
1243 958 1405 998 mortale
1438 958 1489 998 sit
1520 973 1677 1014 corpus,

143 1038 214 1065 nec
240 1039 357 1065 verae
381 1024 484 1064 vitae
508 1025 722 1079 particeps,
756 1025 857 1065 istud
888 1024 1011 1079 ipsum
1046 1024 1244 1064 declarare
1271 1032 1420 1080 potest,
1454 1042 1679 1082 corpoream

142 1092 240 1133 hauc
266 1093 435 1148 speciem
459 1094 504 1132 de
532 1107 602 1147 qua
630 1100 743 1133 antea
769 1093 960 1141 diximus,
995 1106 1092 1146 quae
1118 1100 1254 1133 natura
1282 1095 1455 1135 mortalis
1483 1103 1564 1146 est,
1598 1111 1680 1135 cum

144 1163 316 1201 Christus
344 1165 564 1214 apparuerit
593 1165 668 1201 vila
699 1169 849 1208 nostra,
887 1167 926 1201 et
953 1160 1075 1215 ipsam
1103 1161 1149 1201 ab
1182 1175 1228 1201 eo
1260 1169 1389 1213 statu,
1424 1178 1499 1217 quo
1532 1165 1679 1219 peccati

142 1243 282 1284 corpus
308 1237 412 1280 erat,
447 1244 535 1271 esse
558 1230 800 1280 mutandam,
835 1236 1085 1284 posteaquam
1112 1230 1263 1270 scilicet
1285 1245 1329 1271 ac
1354 1231 1509 1272 vivifico
1542 1232 1680 1287 spiritu

142 1298 187 1338 ad
208 1297 324 1339 vitam
348 1299 526 1339 restituta
548 1297 663 1339 fuerit
684 1305 797 1352 atque
820 1298 856 1338 iu
877 1297 1089 1352 spiritalem
1111 1305 1284 1338 naturam
1309 1300 1523 1341 transierit.
1559 1300 1680 1342 Prae-

1700 550 1810 578 Matth.

1718 587 1759 621 ιο,
1775 586 1815 613 28.

1700 903 1821 939 Rome,
1843 907 1881 934 n.

1700 1104 1763 1132 Col.
1783 1107 1810 1141 3,
1830 1108 1852 1133 ⁴.

141 1372 251 1406 terea
277 1367 377 1406 istud
402 1367 550 1421 ipsum:
584 1369 660 1406 Sed
682 1370 780 1405 (licet
799 1368 957 1418 ultimis,
994 1369 1179 1416 Quomodo
1201 1377 1411 1419 resurgunt
1429 1373 1580 1417 mortui,
1615 1378 1884 1417 aut1.00r.15‚35.

141 1437 346 1486 qzcalc'eum
377 1449 533 1487 corpore
554 1438 728 1474 venient?
766 1435 890 1490 palam
923 1434 1014 1474 illud
1049 1436 1240 1485 ostendit,
1274 1436 1435 1490 primam
1461 1438 1679 1479 subiectam

142 1503 343 1543 materiam
367 1503 470 1543 nullo
495 1504 607 1543 modo
630 1517 854 1557 resurgere.
915 1501 1018 1543 Nam
1044 1503 1076 1543 si
1099 1511 1205 1543 recte
1238 1505 1476 1560 propositum
1508 1506 1555 1546 ab
1587 1521 1680 1562 apo-

144 1571 246 1611 stolo
271 1571 490 1626 exemplum
519 1571 749 1626 accipimus,
792 1571 992 1611 dicendum
1026 1578 1107 1622 est,
1148 1572 1306 1612 seminis
1341 1580 1540 1624 naturam,
1581 1589 1679 1629 quae

141 1639 324 1680 frumenti
355 1654 477 1694 grano
502 1640 616 1680 insita
641 1646 723 1689 est,
759 1639 885 1680 vicina
909 1647 1088 1694 correpta
1118 1640 1278 1680 materia
1306 1647 1422 1681 totam
1457 1643 1559 1683 illam
1591 1657 1679 1698 per-

140 1709 309 1758 vadere,
350 1715 463 1762 atque
491 1708 591 1749 illius
626 1707 772 1762 pariter
804 1715 983 1763 correpta
1016 1709 1145 1763 specie
1176 1708 1282 1749 vires
1313 1723 1404 1750 suas
1435 1710 1472 1750 in
1505 1712 1540 1751 id
1573 1712 1675 1765 quod

141 1783 231 1817 ante
265 1784 390 1825 terra,
425 1790 546 1829 aqua,
580 1781 647 1817 a'er
670 1776 848 1831 ignisque
882 1777 1010 1817 fuerat
1036 1777 1329 1829 transfundere,
1369 1792 1579 1833 earumque
1611 1794 1676 1820 su-

141 1845 285 1900 peratis
309 1845 554 1899 qualitatibus
575 1845 611 1885 in
631 1845 732 1885 illam
756 1845 877 1900 ipsam
898 1845 1006 1885 cuius
1031 1852 1089 1886 est
1111 1845 1256 1886 artifex
1279 1854 1528 1898 convertere,
1561 1836 1676 1902 atque

141 1912 214 1953 hoc
238 1913 351 1953 modo
373 1913 502 1968 perfici
525 1913 693 1968 spicam,
728 1927 826 1967 qnae
851 1928 871 1954 a
903 1914 1031 1968 priore
1062 1928 1185 1968 grano
1212 1914 1349 1955 mirum
1382 1915 1422 1956 in
1454 1916 1608 1957 modum
1639 1923 1679 1957 et

141 1981 405 2036 magnitudine
436 1988 475 2022 et
506 1982 627 2036 figura
660 1989 698 2022 et
726 1982 916 2022 varietate
947 1982 1145 2024 dissideat.

687 2108 749 2139 Ex
776 2108 927 2149 EODEM
952 2108 1136 2141 paoem.

253 2185 362 2227 Haec
387 2193 498 2237 sunt,
534 2194 575 2227 ut
605 2188 642 2227 in
676 2188 941 2242 compendium
975 2189 1169 2242 redigam,
1204 2203 1303 2244 quae
1332 2196 1466 2230 contra
1498 2203 1675 2231 resurre-
1690 2193 1879 2238 Cap-XVH.

141 2255 306 2295 ctionem
336 2253 529 2309 Origenes
551 2270 690 2310 magno
716 2256 842 2296 studio
867 2257 1072 2307 disseruit,
1105 2257 1144 2297 in
1166 2271 1290 2312 eoque
1314 2266 1545 2313 argumento
1571 2273 1675 2300 sum—

140 2337 239 2364 mam
265 2324 453 2364 tractandi
478 2324 705 2364 varietatem
732 2324 917 2365 adhibuit.
969 2324 1033 2365 Tu
1058 2339 1152 2366 vero
1177 2340 1274 2380 quae
1299 2327 1480 2381 deinceps
1506 2340 1674 2381 sequun—

141 2399 203 2432 tur
227 2392 433 2447 diligenter
455 2392 674 2433 considcra.
731 2392 816 2433 Hoc
839 2393 940 2434 enim
966 2402 1102 2446 restat,
1137 2401 1176 2434 ut
1197 2395 1335 2435 allatae
1359 2409 1380 2435 e
1401 2395 1524 2435 sacris
1551 2395 1674 2436 literis

142 2462 393 2501 auctoritates
420 2461 464 2501 ad
492 2475 537 2501 ea
563 2475 660 2515 quae
693 2461 793 2501 dicta
822 2469 912 2502 sunt
941 2463 1224 2517 adiungantur,
1265 2471 1305 2503 ut
1336 2470 1515 2517 tanquam
1546 2470 1674 2505 statua

141 2528 348 2583 quaedam,
382 2529 437 2569 sic
469 2530 593 2570 oratio
618 2537 750 2570 nostra
777 2530 858 2570 suis
885 2531 1062 2572 omnibus
1093 2531 1343 2586 proportione
1369 2539 1526 2572 servata
1556 2533 1674 2587 parti-

136 2655 255 2694 placuil
275 2656 429 2686 Gatahero
453 2657 518 2695 l.l.,
542 2658 594 2696 qui
614 2658 722 2687 vertit:
747 2655 884 2694 „Quae-

139 2698 275 2730 rendum
306 2699 393 2730 idem
425 2701 559 2744 (nempe
584 2701 796 2744 allegoricum
820 2701 882 2732 ali-

140 2744 233 2787 quid)
258 2745 290 2776 in
313 2745 454 2777 stridore
477 2746 637 2784 dentium,
663 2758 760 2789 quum
775 2747 881 2778 anima

141 2789 251 2832 utique
272 2790 448 2822 mandendi
468 2791 530 2823 vim
553 2792 640 2823 nulla
662 2792 792 2829 habeat,
819 2804 882 2835 qua

140 2834 210 2876 quis
233 2842 382 2878 tempore
406 2836 464 2868 illo
497 2849 561 2880 quo
587 2838 628 2869 de
654 2838 796 2879 peccatis
822 2849 882 2870 co-

141 2888 314 2922 arguetur,
351 2889 448 2924 prout
481 2882 592 2915 collidi
625 2883 734 2915 solent
767 2883 882 2915 dentes

142 2924 244 2965 (inter
265 2927 483 2959 mandendum
505 2928 660 2970 scilicet),
685 2940 723 2961 ac
735 2928 761 2960 si
772 2940 883 2960 amens

141 2977 226 3000 esset
250 2970 400 3003 dentibus
424 2973 612 3006 stri‹lebit.“

185 3015 216 3048 3.
242 3010 303 3058 ἃς,
328 3019 409 3058 quod
429 3021 521 3060 vulgo
541 3021 755 3059 desideratur,
779 3022 884 3059 repetii

929 2666 967 2688 ex
985 2659 1134 2688 vocabulo
1154 2667 1186 2688 eo
1206 2658 1287 2696 qnod
1308 2659 1463 2696 praecedit
1483 2655 1673 2700 ποιότητας.

976 2703 991 2719 *
1017 2704 1060 2733 De
1081 2704 1138 2734 hac
1162 2704 1375 2742 inscriptione,
1408 2712 1487 2742 quae
1510 2705 1602 2744 vulyo
1625 2706 1673 2736 in-

929 2749 1067 2779 distincte
1098 2749 1228 2787 leyztur,
1258 2750 1299 2778 ila
1324 2751 1355 2778 ut
1386 2758 1465 2787 quoe
1487 2750 1545 2780 huc
1578 2759 1673 2789 usque

928 2795 1087 2832 dispulala
1117 2797 1186 2824 sunt
1216 2803 1275 2824 non
1298 2794 1461 2832 Metliodu',
1497 2796 1551 2826 sed
1571 2796 1674 2826 Procli

928 2848 990 2870 esse
1012 2839 1185 2876 videantur,
1219 2839 1326 2877 cuique
1357 2839 1480 2878 diffisus
1504 2841 1674 2872 Cornurius

929 2886 1038 2923 vertit,
1075 2883 1265 2923 „Hactenus
1299 2883 1487 2916 Methodius
1522 2885 1672 2928 Origenis

931 2928 1030 2960 veiha
1064 2927 1194 2960 retulit:
1229 2936 1408 2970 sequuntur
1447 2941 1532 2962 nunc
1566 2930 1671 2962 Procli

930 2973 1040 3010 verba,
1066 2984 1149 3015 qnae
1173 2973 1250 3004 item
1275 2974 1463 3006 methodius
1486 2980 1671 3014 recenset‚“

928 3022 1007 3050 recle
1026 3021 1132 3050 statuit
1144 3020 1290 3051 Pelavi'us
1312 3022 1521 3053 inAnimadv.
1545 3023 1588 3053 ud
1607 3022 1635 3053 h.
1651 3023 1671 3053 l.
