2066 3319
487 194 670 227 PANARH
693 193 778 225 Lm.
794 194 835 226 11.
859 195 966 227 ToM.
988 197 1013 228 ῐ.
1038 196 1308 230 HAER.LX1V.
1591 189 1662 229 281

134 276 213 319 Sed
238 276 311 316 hoc
333 275 435 316 dictu
457 274 598 314 infelix
621 274 966 329 detestandumque
991 276 1178 327 dieamus,
1208 278 1398 318 undenam
1419 277 1562 319 invidia
1585 292 1672 334 pro-

133 346 231 386 secta
265 344 316 385 sit
346 343 596 384 adversarius
622 341 788 396 quaerit.
850 341 954 383 Nam
990 348 1021 384 si
1058 360 1079 385 a
1116 345 1268 386 diabolo
1299 347 1558 402 respondem,
1604 360 1672 387 cur

132 413 287 454 omnino
324 412 499 453 diabolus
536 411 687 462 extitit,
721 411 753 451 si
784 413 993 466 productus
1029 421 1088 454 est
1118 415 1350 468 aliqnando?
1408 416 1469 456 Ac
1500 416 1672 471 profecto

132 483 193 537 qui
218 482 323 522 illum
349 480 518 521 condidit
542 486 677 520 auctor
706 480 796 520 mali
830 480 944 520 debet
970 481 1109 522 videri.
1172 483 1294 536 Atqui
1319 483 1506 524 malornm
1534 498 1673 524 caussa

131 552 225 592 deus
248 564 336 591 esse
360 564 436 590 non
465 556 616 604 potest3
651 563 769 602 qnare
793 549 839 589 ab
869 549 972 589 nullo
1000 551 1209 604 productus
1232 558 1292 591 est
1316 552 1504 592 diabolus.
1557 551 1669 606 Quod

131 621 162 661 si
193 620 246 660 ita
274 627 358 669 est,
401 631 526 672 neque
561 617 638 672 pati
672 617 874 671 quicquam
909 625 1060 672 potest,
1104 625 1141 658 et
1175 618 1284 659 exitii
1320 620 1580 675 penuriaeque
1613 629 1672 662 est

131 687 255 729 omnis
278 701 438 743 expers.
485 684 588 726 Nam
615 687 714 740 qnod
740 701 932 740 nunqnam
957 687 1181 742 productum
1207 695 1281 737 est,
1317 687 1403 729 liuic
1427 689 1554 729 inesse
1579 689 1672 729 haec

131 757 259 798 omnia
282 769 444 797 necesse
469 762 552 806 est,
586 762 625 795 at
649 755 787 795 diaboli
811 762 974 796 conatus
1001 755 1038 795 in
1068 755 1226 795 nihilum
1249 756 1462 810 redigitur,
1498 757 1672 811 idemque

129 826 300 882 punitur.
358 822 471 878 Quod
495 831 622 864 autem
650 823 820 878 punitur,
856 830 1026 864 mutatur
1049 838 1093 864 ac
1116 824 1273 878 patitur.
1333 825 1451 879 Atqui
1475 827 1550 880 pati
1580 826 1672 866 nihil

129 901 258 951 potest
281 894 381 949 quod
407 892 659 948 productione
684 899 805 933 caret.
866 891 960 932 Non
986 893 1102 947 igitur
1124 892 1388 947 productionis
1412 899 1570 949 eXperS,
1604 895 1671 934 sed

128 964 338 1020 productus
368 961 575 1016 aliquando
606 960 796 1001 diabolus.
861 959 941 1000 lam
965 975 1061 1001 vero
1088 976 1173 1001 cum
1208 969 1245 1002 ct
1270 963 1479 1017 productus
1510 963 1572 1003 ille
1605 962 1670 1012 sit,

130 1042 168 1074 et
193 1031 371 1087 quicquid
407 1030 632 1086 productum
660 1037 743 1081 est,
778 1029 824 1069 ab
851 1029 981 1084 aliquo
1007 1029 1195 1085 principio
1220 1031 1446 1085 productum
1473 1031 1546 1082 sit,
1581 1045 1673 1071 con-

127 1115 294 1157 sequens
320 1107 379 1141 est
403 1100 568 1154 aliquem
594 1113 698 1149 esse,
733 1114 753 1139 a
778 1113 851 1153 quo
876 1098 926 1139 sit
949 1106 1175 1153 procreatus
1202 1099 1391 1141 diabolus.
1440 1098 1671 1141 Utrumnam

127 1171 246 1225 igitur
273 1169 386 1210 etiam
410 1169 620 1224 productus
646 1168 709 1208 ille
735 1169 819 1218 suit,
855 1182 900 1207 an
925 1168 1081 1222 produci
1110 1182 1184 1208 non
1208 1169 1355 1222 potuit?
1402 1167 1548 1209 Verum
1573 1169 1672 1223 qnod

129 1238 393 1295 productionis
419 1244 479 1278 est
506 1251 667 1292 expers,
701 1251 772 1292 par
797 1243 857 1276 est
880 1251 995 1276 unum
1023 1237 1211 1277 duntaxat
1232 1238 1393 1293 intelligi
1419 1238 1546 1278 deum.
1591 1236 1675 1278 Ne-

127 1322 199 1363 que
221 1308 322 1347 enim
351 1307 448 1347 ullus
474 1320 562 1346 esse
591 1313 719 1361 potest
745 1305 902 1346 omnino
924 1312 1079 1360 praeter
1105 1306 1207 1346 illum
1237 1308 1358 1361 ipsum
1386 1307 1536 1362 opifex.
1588 1310 1671 1359 Ego
1692 1316 1818 1349 1³³1.st
1835 1317 1859 1342 6.

123 1381 289 1430 primm,
324 1376 469 1430 inquit,
509 1383 547 1414 el·
567 1390 636 1426 ego
663 1377 885 1414 novissimus
912 1382 949 1412 et
976 1383 1132 1426 praeter
1162 1390 1217 1414 me
1247 1391 1320 1414 7202}
1352 1383 1408 1415 est
1436 1378 1535 1415 alius
1565 1379 1667 1415 cleas.

129 1445 207 1487 Sed
243 1458 368 1499 neque
403 1443 631 1483 commutari
665 1442 880 1497 quicpiam,
922 1457 967 1483 ac
1003 1450 1162 1497 praeter
1196 1444 1279 1484 eins
1312 1444 1550 1484 voluntatem
1585 1459 1669 1499 pro—

128 1514 251 1554 creari
280 1520 421 1568 potest.
483 1511 641 1552 Etenim
669 1511 767 1551 {ilius
795 1510 886 1550 nihil
913 1525 986 1565 per
1017 1526 1105 1552 sese
1141 1513 1269 1552 faeere
1300 1527 1413 1568 posse
1448 1513 1669 1563 confltetur,

126 1587 204 1623 m'se'
223 1585 263 1622 id
281 1590 426 1634 patrem
442 1583 647 1635 sacz'entem
674 1582 829 1619 viderit.-
863 1594 958 1631 quae
982 1584 1076 1620 enim
1091 1612 1101 1629 ,
1138 1581 1275 1636 inquit,
1304 1590 1417 1634 pater
1430 1584 1547 1635 saell,
1582 1585 1874 1624 l1(oec·10ann.5‚19.

127 1654 289 1704 etfile'us
309 1653 418 1703 facit.
482 1648 623 1704 Neque
649 1662 743 1689 vero
773 1647 967 1688 inimicum
993 1649 1170 1703 quiddam
1197 1658 1262 1690 ant.
1286 1665 1507 1706 repugnans
1533 1665 1576 1691 ac
1601 1652 1672 1691 deo

128 1719 364 1761 contrarium
389 1725 469 1769 est3
504 1718 536 1759 si
562 1718 648 1773 quid
672 1716 773 1757 enim
799 1724 904 1757 esset
929 1720 1028 1771 quod
1055 1719 1126 1758 (leo
1151 1720 1371 1770 resisteret,
1405 1734 1492 1760 esse
1516 1719 1672 1760 omnino

125 1789 347 1838 desineret,
385 1802 430 1828 eo
455 1787 553 1842 qnod
581 1786 710 1826 divina
735 1786 877 1826 virtute
905 1800 949 1826 ac
983 1786 1124 1826 robore
1157 1788 1282 1827 omnis
1311 1788 1413 1828 illius
1446 1789 1672 1829 constitutio

126 1857 421 1899 dissolveretur.
485 1854 636 1910 Quippe
662 1855 768 1895 solus
796 1854 857 1894 ille
882 1854 944 1895 vel
970 1868 1012 1894 ea
1038 1869 1134 1909 quae
1161 1863 1252 1929 sunt
1277 1857 1508 1897 immortalia
1534 1857 1672 1898 dissol-

73 1959 75 1961 .
126 1941 219 1967 vere
252 1933 379 1981 potest
413 1925 475 1980 qni
507 1924 692 1965 condidit.

1740 1958 1818 1996 (τη).

241 1994 438 2049 Quidnam
474 1993 592 2048 igitnr
618 1993 770 2033 tandem
800 1991 993 2032 diabolum
1019 2007 1106 2033 esse
1133 1994 1334 2035 dicemus?
1396 1993 1585 2050 Spiritum
1615 1996 1674 2036 vi·
1698 2002 1857 2034 XXVttr.

99 2065 289 2114 delicet,
325 2064 387 2118 qui
413 2063 516 2103 circa
549 2062 749 2102 materiam
778 2067 981 2111 versatur,
1015 2063 1334 2116 quemadmodum
1369 2063 1510 2104 (lictum
1535 2071 1616 2114 est,
1651 2080 1673 2104 0

101 2134 404 2186 ,AllienagorQ
438 2146 458 2171 a
484 2132 555 2172 deo
583 2137 853 2185 procreatum,
888 2128 1048 2184 perinde
1075 2144 1119 2171 ac
1148 2130 1284 2187 reliqui
1310 2133 1356 2173 ab
1384 2133 1519 2173 eodem
1544 2133 1672 2187 angeli

125 2202 197 2243 sati
225 2209 338 2252 sunt,
373 2200 510 2255 quibus
545 2207 617 2240 tam
650 2199 810 2239 materia
844 2213 957 2252 quam
995 2200 1229 2252 formarum,
1273 2201 1411 2255 quibus
1441 2208 1500 2241 est
1531 2202 1671 2241 affecta

123 2270 309 2319 materia,
353 2269 575 2325 procuratio
612 2267 972 2321 administratioque
1006 2269 1213 2310 commissa
1250 2277 1325 2311 est.
1390 2269 1589 2324 Siquidem
1623 2283 1668 2310 ea

84 2389 88 2395 .
125 2340 486 2382 constituendorum
515 2338 741 2392 angelornm
772 2350 909 2376 caussa
938 2337 1030 2387 fuit,
1067 2345 1109 2378 nt
1134 2338 1171 2378 in
1204 2338 1252 2379 iis
1285 2353 1383 2393 qnae
1412 2354 1432 2379 a
1461 2339 1531 2378 deo
1564 2339 1668 2378 ordi-

125 2415 214 2449 nata
249 2415 361 2449 erant
396 2422 440 2448 ac
478 2407 664 2462 disposita
695 2405 938 2461 providentia
969 2407 1216 2447 moderandis
1251 2408 1437 2447 vicariam
1473 2408 1544 2447 deo
1577 2421 1667 2462 ope-

124 2491 206 2518 ram
231 2483 436 2518 navarent.
501 2474 564 2517 Uti
592 2474 770 2516 nimirum
805 2489 1046 2515 communem
1077 2490 1121 2515 ac
1152 2476 1373 2531 generalem
1402 2476 1570 2515 omnium
1605 2491 1670 2516 cu-

125 2561 207 2587 ram
232 2546 449 2601 susciperet
474 2545 590 2595 deus,
625 2544 686 2598 qui
712 2544 748 2584 in
774 2544 903 2583 onmia
929 2544 1165 2584 dominatum
1199 2552 1313 2598 atque
1336 2544 1539 2599 imperium
1572 2545 1670 2585 obti-

99 2622 261 2664 neret,
295 2629 339 2654 ac
370 2614 488 2654 veluti
525 2612 722 2667 navigium
754 2612 967 2666 quoddam,
1002 2613 1057 2653 sic
1089 2620 1206 2653 totam
1239 2613 1340 2652 illam
1376 2613 1669 2654 universitatem

125 2690 352 2737 constanter
373 2697 466 2724 suae
491 2681 757 2736 gubernat-nlo
787 2681 1003 2736 sapientiae
1031 2689 1210 2736 regeret,
1247 2696 1330 2721 cum
1361 2682 1513 2722 interim
1538 2683 1670 2737 singu-

126 2752 244 2793 larem
281 2752 517 2792 l'unctionem
545 2759 659 2806 atque
692 2764 821 2791 curan·
857 2751 1067 2805 praepositi
1102 2750 1146 2790 ad
1183 2750 1216 2789 id
1253 2750 1377 2804 angeli
1410 2751 1665 2792 sustinerent.

170 2897 202 2932 4
227 2898 380 2943 πρόνοιαν
402 2894 447 2945 ἠ,
473 2898 510 2935 τὸ
533 2901 633 2942 κῦρος
657 2901 789 2932 correxit
811 2901 872 2932 Pe·
919 2896 982 2932 αἷτ
986 2897 1023 2937 ὃς
1044 2895 1147 2940 civ-qo·
1149 2910 1217 2940 ruz
1211 2897 1273 2936 ’νος
1294 2901 1412 2931 volebat
1435 2911 1514 2932 otu-rs
1519 2899 1535 2932 ὖ
1552 2895 1634 2942 rim:
1638 2913 1665 2934 τ.

126 2948 246 2982 iuvius
281 2949 424 2986 probavit
448 2948 622 2978 Galakerns
655 2946 871 2985 l.l.lu1qo
963 2946 992 2975 ὦ.
1023 2947 1119 2975 Verba
1144 2944 1172 2976 οἱ
1196 2942 1250 2977 ἐπ’.
1274 2943 1383 2977 τούτω
1406 2946 1527 2989 wyte&
1531 2957 1586 2984 τες
1608 2944 1668 2989 &fv-¹

152 2989 287 3033 pti-³000,
312 2987 337 3034 ἣ
361 2991 397 3026 τὸ
424 2994 525 3045 >apog
584 2993 782 3031 Combefisius
810 2993 873 3022 dis·
920 2992 1018 3032 γελα.
1066 2986 1154 3023 'Ast'
1177 2992 1207 3021 ιἰι
1229 2992 1299 3022 edil.
1315 2981 1436 3023 Ρείαιίἰ
1457 3002 1554 3032 prave
1576 2995 1668 3025 omis-

126 3013 216 3068 linxit
236 3031 461 3082 ‘19520205213
483 3036 520 3073 τὸ
543 3038 644 3080 κῦρος
665 3041 744 3076 cett,
769 3040 795 3069 et
813 3047 872 3077 1r0
919 3046 954 3067 su
979 3040 1059 3068 sunt.

1713 2048 1841 2092 (Xxi)
