2030 3324
513 189 691 221 PANARII
717 189 801 220 Lm.
820 190 860 222 ιι.
885 190 994 222 ΤοΜ.
1014 191 1054 222 ιι.
1080 189 1358 224 HAER.LX1X.
1633 181 1711 222 631

165 275 232 308 aut
253 266 364 307 initio
387 280 438 307 ex
464 274 595 322 patre,
640 275 718 307 tum
753 268 788 307 in
824 276 927 309 terra
961 270 1046 310 sine
1077 270 1164 310 labe
1196 270 1272 310 utta
1304 277 1343 309 et
1375 270 1524 310 macula
1555 270 1639 311 sota
1670 284 1713 310 se

164 349 252 376 esse
285 335 332 374 de
365 342 487 375 matre
518 335 707 387 genitum.

275 402 406 456 Atque
430 410 470 443 ut
491 417 610 442 voces
634 403 719 443 ilias
752 404 1078 459 interpretemur,
1121 408 1481 453 Adonaiemzmmi,
1530 406 1602 446 hoc
1634 413 1709 455 est,

161 474 342 510 Dominus
360 473 601 524 Jbedgficave'l
625 486 702 519 me,
738 473 917 526 quicquid
949 473 1113 512 alterum
1139 473 1287 526 gignit,
1322 474 1446 513 simite
1476 474 1606 527 utique
1639 474 1711 514 sibi

158 539 297 592 gignit.
343 537 453 592 Ergo
475 546 513 578 et
535 539 727 579 hominem
758 541 871 580 homo
896 548 1075 594 generat,
1111 548 1149 580 et
1177 541 1272 580 deus
1296 541 1424 581 deum.
1476 540 1545 580 tlte
1574 555 1709 592 carne,

161 606 221 646 hic
244 605 381 661 spiritu
411 614 591 659 generat.
656 606 793 660 Qualis
824 622 940 662 porro
970 615 1029 648 est
1054 622 1249 661 generans
1276 608 1413 658 homo,
1462 609 1547 648 talis
1583 617 1643 649 cst
1674 617 1713 649 et

157 674 328 728 genitus.
387 673 513 715 Homo
542 675 603 729 qui
629 683 791 729 generat
820 690 904 716 cum
931 675 1205 716 affectionibus
1230 676 1277 715 sit
1304 676 1515 725 obnoxius,
1552 677 1711 730 perinde

159 749 197 782 et
219 742 336 782 fitium
363 742 508 796 gignit:
545 744 640 783 dens
663 751 790 782 antem
817 744 921 783 omni
954 744 1164 783 affectione
1188 757 1350 793 carens,
1396 743 1480 783 sine
1506 745 1639 784 eadem
1673 752 1712 784 et

157 809 330 863 genitum
357 824 377 850 a
412 824 454 850 se
481 811 597 851 tilium
626 810 831 866 produxit,
866 818 906 851 et
930 812 1082 865 quidem
1110 825 1228 861 vere,
1263 826 1339 851 non
1361 812 1493 866 specie
1514 812 1622 862 sota,
1657 825 1710 852 ex

157 878 392 932 semetipso,
438 893 514 919 non
550 886 663 919 extra
699 892 764 928 se,
807 880 966 932 genuit,
1013 879 1172 933 spiritus
1204 880 1359 933 utique,
1403 880 1488 919 sine
1523 879 1622 930 tilla,
1658 879 1711 920 uti

157 944 263 990 dixi,
296 946 524 996 affcctione,
560 961 605 986 ac
631 946 716 986 sine
746 947 880 987 eadem
910 947 1085 1001 spiritum
1111 961 1332 1000 generans,
1369 948 1462 988 deus
1493 947 1711 988 affectionis

156 1027 301 1068 expers
328 1028 464 1054 verum
488 1015 600 1053 deum
625 1014 709 1054 sine
736 1015 942 1054 affectione
967 1016 1201 1068 producens.
1266 1014 1421 1056 Etenim
1450 1017 1511 1056 itte
1536 1016 1620 1070 ipse
1647 1016 1710 1069 qni

155 1082 305 1122 creavit
334 1082 488 1132 omnia,
523 1082 558 1122 id
585 1085 684 1136 quod
707 1096 754 1122 ne
781 1089 820 1122 ιιι
846 1083 998 1136 quidem
1028 1083 1192 1122 inficiari
1218 1084 1361 1133 audes,
1406 1098 1427 1122 ο
1454 1084 1553 1134 Ari,
1589 1084 1706 1133 idem,

156 1150 332 1204 inquam,
368 1150 484 1189 tilium
514 1150 664 1204 genuit.
729 1148 862 1202 Quare
888 1151 919 1190 si
945 1150 1046 1190 istud
1074 1150 1260 1200 obiicias,
1306 1151 1336 1191 si
1365 1151 1524 1205 genuit,
1559 1151 1708 1206 passio-

157 1232 245 1258 nem
273 1218 439 1272 aliquam
465 1217 663 1272 gignendo
699 1226 888 1272 expertus
916 1226 998 1268 est,
1046 1219 1110 1258 tibi
1146 1219 1218 1259 hoc
1243 1219 1416 1259 vicissim
1451 1233 1707 1274 opponemus,

155 1286 187 1325 si
213 1286 438 1340 generando
466 1286 607 1340 aliquid
637 1301 772 1340 passus
805 1294 887 1336 est,
933 1287 1048 1327 etiam
1083 1288 1121 1326 in
1155 1288 1325 1327 creando
1354 1287 1561 1328 laboravit.
1623 1287 1709 1328 Res

153 1354 236 1408 ipsa
271 1368 387 1409 porro
420 1355 477 1394 sic
506 1368 549 1394 se
578 1354 693 1394 habet
730 1361 769 1394 ut
792 1369 1060 1409 quaecumque
1092 1355 1261 1395 voluerit
1295 1356 1331 1395 in
1366 1356 1497 1410 seipso
1532 1357 1707 1410 perfecte

154 1422 377 1472 contineat,
423 1437 466 1462 ac
496 1437 621 1476 neque
655 1423 692 1462 in
726 1423 842 1463 rebus
876 1423 1128 1478 procreandis
1154 1424 1400 1464 affectionem
1434 1423 1549 1463 ullam
1583 1424 1708 1464 susci-

153 1490 255 1545 piat,
292 1504 417 1544 neque
449 1499 607 1545 propter
633 1491 822 1545 integram
854 1506 898 1531 ac
921 1492 1167 1546 purissimam
1204 1492 1268 1532 titii
1297 1492 1593 1546 generationem
1627 1492 1705 1546 pati

151 1558 354 1612 quicquam
380 1559 550 1599 divinum
578 1573 719 1598 numen
751 1560 926 1613 afficiquc
952 1560 1213 1614 suspicemur.
1280 1558 1322 1600 Si
1350 1560 1503 1614 quidem
1527 1559 1707 1600 immuta-

151 1626 238 1666 bitis
266 1633 323 1666 est
349 1634 482 1681 pater,
518 1627 767 1667 immutabilis
792 1628 916 1677 titius,
952 1628 1200 1668 immutabitis
1224 1628 1384 1681 spiritus
1413 1634 1593 1678 sanctus,
1630 1642 1706 1669 una

151 1694 348 1745 essentia,
384 1709 460 1734 una
484 1695 682 1735 divinitas.
748 1695 906 1735 Atenim
933 1696 1061 1747 dices,
1097 1695 1171 1738 Vel
1199 1697 1422 1746 voluntate,
1457 1696 1519 1737 vel
1548 1703 1706 1750 praeter

149 1762 390 1803 voiuntatem
417 1763 566 1815 genuit.
612 1762 700 1817 Ego
725 1777 820 1804 vero
848 1777 1093 1818 nequaquam
1117 1778 1186 1804 ero
1211 1765 1263 1804 tui
1287 1764 1440 1815 similis,
1476 1764 1591 1803 homo
1613 1778 1708 1803 con-

151 1831 458 1881 tentiosissime,
504 1838 544 1871 ut
575 1832 621 1871 de
657 1832 729 1871 deo
767 1832 970 1885 quicquam
1011 1832 1201 1872 eiusmodi
1237 1833 1421 1886 cogitem.
1484 1830 1587 1872 Nam
1622 1832 1706 1872 sive

151 1906 311 1953 praeter
344 1899 584 1939 voluntatem
613 1899 772 1953 gennit,
816 1900 961 1940 invitus
995 1901 1152 1955 genuit,
1197 1901 1281 1941 sive
1315 1901 1516 1941 voluntate
1552 1900 1703 1953 genuit,

150 1966 245 2007 haec
273 1967 355 2021 ipsa
379 1968 560 2008 voluntas
583 1967 698 2007 tilium
721 1968 950 2009 antecessit.
1014 1967 1127 2010 Unde
1152 1969 1213 2009 vel
1240 1968 1438 2009 minimum
1460 1968 1598 2009 saltem
1625 1982 1707 2008 mo-

150 2041 321 2075 mentum
353 2043 511 2089 propter
532 2036 622 2076 ittud
648 2036 861 2077 voluntatis
892 2038 1090 2077 decretum
1127 2044 1215 2078 ante
1243 2037 1358 2077 filium
1391 2037 1570 2092 intercipi
1599 2043 1708 2091 pote-

149 2103 214 2142 rit.
265 2104 319 2143 At
348 2103 385 2143 in
416 2106 487 2143 deo
514 2118 639 2158 neque
665 2112 816 2159 tempus
841 2105 887 2145 ad
911 2105 1138 2159 capiendum
1162 2106 1384 2156 consilinm,
1419 2119 1544 2160 neque
1568 2105 1707 2145 volun-

147 2177 204 2210 tas
230 2172 275 2210 ad
302 2172 577 2225 cogitationem
606 2173 832 2227 requiritur.
899 2172 1097 2226 Quocirca
1127 2188 1252 2228 neque
1284 2175 1420 2215 votens
1452 2187 1577 2228 neque
1609 2187 1706 2213 vero

149 2239 285 2279 nolens
310 2239 461 2293 genuit,
496 2241 564 2280 sed
589 2241 624 2281 in
651 2249 805 2292 natura,
831 2255 929 2295 quae
952 2241 1117 2282 consitio
1140 2243 1243 2282 omni
1269 2242 1450 2297 superior
1474 2249 1548 2281 est.
1594 2240 1703 2281 Haec

149 2307 250 2347 enim
276 2315 337 2348 est
364 2315 498 2348 natura
524 2309 739 2350 divinitatis
770 2317 809 2350 ut
833 2324 958 2364 neque
983 2310 1148 2350 consilio
1172 2318 1308 2364 egeat,
1345 2324 1416 2350 nec
1440 2310 1586 2363 absque
1610 2324 1703 2349 con·

148 2375 235 2415 silio
268 2377 472 2430 quicquam
506 2378 708 2428 moliatur,
756 2379 823 2418 sed
856 2392 907 2418 ex
939 2378 1072 2433 seipsa
1111 2378 1223 2419 simul
1257 2379 1398 2418 habeat
1430 2378 1583 2428 omnia,
1629 2391 1702 2418 nec

148 2444 224 2484 ulla
257 2458 298 2484 re
332 2445 546 2485 deliciatur.

268 2511 346 2552 lam
380 2526 474 2552 vero
512 2513 612 2553 idem
646 2514 709 2554 itte
734 2514 878 2565 Arius,
923 2515 985 2569 qui
1019 2515 1057 2555 in
1094 2515 1294 2570 captandis
1326 2514 1487 2555 vocibus
1517 2514 1571 2555 ita
1598 2520 1702 2555 totus

148 2588 233 2632 est,
271 2580 398 2621 omnia
436 2588 476 2621 ut
501 2582 709 2635 diligenter
743 2583 856 2622 obeat
886 2597 931 2624 ac
956 2584 1190 2638 perlustret,
1235 2590 1350 2636 atquc
1383 2582 1557 2638 improba
1586 2597 1702 2636 quae-

148 2649 234 2689 dam
269 2651 523 2704 undequaque
558 2652 749 2704 vestiget,
797 2666 872 2691 nou
909 2658 949 2691 ut
976 2652 1118 2691 divinis
1151 2651 1273 2691 literis
1308 2659 1575 2692 consentanea
1605 2652 1698 2702 sint,

148 2718 215 2758 sed
243 2732 312 2772 pro
337 2732 384 2758 eo
409 2726 522 2772 atque
549 2719 671 2772 ipsum
697 2719 813 2758 animi
837 2720 996 2759 morbus
1023 2720 1233 2774 impulerit,
1257 2734 1331 2773 qno
1354 2721 1400 2759 ad
1425 2720 1563 2760 inanes
1583 2734 1701 2774 quae-

151 2786 301 2826 stiones
329 2794 367 2826 et
392 2787 599 2827 verborum
623 2787 897 2827 contentiones
922 2787 1085 2842 rapitur,
1120 2801 1218 2841 quae
1244 2788 1335 2827 nulii
1359 2788 1470 2828 alteri
1496 2787 1580 2829 usui
1604 2788 1699 2840 sint,

149 2870 261 2911 quam
294 2863 333 2895 ut
366 2862 439 2895 tam
471 2856 594 2910 ipsum
629 2869 739 2909 qnam
775 2863 993 2895 sectatores
1024 2870 1117 2895 snos
1150 2856 1186 2895 in
1223 2856 1434 2910 perniciem
1470 2857 1695 2897 coniiciant.

152 2923 298 2963 Eodem
337 2924 457 2978 igitur
493 2924 670 2964 instituto
704 2924 804 2963 illam
842 2924 986 2964 domini
1023 2925 1256 2964 sententiam
1297 2924 1457 2980 arripit,
1506 2939 1580 2980 qua
1612 2940 1699 2966 cum

149 3002 226 3034 tium
251 3003 345 3035 cadet
360 3030 367 3043 ,
394 3015 501 3049 neque
523 3003 621 3035 dnum
645 3002 815 3035 affectioni
836 3003 1016 3036 obnoxium
1042 3015 1112 3036 esse
1136 3007 1202 3037 cell.

1783 408 1860 450 Cup.

1746 454 1877 486 XXVI.

1766 2524 1845 2566 Cap.

1727 2570 1873 2603 XXVII.
