2066 3319
199 2440 266 2468 pag.
286 2434 343 2463 635.

366 217 445 256 428
925 222 1086 256 SANCTI
1110 224 1335 257 EPIPHANH

368 300 478 354 χάριν
504 301 569 341 καὶ
595 298 618 341 ὅ
642 298 738 348 θεός
760 301 798 349 ἐξ
822 297 998 354 ὑπαρχῆς
1020 303 1155 350 κτίζων
1176 300 1245 343 τόν
1272 301 1398 344 πάντα
1419 302 1566 356 κόσμον
1589 308 1635 362 τῇ
1660 302 1781 346 αὐτοῦ
1805 303 1896 360 ἄγα-

367 367 509 420 θότητι
539 365 633 409 καθ’
659 369 822 409 ἕκαστον
848 371 925 408 τῶν
958 368 1176 421 κτισμάτων
1209 369 1252 412 τό
1282 370 1402 412 καλὸν
1430 371 1612 427 ἐπέφερε,
1643 372 1782 427 λέγων,
1816 374 1896 414 Καὶ

366 434 464 477 εἶδεν
487 433 510 477 ὁ
527 434 624 484 θεὸς
645 435 704 477 ὅτι
725 434 857 477 καλόν·
890 434 1000 485 ὅπως
1019 441 1072 494 τῷ
1091 442 1195 494 καλῷ
1219 438 1460 497 μαρτυρήσῃ,
1491 441 1556 481 καὶ
1581 438 1708 481 άνέλοι
1729 439 1799 493 τήν
1820 445 1896 482 τῶν

366 502 583 557 ἐπιβούλων
607 508 675 557 τῆς
702 502 952 559 ἀνθρωπείας
974 504 1129 557 φύσεως
1153 505 1374 559 δεινότητα,
1404 512 1481 549 τῶν
1508 506 1573 549 διά
1604 506 1747 560 μύθων
1775 526 1895 562 πονη-

365 577 444 627 ρῶν
469 571 759 625 ε’πινοησάντων
782 570 968 624 ἀφανίσαι
990 574 1033 615 ἐκ
1049 578 1125 614 τῶν
1144 571 1369 629 ἀνθρώπων
1386 574 1455 629 τήν
1477 575 1676 628 ἀλήθειαν.
1715 574 1896 630 Ἐποίησε

363 638 434 695 γάρ
468 638 535 682 τόν
561 638 753 695 ούρανόν,
785 642 851 682 καὶ
875 639 945 694 τὴν
971 646 1064 696 γῆν,
1095 642 1162 682 καὶ
1185 640 1228 683 τό
1256 647 1361 694 φῶς,
1393 645 1459 685 καὶ
1490 642 1536 684 τά
1563 645 1604 684 έν
1628 648 1674 700 τῇ
1697 649 1747 701 γῇ
1777 646 1819 686 έν
1846 650 1894 703 τῇ

363 707 498 765 πρώτῃ
526 706 664 765 ἡμέρᾳ.
725 710 805 750 Καὶ
829 707 925 760 εἶδε,
956 710 1020 750 καὶ
1047 708 1134 751 ἰδοῦ
1157 709 1297 762 καλόν,
1329 712 1425 765 φησὶ
1450 709 1476 765 ἡ
1498 710 1643 767 γραφή.
1691 710 1793 767 ’Ἆρα
1820 712 1893 769 γάρ

364 775 435 817 οὐκ
469 775 553 834 ᾔδει
585 776 644 818 ὅτι
675 775 792 819 καλὸν
822 776 980 830 ἤμελλεν
1006 779 1256 833 ἐργάζεσθαι,
1287 778 1347 820 ὅτι
1379 778 1472 832 μετά
1503 779 1545 820 το“
1572 780 1754 834 γενέσθαι
1782 781 1893 836 λέγει,

360 842 462 886 Ἰδού
484 844 626 895 καλόν,-
663 847 730 887 καὶ
761 845 863 888 οὕτω
896 849 1067 900 καθεξῆς
1101 848 1164 888 ἐπὶ
1187 853 1269 896 τοῖς
1291 847 1449 898 ὕδασιν,
1488 848 1552 889 ἐπὶ
1581 851 1650 900 τῆς
1679 847 1892 902 θαλάσσης,

364 915 427 954 ἐπὶ
451 918 526 955 τῶν
545 913 842 967 βλαστημάτων,
874 916 935 956 ε’πὶ
960 919 1035 956 τῶν
1058 914 1204 967 ξύλων,
1237 916 1301 957 ἐπὶ
1325 919 1400 956 τῶν
1422 914 1642 971 φωστήρων
1664 917 1705 958 ἐν
1726 914 1893 974 οὐρανῷ,

363 983 427 1024 ἐπὶ
452 986 529 1024 τῶν
561 987 735 1036 κτηνῶν,
776 984 840 1024 ἐπὶ
871 987 948 1024 τῶν
976 988 1134 1036 πτηνῶν
1168 985 1234 1025 καὶ
1264 985 1435 1039 ἑρπετῶν
1467 985 1533 1025 καὶ
1567 985 1728 1037 ἰχθύων.
1789 983 1894 1027 Καθ’

363 1052 524 1111 ἕκαστον
549 1049 620 1106 γάρ
644 1052 758 1106 ἔλεγε,
792 1054 871 1092 Καὶ
893 1048 993 1092 εἶδεν
1016 1049 1037 1093 ὁ
1057 1050 1166 1102 θεὸς,
1197 1053 1264 1093 καὶ
1289 1051 1377 1093 ἰδοῦ
1397 1051 1535 1093 καλόν·
1568 1050 1615 1094 ού
1635 1051 1678 1094 τό
1703 1051 1894 1109 πρότερον

361 1116 534 1174 α’γνοῶν,
566 1117 657 1161 οὐδὲ
681 1118 775 1172 μετά
798 1118 841 1161 τό
864 1121 1045 1175 γενέσθαι
1068 1118 1121 1168 ῶς
1148 1126 1158 1149 ¹
1178 1119 1242 1162 διά
1267 1123 1399 1175 πείρας
1425 1119 1597 1173 ἐσχηκώς
1624 1126 1728 1162 2τοῦ
1751 1122 1894 1164 εἰδέναι

361 1188 421 1230 ὅτι
445 1185 581 1238 καλὸν,
613 1185 706 1228 ἄλλα
731 1185 808 1229 dud
831 1193 903 1229 τοῦ
931 1186 1026 1229 εἶναι
1051 1187 1179 1229 πάντα
1200 1187 1317 1239 καλά,
1349 1189 1414 1229 καὶ
1438 1187 1615 1241 οὐδαμοῦ
1642 1187 1743 1231 εἶναι
1769 1189 1893 1232 κακόν

362 1257 618 1312 προεθέσπιζε
642 1254 706 1296 διὰ
728 1254 799 1308 τήν
821 1260 898 1297 τῶν
918 1257 1172 1309 κακοβούλων
1195 1255 1332 1307 δόξαν,
1361 1260 1438 1298 τῶν
1461 1256 1618 1299 πάντων
1641 1256 1807 1314 ἀγαθῶν
1830 1257 1892 1300 ὅν-

361 1343 436 1367 των
469 1325 534 1366 καὶ
567 1329 695 1366 καλῶν
727 1325 1076 1379 μαρτυρουμένων,
1119 1322 1247 1365 3κατοὶ
1275 1323 1345 1377 τήν
1373 1329 1443 1365 τοῦ
1473 1330 1595 1367 καλοῦ
1629 1325 1894 1380 ἀληθεστάτην

362 1395 575 1449 μαρτυρίαν
605 1391 647 1433 τό
677 1390 809 1433 Καλὸν
842 1393 963 1447 ἔλεγε,
996 1393 1170 1447 στέρησις
1201 1391 1245 1433 ὂν
1276 1391 1422 1441 παντὸς
1448 1392 1640 1448 4άγαθοῦ
1669 1396 1736 1436 καὶ
1764 1396 1892 1449 πάσης

361 1464 509 1509 κακίας.
557 1461 637 1501 Καὶ
662 1462 728 1501 ἵνα
749 1458 827 1502 άπὸ
852 1463 920 1502 τοῦ
942 1459 1061 1502 καλὸν
1082 1458 1182 1501 εἶναι
1203 1459 1245 1501 τό
1270 1465 1348 1501 πᾶν
1372 1459 1577 1515 α’ναιρῆται
1603 1460 1626 1503 ὁ
1646 1463 1735 1518 περὶ
1755 1467 1893 1513 κακίας

363 1531 437 1571 ὓέν
464 1527 697 1583 ἀνθρώποις
724 1530 1021 1582 ἐπινενοημένος
1051 1527 1185 1584 λόγος,
1227 1531 1294 1570 ἵνα
1324 1527 1394 1582 την
1427 1534 1557 1571 πᾶσαν
1589 1528 1792 1584 ὑπόληψιν
1821 1530 1893 1585 τήν

359 1596 609 1653 κακότροπον
639 1601 716 1638 τῶν
747 1595 817 1650 τήν
847 1599 1099 1639 διδασκαλίαν
1123 1596 1464 1653 παρειςφερόντων
1487 1598 1733 1641 παντάπασιν
1755 1597 1892 1643 ἀνέλοι.

361 1664 463 1707 Εἶτα
488 1663 618 1707 ε’λθῶν
644 1667 705 1707 ἐπὶ
731 1664 798 1707 τόν
827 1665 1046 1720 ἄνθρωπον
1068 1664 1141 1708 οῦκ
1166 1663 1272 1707 εἶπεν
1297 1665 1378 1717 ὅτι,
1411 1665 1560 1708 Καλόν·
1592 1665 1661 1721 οὐχ
1683 1666 1743 1709 ὅτι
1770 1668 1893 1711 κακόν

1420 1735 1433 1775 ὶ
1460 1740 1477 1763 ⁶
1491 1739 1560 1788 τῆς
1583 1740 1655 1789 γῆς
1678 1737 1891 1790 ἐκτισμένα,

363 1802 438 1845 7τό
463 1804 527 1844 ἐπὶ
546 1807 598 1859 τῷ
621 1801 747 1857 ἄρχειν
769 1804 809 1844 ἐκ
834 1807 933 1844 θεοῦ
959 1804 1182 1856 ἕκτισμένον
1209 1806 1328 1860 σοφία
1355 1802 1532 1860 ἀρρήτῳ,
1565 1798 1597 1861 ᾧ
1623 1805 1748 1857 ἔμελλε
1769 1822 1895 1861 παρα-

359 1733 382 1776 ό
408 1733 646 1789 ἅνθρωπος,
677 1732 720 1775 τό
751 1733 986 1787 ἐξοχώτατον
1017 1733 1123 1790 παρά
1149 1733 1277 1776 πάντα
1300 1733 1346 1775 τα
1369 1735 1417 1776 ἐπ

361 1869 513 1913 διδόναι
534 1869 629 1920 θεὸς
652 1875 669 1899 8
683 1873 908 1912 δεσποτείαν
930 1876 1007 1912 τῶν
1027 1869 1092 1912 ὑπ’
1111 1869 1231 1913 αὐτοῦ
1253 1870 1413 1913 πάντων
1434 1872 1679 1925 ἔκτισμένων,
1711 1871 1764 1922 ὥς
1782 1888 1893 1927 φησι,

364 1938 599 1992 Ποιήσωμεν
632 1937 848 1994 ἄνθρωπον
880 1938 963 1981 κατ’
990 1938 1121 1981 εἰκόνα
1152 1938 1340 1995 ἡμετέραν
1369 1941 1435 1981 καὶ
1466 1939 1560 1982 καθ’
1583 1938 1788 1994 ὁμοίωσιν,
1827 1943 1894 1983 καὶ

362 2007 583 2063 ἄρχέτωσαν
604 2011 680 2048 τῶν
706 2006 856 2060 ἰχθύων
875 2012 944 2061 τῆς
965 2007 1187 2061 θαλάσσης,
1218 2010 1284 2050 καὶ
1306 2013 1383 2050 τῶν
1407 2013 1590 2050 πετεινῶν
1613 2013 1684 2051 τοῦ
1706 2007 1892 2064 ούρανοῦ,

361 2078 427 2118 καὶ
449 2081 527 2117 τῶν
551 2077 720 2130 ἑρπετῶν
745 2081 812 2128 τῆς
835 2081 925 2130 γῆς,
957 2077 1023 2117 καὶ
1045 2081 1215 2130 κτηνῶν,
1246 2077 1311 2118 καὶ
1342 2079 1516 2131 θηρίων,
1549 2078 1615 2118 καὶ
1638 2075 1796 2118 πάντων
1814 2082 1894 2119 τῶν

362 2142 484 2186 ὄντων
508 2145 570 2186 ἐπὶ
592 2148 660 2196 τῆς
684 2148 771 2198 γῆς·
805 2140 881 2185 ἄλλ’
907 2144 1040 2198 ἐπειδὴ
1061 2143 1142 2186 κατ’
1165 2143 1298 2186 εἰκόνα
1318 2149 1418 2186 θεοῦ
1442 2146 1622 2198 ἐκτίσθη,
1653 2143 1830 2201 ἠρκέσθη
1849 2144 1891 2188 τό

362 2218 476 2254 θεῖον
508 2211 666 2267 γράμμα
695 2217 750 2269 τῷ
783 2211 956 2270 τοσούτῳ
985 2211 1171 2265 ἀξιώματι
1203 2211 1256 2266 μή
1282 2216 1410 2268 χρείαν
1438 2215 1536 2266 ἔχειν
1563 2213 1796 2268 προςθήκης
1826 2215 1892 2256 ἔτι.

363 2282 420 2321 Εἰ
441 2279 513 2336 γάρ
540 2278 660 2334 αὐτῆς
686 2285 755 2334 τῆς
785 2279 1033 2336 άγαθότητος
1063 2279 1137 2334 εἶχε
1163 2282 1395 2334 κεκτημένος
1426 2279 1496 2334 τήν
1523 2280 1677 2334 εἰκόνα,
1717 2284 1820 2336 φημὶ
1850 2283 1893 2325 δὲ

413 2354 430 2362 v

363 2367 427 2390 wi.
467 2352 637 2404 9κ.υρίου
661 2351 780 2399 θεοῦ,
818 2348 945 2398 πάσας
977 2352 1137 2398 κτίσεως
1161 2352 1423 2404 δημιουργοῦ,
1460 2351 1526 2391 καὶ
1557 2349 1734 2405 ἀγαθοῦ,
1773 2352 1813 2400 ἐξ
1843 2347 1893 2393 οῦ

364 2422 468 2459 πᾶσα
494 2416 600 2473 πηγὴ
635 2416 976 2473 10ἀγαθωσύνης,
1008 2419 1046 2466 ἐξ
1068 2412 1116 2459 οὗ
1141 2416 1183 2459 τὸ
1207 2415 1364 2473 α’γαθόν
1387 2419 1427 2459 έν
1456 2422 1573 2459 πᾶσιν
1595 2415 1775 2473 ὑπάρχει,
1807 2424 1892 2469 πῶς
1938 2433 1942 2437 ’

362 2488 416 2528 ἔτι
439 2489 567 2541 χρείαν
587 2484 660 2539 εἶχε
683 2488 896 2541 μαρτυρίας
919 2483 1104 2537 οἰκοῦσαι,
1136 2485 1208 2537 ὅτι,
1238 2484 1339 2528 Ἰδού
1362 2484 1493 2537 καλὸν,
1525 2483 1644 2527 ὁπότε
1664 2486 1735 2540 την
1758 2486 1891 2529 εἰκόνα

364 2552 485 2596 αὐτοῦ
508 2559 577 2596 τοῦ
597 2559 718 2596 καλοῦ
737 2552 810 2607 εἶχε
832 2554 1064 2607 κεκτημένος
1072 2573 1082 2604 ,-
1119 2560 1132 2583 ¹
1149 2559 1162 2582 1
1178 2556 1215 2603 ἐς
1235 2554 1394 2609 ὕστερον
1416 2554 1457 2596 δὲ
1479 2555 1543 2596 ε’πὶ
1562 2555 1657 2597 τέλει
1676 2559 1754 2596 τῶν
1775 2554 1887 2607 ὅλων,

363 2621 457 2676 μετά
477 2621 520 2664 τό
546 2628 709 2676 ποιῆσαι
729 2627 858 2664 πᾶσαν
880 2624 1157 2677 δημιουργίαν,
1189 2621 1566 2678 ἕπισφραγισάμενος
1586 2620 1609 2665 ὁ
1635 2628 1746 2672 θεῖος
1775 2622 1889 2679 λόγος

409 2773 484 2804 Cn.
504 2772 627 2804 XVIII.
652 2791 695 2796 —-
744 2773 772 2805 1.
804 2770 859 2806 διὰ
889 2770 1004 2815 πείρας
1036 2774 1102 2805 cod.
1148 2775 1230 2812 quod
1248 2775 1350 2813 magis
1370 2774 1508 2812 arridet,
1540 2769 1728 2815 ἅναγάὲου,
1761 2777 1814 2805 aui
1839 2772 1886 2817 μὴ

362 2820 488 2858 Rhediy.
536 2818 708 2861 διαπείρας
731 2821 841 2859 reliqui
863 2820 942 2849 libri.
1149 2814 1290 2860 dyoffiofi.

407 2862 437 2894 2.
465 2865 687 2904 corrigendum
707 2867 846 2904 suspicor
868 2861 905 2897 τὸ
927 2862 1056 2897 εἰδέναι.
1192 2864 1222 2894 5.
1248 2862 1280 2896 ἐν
1305 2865 1496 2895 desideratur
1522 2865 1554 2895 in
1571 2865 1619 2895 ed.
1639 2865 1760 2895 Petavii
1784 2865 1887 2898 Colon.

406 2908 437 2941 3.
463 2909 608 2948 Suspicor
631 2907 718 2942 κατά
741 2920 777 2942 τε
799 2910 856 2942 τοῦ
877 2909 991 2942 καλοῦ.
1192 2906 1223 2940 6.
1248 2909 1310 2950 τῆς
1331 2919 1392 2940 non
1415 2910 1504 2939 habet
1526 2910 1592 2940 cod.
1616 2909 1745 2949 Rhedig.

407 2952 438 2985 4.
466 2954 633 2985 Cornarius
662 2956 748 2986 haud
777 2956 865 2986 aliter
886 2956 940 2986 hoc
970 2956 1103 2986 vocabu·
1193 2952 1222 2986 7.
1248 2955 1281 2985 171
1301 2956 1385 2985 libris
1407 2955 1498 2993 vulyo
1523 2957 1606 2986 extat
1628 2951 1695 2987 τὸν.

363 3001 427 3030 lum
444 3001 657 3038 interpretatus
677 3004 719 3031 esi
738 3009 833 3040 quarn
846 3001 1002 3031 Petavius.
1036 3001 1102 3031 Non
1190 2999 1221 3031 ὅ.
1245 3000 1350 3030 Delevi
1369 3001 1627 3038 praepositionem
1651 2997 1698 3036 εἰς
1718 3008 1797 3039 quae
1818 3002 1887 3032 vul-

363 3045 466 3076 dubito
485 3046 557 3084 quin
570 3046 607 3075 sil
619 3046 828 3084 reponendum
841 3041 1023 3088 οἷντιὲέτου,
1044 3046 1104 3084 vel,
1146 3054 1184 3084 9⁰
1218 3045 1452 3084 deprehenditur
1485 3048 1555 3076 ante
1585 3054 1650 3078 voc.
1680 3044 1885 3080 δεσποτείαν.
