2066 3319
175 401 317 457 pag.16681

177 2632 243 2660 pag.
263 2625 321 2652 689.

339 154 419 194 492
903 161 1062 194 SANCTI
1087 162 1310 193 EPIPHANH

336 244 401 281 λον
433 238 501 291 τήν
532 238 656 280 αὐτοῦ
687 240 915 294 ἐπαγγελίαν
944 244 1014 292 τῆς
1042 238 1221 294 γνώσεως
1250 242 1393 294 χοίρων
1423 234 1564 290 οὖσαν,
1606 239 1672 282 διοὶ
1701 239 1770 294 τήν
1802 241 1870 282 αὐ-

337 311 405 348 τοῦ
435 305 582 359 πλάνην
613 308 679 348 καὶ
710 306 898 360 ἀσέβειαν.

453 375 554 427 Περὶ
577 375 619 416 δὲ
640 379 709 427 τῆς
731 379 802 416 τοῦ
823 372 946 427 Ἀδάμ
967 373 1142 424 πλάσεως
1173 373 1195 416 ὁ
1218 373 1335 424 αὐτὸς
1359 373 1614 430 διηγούμενος
1642 377 1751 431 ἕτερα
1782 375 1872 419 ἄνθ’

337 442 478 497 ἑτέρων
509 446 557 500 τῇ
579 443 704 499 πλάνῃ
733 445 982 494 συνυφαίνει,
1020 441 1101 493 ὅτι,
1131 444 1250 496 φησὶ,
1289 441 1333 484 ‘O
1359 441 1496 492 εἰπών,
1540 442 1778 498 Ποιήσωμεν
1807 443 1874 487 ‹3212-

339 516 506 563 θρωπον
543 507 625 550 κατ’
663 509 795 552 εἰκόνα
831 508 1020 565 ήμετέραν
1055 511 1120 551 καὶ
1159 509 1250 552 καθ’
1289 509 1493 564 ὁμοίωσιν,
1535 512 1602 552 καὶ
1639 514 1874 566 προςτίθησι

337 579 458 633 λέγων
479 576 545 628 τὸ,
587 582 708 619 Δεῦτε
732 577 976 631 ποιήσωμεν,
1007 577 1102 633 ὅπερ
1128 577 1175 620 οὗ
1205 580 1435 634 γέγραπται,
1477 576 1593 629 α’λλά,
1640 578 1874 634 Ποιήσωμεν

338 644 556 699 ἄνθρωπον
578 644 661 687 κατ’
681 645 814 688 εἰκόνα
837 644 1047 701 ἡμετέραν,
1078 647 1145 688 καὶ
1167 645 1261 688 καθ’
1287 645 1485 700 ὁμοίωσιν.
1544 644 1706 702 Ἐλέγχει
1727 648 1769 690 δὲ
1786 653 1873 690 τοῦ-

337 731 403 755 τον
426 712 448 756 ὁ
476 713 586 768 ἅγιος
613 712 828 764 ἀπόστολος
852 715 991 769 λέγων,
1030 715 1095 755 καὶ
1123 713 1242 764 αὕτὸς
1275 713 1297 756 ὁ
1325 713 1463 769 κύριος
1493 716 1534 756 ἐν
1567 719 1620 772 τῷ
1652 714 1873 774 εὐαγγελίῳ,

337 781 399 823 ὅτε
421 783 462 823 οἷ
483 785 694 837 Φαρισαῖοι
717 781 817 837 πρὸς
837 780 957 824 αὐτὸν
979 783 1130 835 ἔφησαν
1150 783 1230 834 ὅτι,
1277 780 1336 824 Οὐ
1361 781 1479 824 καλὸν
1503 781 1602 825 εἶναι
1626 782 1693 824 τὸν
1716 782 1873 840 ἅνθρω-

337 866 414 891 πον
437 848 681 903 μονώτατον,
712 851 799 901 καὶ,
841 855 1023 904 Μωϋσῆς
1049 848 1131 892 εἶπε
1154 850 1305 892 διδόναι
1331 853 1482 906 βιβλίον
1509 850 1775 903 ἀποστασίου,
1805 852 1874 894 καὶ

337 916 533 971 ἐκβάλλειν
553 918 623 971 τήν
643 924 829 973 γυναῖκα·
860 919 924 959 καὶ
948 916 970 960 ὁ
989 917 1125 973 κύριος
1146 918 1245 974 πρὸς
1264 917 1355 968 τούς
1372 921 1613 973 Φαρισαίους
1634 918 1703 961 τόν
1726 921 1875 976 ἔλεγχον

338 986 537 1041 ἐπιφέρων
575 987 696 1042 ἔλεγε,
739 991 921 1039 ΝΙωϋσῆς
953 986 1052 1028 κατά
1083 985 1154 1040 τὴν
1197 989 1504 1041 σκληροκαρδίαν
1544 985 1657 1040 ὑμῶν
1686 989 1873 1042 ἔγραψεν,

338 1051 517 1108 άπαρχῆς
539 1054 580 1096 δὲ
600 1052 648 1096 οὐ
669 1055 825 1110 γέγονεν
848 1053 988 1105 οὕτως,
1019 1052 1095 1096 ἄλλ’
1119 1053 1141 1096 ὁ
1160 1054 1328 1108 ποιήσας
1353 1054 1470 1109 ἄρσεν
1490 1056 1556 1096 καὶ
1579 1059 1684 1108 θῆλυ
1705 1057 1873 1110 ἐποίησε,

337 1123 405 1162 καὶ
429 1119 551 1173 εἶπεν,
589 1120 691 1163 Ἀντὶ
717 1122 859 1164 τούτου
882 1125 1108 1174 καταλείψει
1142 1122 1358 1177 ἅνθρωπος
1388 1122 1456 1164 τὸν
1480 1125 1626 1179 πατέρα
1653 1121 1777 1165 αὐτοῦ
1807 1125 1873 1165 καὶ

337 1187 408 1242 τήν
440 1191 584 1244 μητέρα
609 1188 751 1241 αὐτοῦ,
789 1192 855 1231 καὶ
880 1189 1162 1243 κολληθήσεται
1187 1195 1234 1247 τῇ
1261 1191 1420 1244 γυναικὶ
1446 1188 1587 1241 αὐτοῦ,
1629 1192 1696 1231 καὶ
1724 1192 1875 1233 ἔσονται

339 1259 379 1298 οἷ
398 1256 470 1299 δύο
496 1259 551 1306 εἰς
584 1256 709 1310 σάρκα
739 1260 841 1310 μίαν.
903 1258 982 1298 Καὶ
1006 1256 1129 1306 εὐθύς
1153 1258 1327 1312 ἐπιφέρει
1354 1259 1497 1313 λέγων,
1542 1259 1597 1299 Εἰ
1618 1253 1691 1300 οῦν
1725 1257 1748 1300 ὁ
1778 1258 1876 1308 θεὸς

338 1326 576 1376 συνέζευξεν,
608 1324 824 1378 ἅνθρωπος
853 1324 904 1378 μή
931 1326 1135 1380 χωριζέτω
1183 1323 1417 1381 1ὁμολογῶν
1446 1324 1564 1376 θεὸν,
1604 1327 1777 1369 τουτέστι
1805 1325 1876 1368 τόν

338 1395 440 1434 ἰ’διον
467 1391 591 1434 αὐτοῦ
620 1394 768 1448 πατέρα
801 1392 868 1435 τόν
890 1391 1014 1446 Ἀδοὶμ
1047 1395 1301 1446 πεποιηκέναι
1333 1395 1401 1435 καὶ
1432 1392 1502 1447 τήν
1535 1392 1672 1446 Εὕαν,
1713 1396 1779 1436 καὶ
1807 1393 1876 1437 τὸν

338 1460 465 1516 γάμον
494 1460 562 1503 τόν
585 1460 725 1514 σεμνόν
752 1463 790 1511 ἐξ
817 1459 938 1503 αὐτοῦ
970 1464 1213 1503 2κεκτίσθαι.
1279 1466 1335 1520 Τῇ
1357 1462 1397 1504 δὲ
1420 1460 1541 1504 αὐτοῦ
1563 1459 1786 1520 α’κολουθίᾳ
1808 1463 1876 1504 καὶ

338 1527 360 1570 ὁ
384 1528 495 1584 ἅγιος
518 1527 734 1578 ἀπόστολος
756 1528 880 1584 κήρυξ
903 1529 957 1571 ὦν
980 1534 1049 1583 τῆς
1073 1528 1261 1583 ἀληθείας
1280 1531 1398 1585 λέγει,
1447 1528 1497 1572 T&
1526 1529 1741 1586 μυστήριον
1761 1535 1876 1573 τοῦτο

338 1598 435 1652 μέγα
468 1599 587 1648 ἐστὶν,
632 1596 705 1652 ἐγώ
730 1598 771 1639 δὲ
811 1599 907 1653 λέγω
931 1599 985 1646 εἰς
1009 1597 1178 1652 Χριστόν
1209 1599 1276 1640 καὶ
1307 1597 1378 1652 τήν
1403 1600 1626 1652 ἐκκλησίαν·
1675 1601 1771 1640 3ἴνα
1796 1597 1876 1641 ἀπὸ

337 1670 407 1707 τοῦ
434 1663 684 1719 ὁμοιώματος
715 1670 785 1707 τοῦ
820 1663 899 1707 find
933 1670 1005 1708 τοῦ
1035 1671 1136 1707 θεοῦ
1168 1667 1439 1719 κεκτισμένου,
1478 1665 1601 1721 Ἀδάμ
1633 1683 1672 1708 τε
1707 1667 1776 1709 καὶ
1809 1672 1878 1720 τῆς

337 1732 467 1782 Εὔας·
507 1734 566 1775 ὅτι
597 1732 620 1776 ὁ
641 1732 739 1782 θεὸς
759 1735 902 1785 ἔκτισε,
933 1735 1000 1776 καὶ
1023 1732 1130 1776 εἶπεν
1153 1733 1175 1776 ὁ
1206 1733 1351 1788 Ἀδάμ,
1400 1740 1524 1777 Τοῦτο
1549 1733 1691 1778 ὀστοῦν
1724 1736 1767 1777 ἐκ
1797 1739 1877 1777 τῶν

337 1800 464 1842 ὀστῶν
488 1819 587 1854 μου,
632 1804 696 1843 καὶ
723 1800 819 1857 σάρξ
849 1804 892 1844 ἐκ
916 1807 994 1844 τῶν
1025 1806 1182 1858 σαρκῶν
1211 1820 1307 1856 μου,
1338 1805 1426 1855 καὶ,
1461 1803 1571 1845 ’Λντὶ
1592 1801 1737 1845 τούτου
1762 1820 1875 1845 κατα-

337 1871 460 1921 λείψει
484 1868 719 1924 ἅνθρωπος,
749 1871 813 1911 καὶ
842 1869 900 1912 ὅτι
926 1870 1180 1928 ᾠκοδόμησεν
1202 1870 1307 1929 αὐτῷ
1331 1870 1402 1925 τήν
1424 1870 1595 1926 πλευράν
1613 1873 1667 1920 εἰς
1688 1878 1876 1927 γυναῖκα·

337 1937 405 1977 καὶ
427 1935 556 1979 οὐκέτι
581 1939 710 1993 ἕτερον
742 1936 881 1995 4αὐτῷ
914 1937 1078 1990 φάσκει,
1110 1937 1203 1980 ἄλλα
1227 1939 1441 1995 μυστήριον
1464 1940 1571 1994 μέγα.
1634 1941 1714 1981 Καὶ
1744 1933 1780 1982 εἷ
1809 1940 1878 1994 μὲν

338 2005 379 2046 ἐν
401 2003 601 2063 ἀνθρώπῳ
624 2008 690 2047 καὶ
712 2008 866 2060 γυναικὶ
888 2006 959 2060 τὴν
982 2006 1123 2049 πλάσιν
1139 2042 1148 2058 ,
1184 2007 1282 2049 κατα
1305 2008 1348 2049 δὲ
1369 2007 1440 2061 τήν
1460 2006 1667 2063 ἀναγωγὴν
1693 2006 1741 2049 δι’
1765 2007 1876 2061 ἄλλη-

337 2075 472 2127 γορίας
491 2074 670 2128 φέρεται,
701 2079 785 2123 πῶς
810 2070 880 2116 οὖν
905 2074 1024 2124 αὐτὸς
1044 2075 1233 2130 βδελυκτοὶ
1256 2074 1405 2130 ἡγεῖται
1425 2077 1491 2117 καὶ
1515 2073 1696 2130 ἀλλότρια
1717 2080 1786 2127 τῆς
1807 2080 1878 2117 τοῦ

336 2145 437 2183 θεοῦ
458 2139 656 2194 ἀληθείας,
687 2143 751 2183 καὶ
774 2140 1074 2197 ὖπό”Αρχοντος
1097 2141 1144 2185 τά
1170 2142 1247 2186 ind
1268 2148 1371 2185 θεοῦ
1392 2146 1596 2185 κεκτίσθαι
1618 2146 1876 2197 βλασφημῶν,

335 2211 404 2250 καὶ
425 2211 667 2264 παραφέρων
696 2208 767 2262 τήν
797 2209 975 2252 διάνοιαν
1001 2210 1079 2253 ἆπὸ
1103 2216 1172 2265 τῆς
1197 2210 1404 2265 ἀληθείας,
1448 2209 1529 2253 εἶτά
1554 2225 1675 2265 φησι,
1714 2211 1876 2266 Ἐπειδὴ

338 2276 400 2319 ἄπ’
425 2278 546 2331 ἀρχῆς
565 2276 591 2331 ἡ
610 2276 718 2332 ψυχή
741 2276 1041 2320 ἀποσπασθεῖσα
1063 2278 1223 2322 ἄνωθεν
1245 2283 1390 2333 θλίψιν
1412 2281 1569 2333 ἐμποιεῖ
1585 2285 1633 2338 τῇ
1652 2279 1733 2322 ἅνω
1756 2280 1877 2322 δυνά-

337 2362 418 2398 μει,
450 2345 515 2387 διά
535 2351 650 2388 τοῦτο
672 2345 862 2396 καθάπαξ
887 2345 1127 2398 ἀποστέλλει,
1167 2349 1235 2390 καὶ
1265 2352 1363 2407 συλᾷ
1394 2346 1471 2390 άπὸ
1497 2353 1574 2390 τῶν
1595 2347 1810 2402 Ἀρχόντων
1832 2349 1875 2391 τό

337 2417 524 2466 λείψανον
546 2412 587 2456 to*
611 2415 774 2465 ἑαυτοῦ,
805 2413 901 2468 ὅπερ
928 2416 1030 2456 ἐστὶν
1050 2414 1076 2469 ή
1097 2415 1226 2470 ψυχή,
1259 2415 1324 2458 διά
1347 2417 1512 2458 τουτωνὶ
1543 2421 1622 2457 τῶν
1643 2416 1875 2471 φωστήρων.

339 2481 521 2537 Μεγάλαι
547 2480 661 2535 ήμῶν
689 2484 732 2523 αἱ
761 2484 929 2532 ἐλπίδες,
969 2485 1035 2524 καὶ
1061 2486 1204 2539 μεγάλη
1236 2483 1348 2538 ἡμῶν
1378 2482 1405 2537 ἦ
1434 2487 1672 2539 καραδοκία,
1713 2484 1773 2527 ὅτι
1804 2483 1877 2527 οὐκ

340 2549 460 2602 ἰσχύει
490 2548 512 2591 ὁ
541 2549 638 2599 θεός
667 2548 690 2592 ό
719 2548 894 2605 ἆγαθός,
924 2552 991 2591 καὶ
1023 2556 1116 2602 ζῶν,
1146 2553 1213 2593 καὶ
1244 2551 1411 2601 δυνατός
1441 2557 1584 2604 σῶσαι,
1615 2552 1663 2594 οὐ
1689 2554 1785 2608 λέγω
1806 2552 1878 2607 τήν

342 2619 483 2659 ἑαυτοῦ
508 2618 675 2671 δύναμιν
698 2617 769 2672 τήν
798 2620 837 2669 ἐξ
864 2617 986 2660 αὐτοῦ
1009 2620 1274 2672 ἐσπασμένην,
1307 2618 1400 2661 ἄλλα
1424 2619 1472 2661 τά
1492 2618 1558 2661 ὑπ’
1582 2618 1704 2662 αὐτοῦ
1725 2637 1876 2675 γεγενη-

341 2687 435 2738 μένα
464 2687 531 2728 καὶ
561 2687 827 2741 πεπλασμένα·
871 2685 939 2729 ἐάν
976 2685 1029 2740 μὴ
1069 2685 1117 2728 δι’
1149 2686 1264 2730 ἄλλου
1302 2687 1407 2737 τινός
1443 2687 1594 2743 τρόπου
1634 2686 1694 2741 5ἢ
1732 2686 1780 2730 δι’
1809 2694 1876 2748 λῃ-

388 2834 464 2866 CAP.
481 2836 565 2868 LVI.
579 2854 622 2859 —
661 2836 687 2869 1.
715 2834 866 2879 ὁμολογῶ
882 2839 991 2869 habent
1004 2840 1084 2868 uter·
1128 2839 1255 2868 creverit
1274 2839 1534 2869 exterminatione
1554 2840 1602 2869 ’.ἵν
1624 2839 1765 2870 vocabuli
1783 2849 1876 2880 prae-

343 2889 398 2920 que
417 2881 482 2911 cori.
505 2891 561 2913 ms.
580 2885 607 2912 et
630 2883 676 2914 ed.
695 2884 796 2922 princ.
1128 2883 1266 2914 cedentis.

385 2927 416 2955 2.
441 2927 630 2967 κεκτῆσξαι
653 2929 742 2958 codd.
766 2938 838 2959 mss.
866 2931 892 2959 et
915 2929 962 2959 ed.
985 2929 1081 2967 princ.
1175 2923 1206 2958 4.
1232 2928 1379 2969 Suspicor
1402 2922 1495 2963 αὐτὸ.

386 2969 416 3002 3.
443 2972 610 3003 Delendum
631 2976 705 3012 puto
727 2973 781 3006 hoc
800 2972 865 3011 ἵνα,
882 2977 915 3004 ut
928 2974 1010 3014 quod
1032 2982 1084 3004 ac-
