2056 3298
510 170 688 203 PANARtt
713 169 795 202 Ltss.
822 170 862 201 Il.
888 170 994 202 TOM.
1018 171 1041 201 ῐ.
1068 171 1197 202 HAER.
1219 171 1374 203 XLVIII.
1670 163 1722 201 37

177 256 279 300 tate,
312 248 541 289 beneficium
566 249 638 289 hoc
663 249 700 288 in
733 248 939 289 universos
965 251 1159 291 conserat.
1224 249 1291 292 Sic
1318 265 1413 305 quos
1442 250 1618 300 vocavit,
1653 265 1722 290 vo-

176 317 365 358 luntarios
391 317 520 370 utique
543 317 723 367 vocavit,
759 331 834 357 non
860 325 899 357 ut
924 318 1036 357 ullam
1062 319 1138 358 vim
1175 319 1376 359 adhiberet
1408 326 1473 358 aut
1505 319 1605 358 collo
1636 318 1720 359 vin-

177 386 303 426 culum
328 385 562 425 innecteret.
625 383 682 424 lta
707 385 807 425 enim
834 386 1024 439 loquitur:
1068 390 1199 425 Omnes
1226 390 1393 425 sitientes
1422 390 1540 426 venile
1568 390 1619 426 ad
1647 402 1714 426 me.
1747 396 1881 458 minias»,
1902 398 1926 424 1.

179 452 274 494 item
292 470 300 493 ε
336 456 384 492 Si
402 456 485 504 qm's
512 455 591 492 mlle
611 457 735 492 venire
755 457 805 492 ml
825 469 902 501 me,
938 455 1098 505 abneget
1118 458 1350 506 svm-elspsvmi
1371 463 1407 493 el
1436 464 1617 507 sequatur
1647 471 1714 495 me.
1755 448 1796 500 ω’,
1815 454 1856 494 2⁴]

178 520 402 575 Quinetiam
428 534 497 575 per
518 519 676 560 Esaiam
702 522 753 561 ita
781 522 902 562 dixit:
945 525 993 561 Se·
1021 525 1213 561 volum—ints·
1241 530 1277 560 e!
1309 526 1505 561 audieritis·
1528 540 1595 563 me.
1662 524 1721 564 Ac
1751 534 1819 562 lsai.
1840 536 1864 569 1,
1884 535 1923 563 19.

175 590 383 644 deinceps,
418 595 459 629 ut
485 588 659 643 quisnam
689 590 915 644 loqueretur
937 591 1121 644 propheta
1150 591 1389 630 declararet:
1436 594 1484 629 Os
1512 596 1627 640 enim,
1663 592 1720 632 in-
1740 602 1923 637 lbid.5e‚14.

177 658 282 713 quit,
317 661 460 697 domine·
484 661 645 697 loentum
671 666 727 697 est
751 662 836 697 isla.
902 656 1033 698 lamne
1058 659 1167 698 vides
1193 658 1290 698 istos
1325 672 1410 697 cum
1444 660 1567 699 sacris
1600 661 1721 701 literis

176 727 276 767 nulla
309 740 359 766 ex
390 733 498 781 parte
531 726 766 776 convenire,
801 727 868 767 sed
900 726 1175 766 abhorrentem
1213 741 1234 767 a
1266 735 1531 768 consentanea
1567 729 1720 769 divinae

177 795 261 836 fidei
289 795 464 835 doctrina
489 795 722 835 sententiam
748 808 1000 849 erroremque
1024 796 1263 835 defendere?
1322 795 1478 836 Etenim
1503 795 1721 837 Maximilla

174 863 354 904 volentes
389 863 568 903 nolentes
604 877 747 917 cogere
772 877 815 903 se
842 863 1016 914 dicebat,
1051 870 1087 904 ut
1122 864 1181 904 vel
1215 863 1286 903 hoc
1316 864 1398 919 ipso
1435 865 1536 904 dieto
1566 866 1721 904 menda-

175 932 275 972 cium
303 931 387 972 eius
415 931 538 986 possit
561 931 737 984 agnosci.
800 930 904 972 Nam
929 946 1000 972 nec
1027 932 1205 972 volentes
1230 932 1288 972 dei
1313 947 1424 986 quam
1455 948 1530 973 non
1556 933 1722 974 habehat

175 1000 438 1054 cognitionem
462 1000 632 1049 edocuit,
667 1014 792 1054 neque
812 1001 889 1040 vim
916 1000 1136 1041 nolentibus
1161 1000 1301 1040 attulit.
1343 1000 1435 1041 Non
1460 1001 1560 1041 enim
1585 1016 1720 1043 omnes

175 1069 236 1124 qui
263 1076 344 1109 toto
373 1068 466 1109 orbe
494 1075 581 1109 sunt
604 1067 851 1109 Maximillae
879 1083 1018 1109 nomen
1043 1069 1190 1117 sciunt,
1226 1076 1290 1109 aut
1316 1069 1398 1110 eius
1427 1070 1518 1110 l'alsa
1540 1071 1720 1124 dogmata

175 1145 214 1178 et
238 1150 441 1178 sermones
468 1137 688 1177 audierunt.
752 1136 819 1178 Sic
845 1137 1001 1178 omnino
1029 1139 1194 1179 eonticta
1220 1138 1370 1178 illorum
1396 1139 1544 1179 somnia
1575 1153 1720 1193 nugae-

175 1220 248 1261 que
270 1206 501 1256 concidunt,
538 1212 576 1245 ut
600 1219 698 1260 quae
731 1206 822 1246 nihil
846 1206 1012 1247 habeant
1036 1221 1121 1246 cum
1148 1207 1277 1247 divina
1303 1207 1469 1247 veritate
1497 1222 1716 1248 commune.

290 1271 476 1315 Ceterum
501 1274 613 1314 iidem
639 1274 692 1314 illi
720 1275 916 1315 desertum
943 1276 1132 1329 quendam
1162 1275 1198 1315 in
1225 1273 1396 1331 Phrygia
1422 1276 1546 1316 locum
1571 1276 1922 1331 praeci-Cap.X1v.

175 1356 248 1399 pue
272 1350 526 1395 venerantur,
560 1342 624 1383 ubi
648 1341 807 1398 Pepuza
833 1343 1023 1398 quondam
1052 1344 1228 1399 oppidum
1258 1343 1341 1394 tuit,
1376 1345 1474 1399 quod
1500 1345 1613 1385 hodie
1635 1345 1719 1385 solo

174 1418 382 1466 aequatum
408 1418 482 1451 est.
545 1409 605 1450 Eo
633 1411 820 1466 siquidem
844 1413 1083 1452 descendere
1111 1413 1319 1453 coelestem
1351 1412 1596 1453 Hierusalem
1620 1415 1720 1454 affir-

176 1487 296 1521 mant.
360 1478 468 1534 Ergo
500 1479 563 1519 illo
591 1480 911 1534 proficiscuntur,
952 1495 995 1521 ac
1023 1481 1209 1536 mysteria
1233 1481 1420 1535 quaedam
1454 1482 1621 1531 obeunt,
1656 1497 1719 1522 sa-

174 1549 328 1603 crisque
354 1547 587 1588 ceremoniis
614 1563 682 1603 pro
703 1562 772 1588 sua
798 1549 979 1603 opinione
1005 1549 1217 1590 celebrant.
1282 1548 1356 1589 Est
1387 1550 1487 1590 enim
1522 1550 1717 1591 hominum

172 1618 238 1658 illa
261 1617 374 1658 factio
401 1631 468 1672 per
491 1615 793 1672 Cappadociam,
822 1615 1010 1658 Galatiam
1031 1616 1335 1673 Phrygiamque,
1366 1633 1476 1673 quam
1501 1626 1589 1659 ante
1614 1634 1716 1659 com-

173 1686 498 1737 memoravimus,
533 1686 732 1740 dispersa3
767 1686 866 1726 unde
898 1694 935 1726 et
968 1688 1178 1726 secundum
1209 1686 1387 1742 Phrygas
1421 1695 1527 1727 secta
1559 1688 1714 1728 dicitur.

175 1754 254 1796 Sed
287 1762 326 1795 et
356 1755 394 1794 in
427 1752 563 1795 Cilicia
596 1761 633 1794 et
666 1752 1007 1809 Constantinopoli
1044 1755 1357 1809 frequentissima
1390 1757 1579 1796 cernitur.

286 1822 492 1864 Postremo
516 1836 564 1863 ne
590 1823 677 1877 quid
701 1823 879 1864 omisisse
905 1823 1122 1874 videamur,
1157 1824 1257 1878 quod
1283 1825 1327 1863 ad
1351 1823 1588 1878 singularum
1615 1839 1719 1865 com-

171 1892 449 1949 prehensarum
469 1905 490 1932 a
515 1891 626 1932 nobis
648 1891 863 1932 haereseon
886 1893 1183 1947 appellationem
1209 1892 1391 1947 pertinet,
1428 1893 1473 1933 de
1494 1892 1719 1934 Tascodru-

171 1961 334 2016 gitarum
354 1975 451 2001 voce
471 1960 654 2001 nonnulla
676 1960 835 2000 dicenda
860 1968 963 2001 sunt.
1008 1960 1093 2001 Hoc
1117 1961 1218 2001 enim
1236 1975 1376 2001 nomen
1395 1961 1456 2002 vel
1482 1976 1601 2017 penes
1621 1962 1719 2003 hanc

170 2030 310 2084 ipsam,
335 2029 396 2070 vel
414 2043 532 2085 penes
550 2036 776 2083 sequentem
793 2028 1135 2083 Quintillianorum
1153 2030 1332 2070 haeresin
1349 2030 1509 2070 resedit.
1545 2029 1719 2072 Indidem

172 2098 272 2138 enim
300 2098 371 2138 hoe
395 2098 625 2138 vocabulum
647 2098 836 2152 originem
864 2099 1028 2153 accepit.
1087 2097 1210 2153 lgitur
1232 2098 1548 2153 Tascodrugitae
1572 2099 1718 2140 idcirco

173 2166 433 2221 cognominati
468 2174 582 2217 sunt,
623 2167 721 2221 quod
760 2163 903 2214 τασκός
935 2167 1086 2208 illorum
1123 2168 1253 2221 lingua
1291 2168 1474 2223 paxillum
1509 2167 1715 2221 significat,

171 2236 363 2289 ὁροῦγγος
387 2249 481 2276 vero
504 2250 639 2276 nasum
665 2236 748 2275 sive
772 2242 955 2276 rostrum.
1006 2234 1119 2289 Quod
1144 2236 1259 2290 igitur
1285 2237 1386 2276 inter
1407 2237 1591 2276 orandum
1619 2237 1716 2277 indi-

172 2318 254 2344 cem
279 2318 414 2345 manus
438 2303 596 2358 digitum
621 2318 716 2344 naso
741 2304 964 2358 imponunt,
1000 2312 1040 2345 ut
1067 2305 1183 2345 animi
1211 2305 1404 2345 tristitiam
1438 2312 1475 2345 et
1498 2305 1715 2346 affectatam

171 2374 361 2427 quandam
385 2373 629 2414 sanctitatem
658 2386 750 2428 prae
779 2387 821 2413 se
846 2374 986 2423 ferant,
1021 2388 1040 2413 a
1067 2374 1263 2414 nonnullis
1287 2374 1374 2414 ideo
1401 2373 1715 2429 Tascodrugitae

171 2442 435 2493 nominantur,
471 2442 578 2497 quasi
604 2444 911 2481 1²a.re'll0nasones
935 2442 1099 2483 dixeris.
1164 2441 1242 2483 Sed
1268 2443 1304 2482 in
1333 2443 1401 2482 hac
1423 2440 1619 2492 Montani,
1654 2444 1717 2484 vel

168 2511 206 2550 in
229 2511 313 2550 eius
336 2525 519 2565 germana
542 2509 906 2564 Quintillianorum‚
942 2518 1007 2551 aut
1031 2518 1136 2551 certe
1160 2509 1496 2551 priscillianorum
1521 2519 1559 2552 et
1585 2510 1713 2566 Pepu-

170 2579 398 2630 zianorum‚
434 2579 585 2620 haeresi
614 2579 846 2619 horrendum
873 2580 1050 2634 quiddam
1077 2594 1122 2619 ac
1151 2580 1418 2620 detestandum
1450 2580 1529 2619 lieri
1558 2580 1711 2621 dicitur.

170 2646 274 2688 Nam
296 2648 523 2688 infantulum
550 2661 618 2702 per
641 2648 801 2687 solenne
826 2649 1014 2701 quoddam
1044 2650 1181 2688 festum
1208 2648 1351 2688 acubus
1378 2648 1504 2688 aereis
1528 2655 1607 2689 toto
1628 2663 1713 2689 cor-

172 2730 265 2772 pore
290 2723 507 2771 pungentes
536 2723 741 2772 exceptum
771 2716 999 2772 sanguinem
1027 2717 1229 2757 sacrificiis
1257 2716 1337 2756 suis
1365 2716 1560 2757 adhibent.

283 2852 362 2895 Sed
387 2853 432 2893 de
456 2853 525 2894 hac
546 2853 697 2894 haeresi
720 2853 812 2894 satis
838 2854 1039 2894 hactenus.
1086 2852 1170 2893 1100
1193 2852 1292 2892 enim
1316 2853 1351 2892 in
1376 2868 1602 2908 unaquaque
1626 2868 1711 2895 sus-
1737 2868 1816 2911 Cap.
1839 2867 1916 2900 xv,

172 2922 367 2977 cepimus,
411 2921 503 2962 nihil
531 2929 569 2962 ut
591 2923 1013 2977 praetermitteremus,
1056 2922 1121 2962 sed
1148 2922 1314 2975 ingenue
1341 2924 1712 2964 communicaremus

215 3012 246 3044 2.
274 3010 422 3055 ἑκάστης
441 3013 504 3055 τῆς
523 3011 581 3055 μὲν
603 3015 670 3047 cod.
692 3016 819 3054 Rhedigy.
837 3017 863 3046 et
881 3016 949 3045 libri
968 3015 1050 3045 editi.
1085 3015 1213 3045 Secutus
1232 3024 1301 3046 sum
1320 3016 1440 3046 Petavii
1461 3017 1711 3048 emendationem.
