2056 3298
540 146 719 178 PANARII
744 147 826 178 LIB.
845 149 884 180 II.
909 149 1015 180 ToM.
1037 150 1060 180 1.
1088 150 1216 181 HAER.
1236 150 1390 182 XLVIII.
1681 146 1732 184 23

198 234 470 281 torporemque
495 225 718 266 resolvitur.
785 224 941 266 Interim
978 229 1127 269 animae
1156 245 1243 284 pars
1273 230 1334 270 illa
1364 230 1568 285 praei-ipim
1594 232 1734 272 intelli·

196 295 386 348 gendique
411 294 469 333 vis
496 293 683 333 eiusmodi
707 300 766 333 est
791 295 960 349 stuporis
986 309 1144 349 expers.
1210 297 1337 352 Saepe
1364 299 1462 337 enim
1486 300 1731 354 semetipsam

196 362 267 401 sibi
304 361 411 415 qnasi
447 360 669 414 vigilantem
707 361 860 411 obiicit,
902 362 1125 413 ambulans,
1168 378 1286 417 agens
1321 366 1485 419 aliquid,
1528 368 1731 418 navigans,

195 436 308 483 atque
337 430 372 469 in
410 429 581 483 pluribus
616 436 651 468 et
677 429 889 469 maioribus
915 431 1081 484 negotiis
1108 433 1254 470 versari
1281 447 1348 486 per
1372 435 1561 474 somnium
1596 435 1732 475 existi-

194 505 286 538 mat.
351 495 592 550 Quamquam
623 497 736 550 longe
765 498 863 537 istud
890 498 964 537 alio
990 499 1101 537 modo
1135 514 1244 552 quam
1271 514 1291 538 a
1321 501 1466 539 furioso
1493 516 1537 541 ac.
1565 505 1731 544 I'aimtico

192 565 364 619 geritur,
399 565 460 619 qni
496 579 658 620 corpore
694 566 898 620 animoque
930 566 1094 619 vigilans
1124 567 1270 606 atrocia
1298 569 1483 621 quaedam
1519 578 1729 625 perpetrat,

194 640 232 673 et
266 647 350 673 cum
387 632 459 673 sibi
495 639 571 673 tum
608 634 750 673 ceteris
784 633 960 673 omnibus
997 634 1163 673 inl'estus
1199 641 1272 674 est.
1335 634 1476 675 Nescit
1510 638 1609 676 enim
1643 640 1730 692 qnid

192 701 292 741 dicat
326 708 392 741 aut
426 701 561 752 faciat,
607 702 786 755 quoniam
826 716 846 741 a
883 701 1044 741 rationis
1079 708 1181 741 statu
1218 702 1390 742 deiectus
1422 711 1460 742 et
1491 704 1527 743 in
1562 707 1728 746 I'urorem

192 783 331 810 versus
364 776 438 809 est.

306 835 413 877 Haec
437 851 508 878 nos
535 837 662 877 omnia
687 837 788 877 illius
814 836 1020 877 occasione
1047 837 1144 877 Ioci:
1184 841 1344 877 Immisit
1365 841 1454 877 deus
1478 847 1663 892 stuporem
1689 846 1725 881 2¹12

189 908 397 952 Adamum,
433 914 469 944 et
491 908 662 952 dormiit,
700 905 925 945 necessario
950 905 1250 960 disputavimus,
1285 920 1329 945 ac
1357 906 1533 947 diversos
1559 910 1730 964 stuporis

192 973 326 1013 modos
348 973 643 1028 proposuimus,
678 981 791 1027 atque
821 973 909 1013 illud
938 973 1060 1028 ipsum
1089 974 1392 1028 explicavimus,
1428 976 1536 1015 euius
1561 976 1616 1016 rei
1640 992 1729 1030 gra-

190 1041 242 1082 tia
268 1056 427 1082 somnus
453 1041 515 1081 ille
538 1042 704 1082 iniectus
738 1056 758 1080 a
791 1041 946 1080 domino
982 1048 1116 1096 stupor
1138 1043 1367 1096 appelletur.
1429 1041 1623 1084 Nimirum
1659 1045 1730 1085 lior.

188 1109 373 1163 singulari
403 1109 461 1149 dei
493 1110 673 1149 cautione
699 1123 741 1149 ae
767 1108 1005 1163 benignitate
1032 1111 1265 1164 perfectum,
1301 1125 1410 1165 qnam
1439 1113 1572 1164 generi
1607 1113 1727 1153 liomi—

187 1192 274 1218 num
311 1177 517 1233 impertiit,
552 1192 626 1232 quo
653 1191 695 1217 se
726 1177 771 1218 ast
807 1178 931 1217 somni
968 1178 1139 1232 requiem
1178 1193 1197 1217 a
1227 1180 1447 1233 quotidiana
1482 1182 1725 1234 negotiorum

187 1261 277 1288 cura
312 1260 356 1286 ac
386 1246 644 1286 sollieitudine
681 1245 918 1286 traduceret.
982 1245 1224 1300 Quamquam
1255 1248 1331 1287 illic
1363 1249 1501 1303 potiori
1532 1249 1615 1290 iure
1648 1259 1728 1290 stu-

184 1316 289 1370 poris
313 1314 542 1355 vocabulum
577 1314 668 1354 illud
701 1314 944 1364 adhaeserit,
979 1328 1025 1354 eo
1058 1316 1156 1369 quod
1187 1315 1384 1369 aliquanto
1414 1317 1518 1357 illum
1552 1325 1725 1373 tempore

185 1383 232 1423 ab
272 1383 375 1423 omni
414 1397 532 1423 sensu
570 1382 714 1422 doloris
745 1382 915 1433 exemit,
960 1397 1044 1422 cum
1083 1383 1117 1423 ei
1157 1391 1300 1423 costam
1337 1386 1581 1426 detracturus
1622 1395 1726 1428 esset

184 1466 294 1506 quam
320 1452 358 1491 in
382 1451 581 1491 mulierem
607 1457 872 1490 converteret.
934 1449 1025 1490 Non
1060 1459 1143 1491 erat
1166 1452 1228 1492 ille
1252 1454 1393 1493 mentis
1417 1462 1480 1494 aut
1503 1454 1618 1494 animi
1645 1463 1727 1496 stu-

183 1534 268 1574 por.
332 1518 433 1560 Nam
461 1520 588 1560 statim
612 1526 725 1573 atque
748 1519 1049 1573 expergefactus
1077 1527 1159 1570 est,
1194 1521 1292 1574 quod
1320 1529 1469 1575 gestum
1499 1531 1582 1562 erat
1606 1538 1725 1576 agno-

185 1588 238 1628 vit
263 1602 307 1628 ac
333 1587 452 1627 dixit:
486 1591 566 1626 Hoc
590 1602 688 1626 nune
709 1602 749 1626 os
774 1603 822 1626 ea?
847 1588 990 1626 ossibus
1016 1591 1104 1627 meis
1126 1596 1163 1627 et
1184 1603 1272 1627 earo
1296 1592 1340 1628 de
1364 1605 1477 1630 earne
1497 1607 1598 1631 mea:
1633 1595 1723 1632 haec

187 1658 379 1696 vocabitur
404 1659 549 1707 virago,
579 1659 664 1708 quia
689 1670 737 1694 eoe
760 1659 839 1694 viro
859 1671 926 1694 sno
950 1664 1094 1708 sumpta
1115 1665 1182 1695 est.
1246 1656 1382 1707 Vides,
1412 1660 1564 1714 opinor,
1592 1675 1723 1714 quein·

185 1725 388 1765 admodum
419 1731 493 1764 tam
529 1725 656 1779 priora
685 1738 796 1778 quam
823 1724 1038 1778 posteriora
1074 1726 1248 1775 noverit,
1284 1740 1328 1765 ao
1357 1728 1481 1767 futura
1509 1729 1720 1782 praedicat.

181 1791 340 1833 Etenim
369 1793 498 1847 priora
525 1793 676 1847 quidem
711 1792 928 1842 intellexit,
964 1806 1060 1846 quae
1088 1793 1303 1833 dormiente
1336 1809 1377 1834 se
1409 1802 1518 1849 gesta
1554 1797 1719 1848 Inerant,

184 1868 225 1902 ut
247 1876 299 1901 ex
322 1861 368 1901 iis
391 1861 493 1901 illius
517 1860 648 1901 verbis
671 1860 889 1914 colligitur:
925 1864 972 1900 Os
990 1877 1038 1899 ετ,
1058 1863 1202 1901 ossibus
1225 1866 1326 1901 meis.
1374 1861 1602 1904 Praesentia
1627 1879 1721 1905 vero

183 1944 229 1970 ac
266 1929 440 1970 mulieris
470 1929 779 1984 procreationem
810 1929 1017 1969 subsecuta
1046 1931 1251 1983 cognovit,
1287 1931 1425 1986 qnippe
1458 1932 1503 1971 de
1532 1947 1602 1972 suo
1635 1948 1721 1973 cor-

183 2012 276 2053 pore
300 1998 525 2039 translatam
552 1998 652 2038 illam
679 1997 967 2038 animadvertit.
1030 1997 1234 2039 Postremo
1261 2000 1385 2040 I'utura
1410 2015 1560 2054 qnoque
1585 2001 1722 2042 vatici-

181 2073 295 2107 natus
328 2073 410 2118 est,
444 2081 529 2107 cum
555 2066 607 2106 ita
633 2066 919 2120 pronuntiavit:
963 2070 1121 2119 Propter
1151 2069 1219 2106 hoc
1241 2070 1428 2120 relinquet
1449 2071 1553 2108 homo
1572 2078 1718 2122 patrem

179 2150 286 2174 suum
307 2143 345 2174 et
367 2143 520 2174 matrem
540 2149 659 2182 suam,
695 2142 730 2173 el
752 2136 970 2174 adhaerebit
989 2139 1106 2175 zzz-ori
1122 2151 1225 2184 suae,
1261 2144 1299 2175 et
1318 2145 1428 2176 erunt
1448 2139 1552 2176 ambo
1575 2141 1612 2177 in
1635 2153 1719 2177 em·-

181 2219 261 2243 nem
292 2218 415 2243 unam.
481 2202 590 2244 Haec
616 2203 733 2257 igitur
757 2217 832 2242 non
863 2204 1019 2244 fanatici
1045 2204 1209 2245 hominis
1242 2213 1356 2255 sunt,
1391 2220 1467 2245 non
1500 2206 1587 2260 qnid
1619 2206 1721 2247 dicat

184 2271 426 2326 ignorantis,
460 2272 526 2312 sed
561 2271 675 2312 animi
708 2271 849 2311 robore
880 2286 924 2311 ac
956 2272 1134 2313 firmitate
1167 2272 1344 2327 praediti.

1752 846 1829 888 Cap.
1852 846 1909 877 VI.

1749 1603 1824 1632 Gen.
1836 1603 1862 1638 ²,
1881 1603 1924 1633 21.

296 2338 376 2380 Iam
401 2354 496 2381 vero
521 2347 562 2380 ut
586 2340 630 2380 de
656 2340 741 2379 Ioco
765 2340 853 2380 illo:
887 2343 971 2393 Ego
994 2344 1080 2380 dm·
1100 2345 1137 2380 in
1161 2357 1314 2381 eoeeessu
1338 2358 1428 2390 meo,
1466 2346 1589 2382 Omnis
1611 2345 1717 2383 homo
1744 2350 1905 2392 Cap.vtt.

181 2412 362 2457 mendax,
398 2409 540 2463 aliquid
566 2408 761 2458 dicamus,
795 2408 869 2449 alia
901 2410 1087 2463 quaedam
1125 2409 1235 2450 liuius
1259 2411 1366 2450 verbi
1393 2411 1497 2450 notio
1524 2418 1606 2461 est,
1640 2426 1717 2452 non

182 2491 228 2518 ea
257 2477 438 2518 videlicet
465 2490 560 2531 quae
595 2476 737 2518 amenti
769 2491 814 2517 ac
849 2478 994 2517 furioso
1029 2478 1223 2518 tribuitur.
1286 2479 1401 2518 Absit
1431 2486 1470 2518 ut
1501 2479 1536 2519 id
1567 2480 1603 2520 in
1636 2481 1718 2520 ani-

182 2561 284 2587 mum
325 2546 567 2586 inducamus.
633 2543 711 2586 Sed
746 2545 936 2585 hominem
976 2546 1239 2586 incredibilem
1276 2547 1313 2586 in
1349 2547 1499 2586 modum
1538 2548 1717 2603 obstupe-

182 2621 353 2655 scentem
379 2613 586 2667 significat,
621 2621 658 2653 et
681 2613 831 2654 usitatis
854 2628 898 2653 ae
922 2615 1153 2668 quotidianis
1177 2630 1307 2654 eorum
1334 2629 1429 2668 quae
1453 2615 1632 2656 videntur
1653 2624 1717 2656 ant

182 2690 350 2737 aguntur
372 2682 672 2736 cogitationibus
704 2683 852 2737 majora
878 2690 1116 2723 versantem.
1179 2680 1277 2724 Cum
1305 2684 1404 2723 enim
1432 2685 1613 2739 propbeta
1647 2686 1715 2725 mi-

181 2751 314 2792 raculo
340 2758 446 2791 esset
468 2751 670 2801 attonitus,
705 2765 795 2805 prae
821 2751 1075 2791 admiratione
1102 2752 1151 2791 ita
1174 2751 1323 2791 Iocutus
1355 2759 1428 2793 est.
1480 2751 1591 2807 Quod
1618 2767 1712 2794 vero

181 2819 392 2875 prophetae
425 2828 538 2860 extra
572 2833 614 2859 se
638 2819 738 2874 rapti
762 2820 968 2874 leguntur,
1003 2834 1079 2860 non
1110 2819 1165 2859 sic
1198 2819 1460 2875 accipiendum
1488 2829 1569 2873 est,
1604 2823 1713 2876 quasi

227 2967 305 3000 Cn.
332 2968 403 2999 vn.
428 2986 472 2991 —-
521 2966 548 2998 1.
575 2965 656 3010 ὑπὲρ
685 2966 722 3001 τὸ
753 2966 838 3002 κατὰ
862 2966 924 3009 τὴν
951 2965 1125 3009 cuv-ditem
1150 2970 1296 3001 petavius
1317 2972 1448 3010 putabat
1468 2973 1670 3004 scribendum.

1737 2394 1786 2423 ΡΒ.
1801 2396 1859 2431 115,
1879 2396 1918 2424 11.
