2030 3324
152 932 219 960 pag.
234 923 293 950 296.

161 2809 249 2852 Κεφ.
269 2807 305 2843 0'.

308 227 388 265 710
873 228 1034 260 SANCTI
1056 228 1279 260 EPIPHANH

307 314 525 361 νοηθηναι,
565 305 658 347 Ἐαν
689 306 730 347 δὲ
761 307 921 347 εἰ’πωσιν
950 304 1031 353 ότι,
1075 303 1212 352 Οὕτως
1243 304 1401 346 ἀπαιτεῖ
1428 304 1471 347 τὸ
1502 303 1690 360 φρόνημα
1721 303 1844 353 ἐξετά-

308 382 407 426 ζειν,
439 375 598 428 λέγομεν
626 375 693 414 καὶ
725 372 855 423 αυτοὶ,
901 372 1060 413 Οὐκοῦν
1089 372 1212 425 λέγετε
1241 370 1355 424 ἡμῖν,
1398 375 1428 413 ὠ
1461 375 1588 423 οὑτοι,
1618 390 1666 414 τα
1697 373 1847 413 ἑαυτῶν

309 446 526 497 λογίζεσθε,
557 440 583 493 η’
613 458 660 481 τα
689 445 760 481 τοῦ
788 444 911 488 θεοῦ,-
954 436 1034 479 εἶτά
1066 452 1186 490 φασιν
1216 436 1283 490 ἀφ’
1314 439 1484 489 ἑαυτῶν,
1518 457 1571 488 ως
1598 440 1769 494 λογικοὶ,
1800 456 1848 480 τα

311 515 381 551 τοῦ
410 513 508 550 θεοῦ
539 506 786 562 λογιζόμεθα.
852 506 980 547 Οὐδὲν
1011 501 1082 547 οῦν
1113 505 1324 547 διαλλάττει
1354 505 1450 554 θεὸς
1479 512 1547 559 τῆς
1577 505 1689 559 ὑμῶν
1720 507 1846 557 ἕξεως,

312 575 470 629 φύσεώς
508 592 547 616 τε
584 577 651 616 καὶ
690 574 845 624 οὐσίας,
893 575 997 624 Ναὶ,
1039 576 1168 624 φασίν.
1229 575 1285 613 Εἰ
1319 575 1453 614 τοίνυν
1490 572 1699 614 διαλλάττει
1730 572 1851 625 φύσις

312 648 413 685 θεοῦ
442 641 549 697 παρὰ
579 641 650 695 τὴν
679 640 792 695 ’ὑμῶν
823 640 964 693 φύσιν,
996 645 1132 695 πρῶτα
1163 641 1232 692 μὲν
1262 638 1310 681 οὕ
1342 639 1505 680 δύναται
1534 639 1560 692 ἡ
1589 639 1701 692 ὑμῶν
1729 640 1851 692 φύσις

313 712 403 765 περὶ
431 715 530 751 θεοῦ
559 709 872 762 καταλαμβάνειν
908 707 955 750 τά
987 706 1261 760 ἀκατάληπτα,
1305 706 1486 760 δεύτερον
1517 707 1579 758 δὲ,
1622 707 1680 749 ὅτι
1710 707 1852 761 ἀσεβές

314 780 393 820 ἐστι
415 777 515 819 θεὸν
544 776 612 828 ἀφ’
642 775 754 829 ὑμῶν
782 774 1065 825 ἀπεικάζεσθαι
1095 773 1192 816 κατα
1223 773 1293 827 τὴν
1323 772 1434 826 ὑμῶν
1464 772 1613 816 οὐσίαν.
1670 774 1736 816 Ἐν
1757 773 1852 828 ἡμῖν

314 845 385 900 γάρ
417 844 460 886 τὸ
494 844 548 897 μὴ
579 844 624 886 ὂν
654 849 855 899 γεννᾶται,
899 842 1033 895 ἐπειδὴ
1064 841 1178 884 αὐτοὶ
1209 841 1282 883 οὖν.
1311 837 1411 895 ’ἦμέν
1441 858 1556 892 ποτε,
1587 842 1853 897 γεγεννήμεθα

314 914 356 955 δὲ
387 911 464 954 «ind
496 917 575 953 τῶν
610 910 724 965 ἡμῶν
753 913 951 964 πατέρων,
995 915 1072 951 τῶν
1100 911 1166 951 καὶ
1204 908 1335 951 αὐτῶν
1365 926 1459 950 ποτε
1499 908 1551 962 μὴ
1582 907 1852 964 ὖπαρχόντων,

313 983 380 1023 καὶ
410 982 449 1030 ἐξ
480 977 658 1033 ὑπαρχῆς
689 978 776 1032 α’χρι
805 983 875 1020 τοῦ
904 976 1026 1030 Ἀδαμ
1057 978 1300 1030 διαληπτέον.
1359 975 1483 1029 Ἀδαμ
1515 977 1556 1018 δὲ
1587 975 1665 1018 από
1688 982 1758 1029 τῆς
1781 982 1856 1032 γῆς

316 1049 487 1103 ἐγένετο,
518 1046 591 1089 οῦκ
623 1045 676 1087 ὤν
706 1063 820 1096 ποτε,
851 1044 877 1099 ἡ
908 1046 949 1087 δὲ
979 1050 1028 1100 γῆ
1059 1046 1207 1124 ἐγένετο
1239 1046 1278 1093 ἐξ
1309 1062 1381 1086 ουκ
1412 1043 1559 1095 ὄντων,
1601 1043 1659 1085 ότι
1695 1044 1771 1086 οὐκ
1805 1046 1856 1097 ἠν

316 1116 397 1167 αεὶ,
427 1114 524 1163 θεὸς
554 1115 596 1155 δὲ
625 1112 752 1167 πατὴρ
782 1109 832 1166 ἦν
863 1112 944 1163 αεὶ,
975 1114 1038 1154 καὶ
1072 1111 1211 1160 ὁποῖος
1239 1107 1288 1165 ἦν
1310 1117 1357 1170 τῆ
1381 1111 1519 1163 φύσει,
1551 1116 1731 1154 τοιοῦτον
1755 1112 1857 1166 ε’γέν-

315 1197 408 1236 νησε
437 1181 504 1224 τόν
533 1182 632 1224 υἱόν.
690 1181 891 1236 Ἐγέννησε
922 1181 963 1222 δὲ
993 1179 1113 1221 αὐτὸν
1142 1177 1205 1221 αἐὶ
1236 1179 1352 1230 ὅντα,
1393 1177 1440 1220 οὔ
1472 1178 1736 1231 συνάδελφον,
1778 1177 1857 1220 ἄλλ’

317 1253 355 1300 ἐξ
386 1249 509 1292 αὐτοῦ
539 1251 836 1305 γεγεννημένον,
867 1247 1010 1300 ὅμοιον
1040 1246 1146 1304 αὐτῷ
1174 1246 1271 1288 κατα
1298 1247 1439 1298 φύσιν,
1468 1247 1608 1300 κύριον
1631 1248 1673 1288 ἐκ
1699 1249 1855 1301 κυρίου,

317 1317 415 1360 θεὸν
446 1320 488 1359 ἐκ
516 1322 637 1367 θεοῦ,
673 1315 771 1357 θεὸν
802 1314 994 1367 ἀληθινόν
1025 1317 1066 1356 ἐκ
1096 1319 1197 1355 θεοῦ
1228 1314 1436 1366 ἀληθινοῦ.
1498 1315 1578 1354 Καὶ
1608 1311 1728 1354 ὁποῖα
1757 1316 1854 1368 λογί-

319 1388 419 1435 ζεταί
442 1401 500 1432 τις
522 1387 612 1438 περὶ
633 1383 803 1437 πατρὸς,
835 1382 937 1424 οὕτω
968 1383 1033 1424 καὶ
1064 1383 1153 1435 περὶ
1182 1383 1274 1423 υἱοῦ
1295 1381 1509 1436 λογιστέον·
1541 1378 1661 1422 όποῖα
1684 1379 1859 1422 πιστεύει

319 1454 410 1506 περὶ
438 1457 508 1493 τοῦ
538 1453 651 1502 υἱοῦ,
683 1449 787 1492 οὕτω
819 1452 873 1498 εἷς
903 1449 971 1491 τόν
1000 1450 1148 1503 πατέρα
1177 1447 1352 1504 ἡγητέον.
1417 1448 1531 1490 Οὕτω
1561 1446 1635 1503 γάρ
1666 1463 1786 1501 φησι,
1815 1446 1859 1488 Ὁ

320 1519 374 1573 μή
403 1518 600 1560 πιστεύων
631 1520 685 1567 εἰς
714 1517 783 1559 τόν
812 1517 900 1559 υἷὸν
932 1516 984 1567 ὥς
1014 1516 1185 1559 πιστεύει
1214 1519 1268 1565 εἷς
1296 1516 1363 1558 τόν
1387 1518 1555 1570 πατέρα,
1586 1517 1652 1557 καὶ
1677 1519 1770 1572 τιμᾷ
1790 1514 1860 1557 τόν

320 1586 409 1629 υἷόν
439 1585 492 1635 ω”ς
528 1589 624 1643 τιμᾷ
661 1584 728 1626 τόν
764 1587 933 1640 πατέρα,
980 1583 1007 1638 ἦ
1038 1583 1135 1640 ὀργὴ
1165 1589 1235 1626 τοῦ
1265 1589 1364 1626 θεοῦ
1397 1585 1503 1636 μένει
1534 1582 1592 1625 ἐπ’
1621 1581 1762 1625 αὐτόν·
1809 1581 1862 1632 ὦς

321 1657 395 1709 ἔχει
423 1653 466 1696 τὸ
496 1659 609 1696 θεῖον
639 1652 870 1709 εὐαγγέλιον.
933 1654 1011 1694 Καὶ
1043 1654 1193 1694 διέπεσε
1222 1651 1339 1694 πάλιν
1376 1650 1403 1705 ἦ
1433 1650 1564 1693 αὐτῶν
1593 1653 1859 1706 συλλογιστική

322 1722 489 1765 διάνοια.
552 1720 650 1770 Θεός
680 1720 753 1802 γάρ
786 1720 1058 1774 ἄκατοῖληπτος
1089 1719 1144 1761 ὢν
1165 1719 1264 1761 θεὸν
1288 1718 1560 1772 ἀκατάληπτον
1584 1720 1761 1774 ε’γέννησε
1782 1717 1859 1773 πρὸ

322 1807 481 1832 παντων
510 1795 588 1831 τῶν
619 1788 796 1840 αἰώνων,
827 1790 892 1830 καὶ
924 1787 1000 1842 πρὸ
1031 1787 1202 1843 χρόνων,
1237 1789 1304 1829 καὶ
1334 1785 1407 1829 οὐκ
1438 1789 1514 1828 ε’στι
1547 1785 1741 1840 διαστημα
1772 1804 1861 1827 ανα-

323 1859 439 1911 μέσον
469 1860 560 1899 υἷοῦ
591 1875 655 1898 και
687 1855 856 1911 πατρός·
888 1855 966 1897 ἀλλ’
988 1855 1069 1908 ἅμα
1098 1862 1200 1904 νοεῖς
1222 1856 1390 1909 πατέρα,
1423 1872 1503 1907 αμα
1523 1860 1628 1903 νοεῖς
1649 1853 1750 1905 υἷὸν,
1779 1851 1864 1906 α’μα

324 1923 521 1978 ὄνομαζεις
559 1923 670 1975 υἱόν,
715 1924 797 1977 ἅμα
828 1922 1018 1972 δεικνύεις
1047 1924 1206 1978 πατέρα.
1261 1922 1362 1964 Ἀπο
1395 1941 1467 1978 γαρ
1497 1927 1569 1964 τοῦ
1599 1920 1746 1976 πατρὸς
1777 1921 1865 1970 υἷὸς

323 1998 488 2043 νοεῖται,
528 1994 597 2033 καὶ
627 1989 706 2034 α’πό
742 1994 833 2033 υἱοῦ
862 1990 990 2045 πατὴρ
1021 1992 1260 2046 γινώσκεται.
1324 1990 1466 2032 Πόθεν
1495 1989 1569 2045 γὰρ
1601 1988 1710 2040 υἱὸς,
1749 1991 1784 2031 εἰ
1811 1989 1865 2043 μὴ

324 2061 474 2114 πατέρα
504 2061 597 2112 ἕχει,-
628 2060 694 2101 καὶ
725 2058 854 2100 πόθεν
878 2058 1027 2113 πατὴρ,
1060 2061 1094 2100 εἰ
1123 2058 1176 2112 μή
1209 2060 1387 2113 ἐγέννησε
1416 2057 1484 2099 τόν
1509 2062 1723 2113 μονογενῆ,
1759 2056 1866 2099 Πότε

324 2127 398 2182 γὰρ
432 2127 595 2168 δύναται
636 2126 690 2181 μὴ
726 2132 930 2168 καλεῖσθαι
970 2125 1098 2181 πατὴρ
1136 2125 1284 2180 πατὴρ,
1330 2125 1357 2179 ἢ
1394 2125 1481 2174 υἷός
1518 2124 1626 2176 υἱός,
1672 2127 1739 2166 ’ἵνα
1767 2125 1868 2174 τινὲς

325 2194 496 2247 νοήσωσι
525 2195 672 2249 πατέρα
704 2193 794 2236 ἄνευ
825 2197 935 2245 υἱοῦ,
965 2196 1030 2235 καὶ
1061 2193 1225 2249 ὕστερον
1247 2192 1300 2242 ὥς
1323 2196 1376 2242 εἰς
1402 2191 1613 2248 προκοπὴν
1635 2191 1865 2246 ἐληλυθότα,

326 2263 392 2303 καὶ
422 2261 677 2317 γεγεννηκότα
714 2261 782 2304 τόν
811 2260 919 2312 υἷόν,
960 2264 1026 2303 ἰ’να
1057 2261 1151 2314 μετα
1180 2261 1224 2303 τό
1256 2263 1428 2317 γέννημα
1458 2265 1589 2318 κληθῇ
1619 2259 1746 2315 πατὴρ
1777 2261 1868 2301 υἷοῦ

328 2328 349 2372 ἆ
379 2329 526 2385 πατὴρ,
569 2329 807 2385 προκόπτων
837 2331 878 2372 ἐν
907 2335 952 2386 τῇ
984 2329 1164 2383 θεότητι,
1206 2328 1229 2371 ό
1257 2331 1400 2378 τέλειος
1437 2330 1503 2371 καὶ
1534 2329 1633 2382 μηδέ
1661 2344 1756 2370 ποτε
1786 2329 1868 2369 ε’πι-

328 2395 510 2451 δεόμενος
539 2397 786 2448 τελειώσεως,

445 2800 572 2843 Πάλιν
599 2803 640 2843 δὲ
660 2805 985 2857 προφασίζονται,
1015 2801 1059 2844 τὸ
1089 2800 1240 2844 ιάτικὸν
1263 2806 1379 2843 τοῦτο
1402 2798 1618 2855 φάρμακον
1647 2800 1712 2841 καὶ
1745 2813 1865 2851 σωτη·

332 2870 472 2922 ριῶδες
491 2867 692 2911 ἀντίδοτον
711 2868 779 2921 ἀφ’
802 2871 950 2911 ἑαυτῶν
973 2869 1269 2923 ἀποβάλλεσθαι
1292 2867 1545 2922 βουλόμενοι,
1575 2866 1618 2908 τό
1645 2867 1868 2921 στερέμνιον

330 2939 400 2989 τῆς
422 2938 586 2984 πίστεως
609 2942 676 2989 τῆς
701 2935 813 2992 ἇγίας
835 2942 905 2979 τοῦ
925 2943 1026 2979 θεοῦ
1056 2939 1278 2990 ἐκκλησίας,
1316 2937 1508 2990 λέγοντες,
1554 2932 1696 2975 Πόθεν
1726 2933 1767 2976 τὸ
1798 2938 1868 2987 τῆς
