2066 3319
171 1557 259 1600 Κεφ.
281 1556 338 1597 οξ.

194 1703 262 1733 pag.
281 1696 339 1724 697.

170 2702 258 2747 Κεφ.
281 2699 343 2744 οη’.

369 197 449 236 532
938 200 1099 232 SANCTI
1123 200 1348 232 EPIPHANH

368 278 599 333 δηγήθημεν
634 279 675 319 ἐν
705 276 813 334 νόμῳ
843 277 910 317 καὶ
939 278 980 317 ἐν
1010 275 1232 330 προφήταις
1262 277 1336 325 ἕως
1359 280 1427 329 τῆς
1455 278 1671 331 παρουσίας
1704 279 1775 317 τοῦ
1799 277 1904 317 διδα-

366 345 536 394 σκάλου,
568 342 746 399 εὑρόντες
770 344 811 385 δὲ
834 342 901 385 τὸν
924 342 1158 384 διδάσκαλον
1195 341 1266 385 οὐκ
1291 342 1523 397 οἷτιμάζομεν
1555 342 1624 384 τόν
1655 341 1906 397 παιδαγωγὸν

366 410 458 453 ἄλλα
494 412 560 453 καὶ
583 410 694 465 χάριν
716 410 823 467 αὐτῷ
850 408 1138 465 ὁμολογοῦμεν,
1170 409 1230 451 ὅτι
1258 409 1330 463 τήν
1353 408 1464 463 ἡμῶν
1494 409 1710 463 νηπιότητα
1730 412 1904 462 καθοδη-

365 478 490 533 γήσας
522 480 578 527 εἰς
608 476 654 519 τοὶ
691 479 927 531 ἐντελέστερα
957 475 1061 530 ἡμᾶς
1093 476 1308 530 μαθήματα
1339 479 1636 532 προεπέμψατο.
1685 476 1743 517 ”H
1767 475 1907 526 καθώς

368 545 439 587 ἐάν
458 563 515 594 τις
537 546 681 598 μέλλων
705 551 814 587 πλεῖν
847 549 867 573 ⁷
882 546 922 586 ἐν
940 544 1120 602 θαλάσσῃ
1151 546 1230 598 ἔχοι
1255 544 1424 600 μεγάλην
1447 544 1519 598 τὴν
1538 549 1657 595 ναῦν,
1689 545 1729 586 ἐν
1755 543 1904 601 ἀκατίῳ

366 615 408 654 δὲ
430 616 557 669 μικρῷ
576 614 737 654 ἐπέλθοι
757 611 799 654 τὸ
822 610 940 660 σάλος
960 610 1002 653 τὸ
1028 610 1135 666 παρα
1152 610 1223 665 τὴν
1247 610 1374 665 ὄχθην
1394 617 1464 665 τῆς
1483 610 1711 665 θαλάσσης,
1741 612 1808 653 καὶ
1831 613 1906 652 διε-

362 681 481 737 νέγκῃ
508 678 551 721 τό
579 677 742 721 α’κάτιον
767 681 821 728 εἰς
841 678 913 733 τήν
938 678 1106 734 μεγάλην
1129 683 1227 720 ναῦν
1252 678 1320 720 τόν
1346 677 1585 734 ἄνθρωπον,
1617 677 1665 720 οὕ
1694 676 1853 727 πάντως
1885 675 1908 720 ὅ

364 745 582 801 ἅνθρωπος
612 750 763 801 βυθίζει
794 746 838 789 τὸ
864 745 1046 797 ἀκάτιον,
1088 746 1221 799 ἐπειδὴ
1250 741 1337 801 εὗρε
1365 745 1435 799 τὴν
1464 745 1632 801 μεγάλην
1663 750 1782 797 ναῦν,
1814 743 1908 786 ἄλλα

365 812 459 867 μετοὶ
486 819 556 855 τοῦ
577 814 690 870 χάριν
713 816 810 868 ἔχειν
830 819 883 872 τῷ
906 811 1053 871 οἷκατίῳ
1076 812 1362 866 καταλαμβάνει
1382 812 1424 854 τό
1449 812 1666 868 μειζότερον
1689 818 1758 866 τῆς
1783 811 1907 854 αὐτοῦ

365 883 560 935 σωτηρίας
596 887 743 923 πλοῖον.
792 881 851 923 ”H
875 883 942 923 καὶ
974 882 1113 936 ἑτέρως
1140 883 1206 922 ἵνα
1230 883 1420 934 εἴπωμεν,
1462 878 1516 929 ὥς
1547 879 1615 922 ἐάν
1646 897 1704 928 τις
1731 881 1907 938 ἐκβληθῇ

364 947 445 991 ’ὖπό
467 949 613 1005 μητρὸς
636 948 885 1004 γεννησάσης,
921 950 1121 1002 8ληφθεὶς
1144 949 1185 990 δὲ
1207 946 1286 990 ὖπό
1305 965 1410 996 τινος
1433 952 1505 989 τοῦ
1527 946 1712 1001 τυχόντος
1730 949 1796 989 καὶ
1816 945 1906 989 ἄνα-

363 1020 530 1071 τραφείη
554 1016 701 1074 χρόνῳ,
741 1016 958 1071 εἰςύστερον
984 1015 1256 1071 ἀνδρωθέντος
1288 1014 1410 1057 αὐτοῦ
1434 1017 1579 1072 ἐπιγνῷ
1610 1014 1678 1056 τὸν
1703 1017 1806 1056 ἴδιον
1836 1014 1904 1056 αὖ·

363 1089 434 1126 τοῦ
460 1086 607 1139 πατέρα
642 1083 712 1126 τόν
742 1083 839 1126 κατα
861 1084 1005 1136 φύσιν,
1047 1085 1125 1137 ἔχοι
1157 1085 1198 1125 δὲ
1228 1081 1251 1125 ό
1278 1088 1456 1131 τοιοῦτος
1478 1083 1654 1134 σύνεσιν,
1696 1081 1748 1136 μή
1772 1080 1907 1136 ἐπειδὴ

367 1156 384 1181 9
399 1153 548 1207 ἐπέγνω
571 1150 640 1193 τὸν
657 1153 798 1193 ἑαυτοῦ
818 1152 981 1207 πατέρα,
1005 1152 1069 1192 καὶ
1095 1150 1394 1204 ἐπιλαμβάνεται
1418 1155 1488 1204 τῆς
1511 1153 1613 1199 ἰδίας
1634 1152 1905 1205 κληρονομίας,

362 1218 471 1275 παρα
497 1225 611 1261 τοῦτο
638 1217 809 1272 ἀτιμάζει
835 1218 902 1260 τὸν
926 1217 1233 1271 ἄναθρέψαντας
1275 1216 1323 1258 οὕ
1353 1220 1480 1273 πολλῷ
1513 1223 1655 1270 μᾶλλον
1683 1215 1795 1272 χάριν
1825 1219 1907 1271 ἔσχε

361 1291 414 1343 τῷ
451 1285 746 1340 ἀναθρέψαντι,
790 1285 850 1327 ὅτι
883 1285 957 1327 οὐκ
993 1288 1118 1326 εἴασεν
1151 1283 1273 1326 αὐτόν
1306 1286 1360 1332 εἰς
1391 1283 1571 1326 θάνατον
1604 1287 1906 1340 παραδοθῆναι,·

361 1353 464 1395 οὕτω
486 1355 553 1394 καὶ
573 1352 685 1406 ἡμεῖς
703 1352 814 1407 χάριν
836 1354 972 1406 ἔχομεν
1009 1356 1147 1409 10θεῷ
1168 1357 1221 1409 τῷ
1245 1350 1429 1393 δεδωκότι
1452 1351 1576 1405 νόμον
1596 1353 1662 1393 καὶ
1681 1351 1905 1407 προφήτας,

359 1422 426 1461 καὶ
445 1418 557 1475 χάριν
585 1421 721 1473 ἔχομεν
746 1417 852 1477 αύτῷ
874 1418 1158 1469 καταξιώσαντι
1188 1417 1290 1472 ἡμᾶς
1320 1424 1387 1472 τῆς
1416 1423 1487 1461 τοῦ
1509 1422 1601 1462 υἱοῦ
1622 1417 1745 1462 αὐτοῦ
1769 1425 1907 1474 καινῆς

361 1486 572 1540 διαθήκης.

480 1556 585 1607 Φησὶ
611 1554 652 1595 δὲ
674 1552 696 1595 ὁ
721 1552 840 1603 αὐτὸς
860 1553 1009 1607 Μάνης
1031 1552 1131 1596 εἶναι
1153 1553 1257 1608 ἡμᾶς
1280 1553 1439 1610 μορφάς
1460 1552 1697 1609 Ἀρχόντων,
1728 1557 1791 1598 καὶ
1823 1553 1902 1598 ὖπό

358 1626 435 1663 τῶν
456 1620 673 1677 Ἀρχόντων
698 1621 923 1677 γεγονότας,
955 1620 1089 1671 αὐτοῖς
1110 1622 1152 1663 δὲ
1178 1624 1233 1670 εἰς
1259 1624 1499 1677 κατάβρωμα
1530 1624 1901 1677 καταβεβλημένους.

363 1688 497 1742 Πολλὴ
528 1690 570 1731 δὲ
606 1688 749 1731 1ἄνοια
783 1691 824 1731 ἐν
858 1695 939 1738 τοῖς
968 1689 1158 1738 τοιούτοις
1183 1689 1322 1745 λόγοις.
1380 1687 1553 1744 Ὁρῶμεν
1576 1689 1648 1746 γάρ
1677 1689 1748 1744 οὐχ
1777 1690 1903 1740 οὕτως

356 1755 402 1798 τά
440 1756 650 1812 πράγματα
684 1759 961 1810 συμβαίνοντα.
1025 1762 1117 1798 Πᾶν
1151 1755 1224 1812 γαρ
1259 1755 1392 1799 ότιοῧν
1424 1758 1485 1798 ἐπὶ
1519 1762 1588 1810 τῆς
1623 1763 1713 1813 γῆς,
1755 1757 1830 1800 κόἷν
1863 1775 1902 1800 τε

357 1825 611 1879 φαυλοτέρων
633 1825 700 1865 καὶ
724 1823 959 1880 α’γριοτέρων
980 1827 1136 1878 θηρίων
1155 1823 1346 1880 ὑπάρχοι,
1379 1823 1426 1866 οὐ
1443 1829 1490 1882 τῇ
1514 1826 1593 1882 ἰδία
1627 1829 1762 1883 μορφῇ
1792 1827 1902 1882 ἐπέρ-

356 1908 472 1944 χεται,
499 1890 595 1933 ἄλλα
617 1898 700 1940 ταῖς
723 1890 863 1940 ἄλλαις.
905 1890 972 1940 Ὡς
997 1890 1084 1933 οἷον
1107 1893 1242 1943 εἰπεῖν,
1263 1893 1412 1941 λέοντες
1432 1893 1589 1941 λέοντας
1614 1891 1686 1934 οὐκ
1708 1895 1901 1944 ἐσθίουσι,

357 1958 422 2000 διὰ
447 1957 490 2000 τὸ
515 1961 617 2000 ἴδιον
641 1958 853 2012 ἐκτύπωμα
880 1960 946 2000 καὶ
970 1957 1219 2013 ὁμόστοιχον,
1253 1959 1346 2000 ἄλλα
1374 1962 1489 2012 λιμοῦ
1510 1958 1679 2015 μεγάλου
1704 1961 1902 2011 πιέζοντος

358 2027 400 2067 ἐν
424 2032 507 2075 τοῖς
533 2024 638 2081 ὄρεσι
667 2025 759 2074 τούς
789 2032 939 2082 θῆρας,
983 2028 1051 2068 καὶ
1081 2029 1156 2069 ἳὲν
1187 2045 1221 2069 τι
1243 2031 1370 2084 πολλῷ
1403 2026 1530 2084 χρόνῳ
1563 2026 1691 2069 αὐτῶν
1724 2027 1778 2082 μὴ
1801 2027 1900 2083 εὖρι-

358 2096 553 2145 σκόντων,
584 2093 673 2147 ἤτοι
698 2092 762 2136 δια
783 2094 914 2147 χιόνα,
946 2094 973 2148 ἢ
997 2092 1045 2136 δι’
1067 2096 1201 2150 ἑτέραν
1223 2096 1395 2145 ἔνδειαν,
1427 2093 1741 2150 ἀναστρέφουσιν
1761 2097 1801 2138 ἐν
1822 2102 1903 2146 τοῖς

360 2166 530 2213 φωλεοῖς
561 2162 629 2203 καὶ
655 2168 846 2216 χηραμοῖς
879 2160 1008 2204 αὐτῶν
1039 2163 1188 2211 λέοντες
1219 2162 1300 2216 ἅμα
1326 2160 1516 2215 σκύμνοις
1544 2161 1805 2218 ὑπάρχοντες,
1833 2165 1902 2206 καὶ

358 2227 440 2282 ἅμα
461 2232 637 2278 λεαίναις.
700 2231 780 2270 Καὶ
805 2228 876 2270 οὐκ
902 2231 1099 2284 ἐπέρχεται
1121 2229 1204 2286 θὴρ
1228 2232 1382 2287 θηρίῳ,
1411 2228 1459 2271 ού
1479 2228 1598 2279 λύκος
1616 2230 1744 2288 λύκῳ,
1786 2233 1822 2273 εἰ
1847 2231 1900 2285 μή

357 2314 392 2337 τι
418 2295 468 2337 ὂῖν
493 2299 547 2346 εἰς
569 2299 710 2350 μανίαν
730 2298 840 2338 ἔλθοι
866 2296 908 2338 τό
931 2300 1051 2348 ζῶον,
1093 2299 1159 2339 καὶ
1194 2303 1391 2350 λυσσῆσαν
1422 2295 1557 2353 οἷγνοεῖ
1578 2297 1601 2340 ὃ
1619 2297 1788 2354 πράττει.
1850 2300 1904 2340 Εἰ

357 2366 494 2405 τοίνυν
521 2363 638 2413 λύκος
658 2363 778 2406 λύκον
806 2362 879 2405 οὐκ
902 2366 1043 2416 ἐσθίει,
1075 2364 1140 2407 διοὶ
1164 2364 1236 2418 τήν
1260 2363 1492 2419 ὅμόστοιχον
1516 2365 1696 2421 μορφὴν,
1726 2371 1811 2416 πῶς
1832 2366 1898 2408 δύ-

359 2449 498 2473 νανται
523 2434 563 2473 οἱ
583 2430 792 2486 ’Ἄρχοντες
822 2430 926 2485 ἡμᾶς
950 2434 1118 2483 ἐσθίειν,
1161 2435 1196 2474 εἰ
1224 2437 1294 2486 τῆς
1317 2432 1436 2486 αὐτῆς
1469 2431 1718 2489 ύπάρχομεν,
1758 2435 1824 2476 καὶ
1853 2432 1901 2476 οὗ

361 2503 506 2551 μᾶλλον
532 2498 805 2550 θωπεύουσιν,
837 2501 902 2541 ἵνα
929 2498 1093 2549 δόξωσιν
1119 2499 1188 2549 τοὶς
1210 2502 1313 2549 ἰδίας
1342 2500 1475 2542 αὐτῶν
1502 2500 1660 2557 μορφάς
1688 2507 1899 2558 περιποιεῖ-

360 2571 456 2607 σθαι
467 2585 478 2616 ,-
513 2567 593 2608 Καὶ
623 2566 868 2621 πανταχόθεν
898 2568 1111 2622 ἐλέγχονται
1142 2573 1214 2610 τοῦ
1245 2567 1416 2624 ἀγύρτου
1446 2570 1487 2610 οἱ
1511 2567 1629 2624 λόγοι.

474 2698 575 2742 Εἶτα
604 2701 721 2744 πάλιν
752 2701 830 2744 eiad
862 2707 933 2745 τοῦ
963 2700 1186 2758 εὐαγγελίου
1218 2703 1519 2758 ἐπιλαμβάνεται
1548 2703 1628 2755 ὅτι,
1674 2702 1733 2745 Ού
1756 2705 1900 2754 πάντες

358 2773 529 2823 χωροῦσι
549 2768 619 2823 τὴν
639 2769 762 2812 αὐτοῦ
783 2772 1052 2822 διδασκαλίαν,
1086 2768 1164 2812 ἀλλ’
1185 2769 1245 2820 οἷς
1266 2773 1432 2814 δέδοται.
1493 2773 1573 2814 Καὶ
1599 2771 1674 2813 οὐκ
1708 2767 1756 2825 ἦν
1785 2770 1807 2814 ὁ
1835 2772 1898 2814 λό-

404 2892 433 2937 ῗ,
462 2891 494 2925 ἐν
518 2894 561 2937 τῇ
587 2894 745 2939 ἓαλάσσῃ
771 2897 838 2928 cod.
862 2898 992 2938 Rhediy.
1151 2894 1261 2940 χρόνῳ
1282 2900 1347 2930 cett.
1393 2900 1455 2931 Pro
1480 2895 1536 2932 ἐὰν
1560 2899 1591 2930 in
1611 2898 1676 2930 cod.
1704 2898 1833 2940 Rhodiy.
1855 2902 1897 2931 est

403 2939 433 2968 ὃ.
460 2939 608 2977 Suspicor
629 2940 788 2984 ληφὲείῃ.
825 2943 892 2973 Nisi
911 2945 1015 2980 potius
1035 2952 1103 2973 ma·
1148 2939 1197 2975 ἅν.

358 2983 450 3013 lucris
478 2982 622 3025 ληφὶῖεὶς
655 2983 691 3017 δὲ
728 3004 741 3009 -
761 3004 774 3010 -
809 2985 867 3019 καὶ
900 2983 1103 3030 ἀνατραφεὶς
1193 2986 1223 3019 9.
1251 2985 1334 3029 ἔγνω
1357 2989 1424 3020 cod.
1447 2988 1574 3028 Rhediy.
