2030 3324
150 1238 240 1283 Κεφ.
260 1237 321 1283 λγ’.

176 1932 242 1961 pag.
263 1924 321 1953 75⁷.

167 2594 257 2637 Κεφ.
277 2591 336 2628 λδ’.

344 195 424 235 640
910 203 1072 236 SANCTI
1094 204 1316 239 EPIPHANH

340 277 470 319 θινόν.
538 280 583 319 Τί
605 272 677 320 οὖν
699 279 859 333 λέγομεν
883 280 971 334 περὶ
992 283 1062 321 τοῦ
1082 281 1251 336 πατρός,
1292 282 1352 325 ὅτι
1380 283 1449 337 μὲν
1471 283 1543 340 γάρ
1568 289 1655 336 φῶς
1685 282 1879 337 ἀληθινόν

341 343 363 386 ὁ
384 343 500 395 θεὸς,
531 347 598 386 καὶ
623 344 697 387 οὐκ
724 344 799 401 ἄρα
824 347 971 395 ἐλλιπὲς
991 346 1206 400 ποιήσομεν
1227 349 1269 390 τό
1293 357 1423 392 θεῖον·
1456 353 1521 393 καὶ
1546 351 1682 405 ἐπειδὴ
1704 353 1779 394 οὐκ
1802 355 1881 395 ἔστι

341 413 605 467 γεγραμμένον
638 412 680 455 τό
715 419 802 465 φῶς
835 412 877 455 τὸ
912 412 1123 467 ἀληθινὸν,
1168 414 1275 457 4ουκ
1312 420 1470 471 εἴπομεν
1504 418 1792 501 ἁμαρτάνοντες
1822 419 1882 462 ὅτι

343 477 416 521 οὐκ
439 482 518 522 ε’στι
549 485 635 533 φῶς
659 480 864 534 ἀληθινόν.
927 484 1007 523 Καὶ
1036 481 1172 536 ἐπειδὴ
1199 501 1219 524 ο
1247 483 1333 534 υίὸς
1352 487 1562 567 γέγραπται
1585 487 1645 530 ὅτι
1668 487 1765 538 θεός
1789 489 1880 539 ἐστι,

342 549 408 589 καὶ
429 550 478 601 ἠν
501 546 521 590 ὁ
542 547 638 597 θεὸς
660 548 761 604 πρός
788 548 855 591 τὸν
882 548 975 592 ὄντα
1001 552 1168 606 πατέρα·
1199 569 1265 592 και
1288 570 1362 607 γαρ
1384 555 1434 606 ἠν
1453 554 1550 604 θεός
1576 553 1598 597 ὁ
1623 555 1748 611 λόγος.
1802 556 1882 596 Καὶ

338 613 411 656 οὐκ
434 614 540 658 εἶπεν
561 616 642 668 ὅτι,
677 615 814 666 Θεός’
797 618 944 672 εγένετο
968 636 987 660 ο
1013 617 1141 673 λόγος,
1174 617 1282 669 ἀλλα,
1317 619 1416 669 Θεός
1439 616 1499 674 ἦν
1549 620 1615 664 Ἐκ
1639 624 1680 666 δὲ
1703 628 1781 665 τῶν
1805 621 1880 665 δύο

339 682 386 726 tc}
408 685 600 739 ἰσόρροποι
622 650 882 739 δειχθήσεται,
909 687 951 727 ἐκ
972 690 1042 728 τοῦ
1064 686 1132 739 μὲν
1157 684 1255 734 Θεός
1276 686 1467 740 ἀληθινός
1491 687 1513 730 ὁ
1534 689 1676 746 πατὴρ,
1704 692 1771 733 καὶ
1788 695 1883 740 Φῶς

342 750 534 805 ἀληθινόν
556 750 579 794 ὁ
603 751 709 805 υίὸς,
740 752 787 794 τοὶ
823 752 981 808 ι’σόζυγα
1004 760 1182 805 φανεῖται
1216 759 1284 807 τῆς
1307 753 1436 806 ἀξίας,
1477 758 1542 798 καὶ
1566 759 1607 799 ἐκ
1627 763 1699 800 τοῦ
1726 762 1828 801 Θεοῦ
1859 756 1883 801 0‘

341 819 440 871 υἱὸς,
471 821 537 862 καὶ
563 824 658 870 Φῶς
681 819 704 863 ὁ
727 821 837 873 θεὸς,
867 821 914 863 τοὶ
937 821 1131 877 ἰσόρροπα
1157 827 1223 876 τῆς
1247 824 1472 878 δοξολογίας
1495 822 1758 880 εὑρεθήσεται.
1802 827 1883 867 Καὶ

340 886 455 930 οὐδὲν
485 891 643 940 διοίσει,
687 888 779 931 οὐδὲ
808 888 1010 940 ἀντιλέξειέ
1044 907 1103 939 τις
1132 895 1180 948 τῇ
1209 887 1398 948 ἀληθείᾳ,
1441 888 1537 934 ἀλλά
1568 890 1758 946 ἀληθινὸς
1787 892 1884 943 θεὸς

341 955 365 998 0‘
394 955 546 1013 πατὴρ,
576 958 641 999 καὶ
673 956 865 1011 ἀληθινός
894 957 982 1006 υἷός
1011 956 1034 1000 ὅ
1066 957 1289 1014 μονογενής.

441 1228 531 1272 ”Eu
556 1231 598 1272 δὲ
620 1232 685 1272 καὶ
712 1232 801 1286 περὶ
826 1236 896 1273 τοῦ
919 1227 1034 1286 ἀγίου
1057 1230 1278 1283 πνεύματος
1298 1231 1570 1286 ἀναγκάζομαι
1590 1236 1661 1273 τοῦ
1682 1233 1805 1287 λέγειν
1828 1234 1886 1274 ἕν-

341 1303 496 1350 ταῦθα,
527 1301 593 1340 ἵνα
614 1297 667 1352 μή
692 1301 938 1353 παραλείψας
962 1317 997 1340 τι
1025 1301 1081 1355 δῷ
1105 1305 1186 1348 τοῖς
1207 1300 1461 1352 βουλομένοις
1495 1301 1654 1354 ἐχθροῖς
1684 1299 1753 1349 τοὶς
1789 1299 1885 1342 ²011}-

339 1371 418 1408 τῶν
443 1368 540 1419 ἔχειν
568 1365 799 1422 προφάσεις.
864 1365 977 1408 Οὕτω
1002 1366 1075 1422 γαρ
1109 1368 1177 1408 καὶ
1203 1365 1245 1408 τό
1271 1371 1424 1419 πνεῦμα
1449 1366 1490 1409 τὸ
1517 1367 1650 1423 ἅγιον,
1689 1366 1743 1418 ὥς
1767 1366 1885 1417 αὐτός

342 1432 364 1475 ὁ
385 1432 522 1487 κύριος
545 1440 734 1489 μαρτυρεῖ
761 1435 904 1489 λέγων,
952 1433 1003 1476 Τό
1029 1439 1182 1487 πνεῦμα
1206 1439 1275 1488 τῆς
1300 1435 1508 1489 ἀληθείας,
1556 1434 1608 1477 Τὸ
1631 1441 1785 1490 πνεῦμα
1813 1440 1884 1478 τοῦ

340 1500 510 1556 πατρὸς,
553 1500 575 1543 ό
605 1502 646 1544 δὲ
673 1500 911 1553 ἀπόστολος,
959 1507 1124 1556 Πνεῦμα
1155 1507 1339 1558 Χριστοῦ.
1388 1502 1492 1558 ”Apa
1523 1509 1621 1559 γοῦν
1652 1503 1695 1546 τὸ
1729 1508 1884 1557 πνεῦμα

340 1574 409 1623 τῆς
444 1568 632 1623 ἀληθείας
664 1575 820 1624 πνεῦμα
855 1568 1066 1623 ἀληθείας,
1106 1576 1260 1624 πνεῦμα
1293 1576 1414 1623 θεοῦ,
1459 1570 1512 1621 ὥς
1543 1570 1641 1621 θεός
1678 1569 1883 1626 ἀληθινός,

341 1637 394 1686 ὥς
419 1643 507 1690 φῶς
541 1637 754 1691 ἀληθινὸν,
796 1636 850 1687 ὥς
875 1643 1026 1692 πνεῦμα
1056 1637 1226 1692 πατρὸς,
1270 1637 1323 1688 ὥς
1348 1644 1502 1693 πνεῦμα
1532 1641 1635 1682 υἱοῦ.
1696 1643 1787 1681 Μία
1810 1639 1884 1696 γάρ

341 1707 443 1747 ἐστιν
484 1703 509 1759 ἡ
546 1704 675 1761 τριάς,
717 1709 785 1759 μία
818 1704 846 1759 ἦ
880 1709 1102 1762 δοξολογία,
1146 1711 1215 1760 μία
1251 1705 1278 1760 ἦ
1310 1706 1477 1761 θεότης,
1518 1710 1587 1761 μία
1617 1706 1645 1762 ἦ
1678 1707 1883 1763 κυριότης·

339 1773 467 1829 πατὴρ
501 1772 649 1829 πατὴρ,
693 1773 781 1823 υἵὸς
804 1773 911 1826 υἷός,
952 1774 1064 1830 ἅγιον
1097 1778 1250 1828 πνεῦμα
1280 1774 1392 1830 ἅγιον
1415 1778 1586 1829 πνεῦμα·
1627 1775 1676 1818 οὗ
1707 1780 1882 1817 συναλοι-

340 1841 398 1895 φὴ
427 1840 454 1895 ἦ
491 1841 623 1897 τριάς,
675 1842 722 1884 οὐ
776 1845 963 1884 διεστῶσα
997 1846 1066 1896 τῆς
1103 1845 1203 1892 ἰδίας
1236 1841 1359 1896 αὐτῆς
1390 1843 1584 1897 μονάδος,
1625 1842 1700 1886 οὔκ
1729 1843 1885 1898 ἐλλιπὴς

342 1915 411 1963 τῆς
437 1910 693 1963 τελειότητος,
734 1908 806 1952 οὐκ
830 1909 960 1952 ἀλλοία
990 1916 1059 1965 τῆς
1085 1913 1186 1960 ἰδίας
1209 1910 1421 1965 ἰδιότητος,
1466 1909 1561 1954 ἀλλά
1583 1911 1712 1954 πάντα
1744 1911 1882 1954 τελειό-

340 1995 430 2031 της,
462 1981 549 2033 τρία
571 1980 713 2030 τέλεια,
745 1982 812 2031 μία
834 1977 989 2032 θεότης.
1052 1981 1129 2021 Καὶ
1156 1980 1358 2022 πέπτωκεν
1391 1977 1416 2033 ἡ
1438 1985 1515 2021 τῶν
1537 1979 1585 2022 δι’
1609 1981 1788 2030 ε’ναντίας
1811 1978 1884 2033 μά-

340 2064 464 2101 χαιρα.
511 2048 592 2088 Καὶ
611 2045 682 2102 γαρ
707 2046 809 2089 οὕτω
831 2048 1041 2102 γέγραπται
1068 2046 1149 2099 ὅτι,
1182 2049 1303 2097 Βέλος
1321 2051 1473 2101 νηπίων
1497 2047 1751 2104 ἐγενήθησαν.
1800 2049 1883 2090 Καὶ

342 2112 414 2169 γάρ
446 2113 492 2155 τοὶ
517 2113 661 2168 νήπια,
702 2113 774 2157 κάν
796 2132 835 2156 τε
865 2116 964 2173 θέλῃ
995 2114 1207 2169 λαμβάνειν
1231 2116 1342 2169 βέλη,
1384 2114 1573 2200 ἀνίσχυρα
1600 2115 1798 2171 τυγχάνει,
1829 2115 1884 2170 μή

341 2180 539 2235 δυνάμενα
571 2184 612 2224 ἐν
635 2184 764 2238 χερσιν
785 2181 916 2224 αυτῶν
939 2201 975 2226 τι
996 2182 1188 2239 πράττειν.
1243 2182 1340 2225 Ἐἀν
1363 2185 1403 2226 δὲ
1427 2186 1494 2226 καὶ
1523 2189 1810 2242 παραταραχθῇ
1835 2202 1882 2225 τα

337 2267 483 2303 νηπια,
526 2255 670 2304 μαλλον
694 2250 812 2293 ἕαυτα
842 2251 979 2303 σφαζει
1007 2270 1075 2293 και
1101 2251 1222 2293 ἕαυτα
1249 2250 1395 2303 ἀδικεῖ,
1436 2251 1490 2306 μή
1524 2251 1724 2306 δυνάμενα
1756 2250 1884 2301 αλλοις

340 2319 544 2373 ἐπιχειρεῖν
565 2323 636 2361 τοῦ
660 2320 799 2375 βέλους
825 2318 867 2361 τὸ
900 2321 1148 2375 ἐπιχείρημα,
1191 2338 1244 2368 ως
1269 2321 1336 2361 καὶ
1363 2315 1473 2362 οὗτοι
1504 2319 1597 2363 καθ’
1618 2321 1767 2362 ἑαυτῶν
1798 2321 1882 2362 έπε-

343 2385 584 2441 στράτευσαν
613 2405 686 2441 την
714 2386 885 2440 πλάνην,
918 2386 1034 2430 ουδὲν
1064 2389 1106 2430 δὲ
1139 2387 1438 2442 2ἐνσκιήψουσιν
1467 2390 1521 2438 εἰς
1549 2406 1642 2438 τους
1670 2386 1785 2437 υἷοῦς
1814 2392 1883 2441 τῆς

341 2452 539 2508 ἀληθείας.

457 2590 753 2646 Παρελεύσομαι
780 2592 822 2634 δὲ
851 2593 917 2633 καὶ
948 2593 1002 2641 εἰς
1033 2593 1165 2646 ἑτέρας
1186 2594 1303 2643 λέξεις
1327 2591 1444 2634 πάλιν
1463 2592 1532 2642 τάς
1553 2592 1617 2635 ὑπ’
1645 2592 1776 2634 αὐτῶν
1799 2593 1880 2634 ε’πι-

339 2660 568 2712 νοουμένας.
630 2661 711 2701 Καὶ
733 2664 890 2714 πρῶτον
910 2660 979 2713 μὲν
1004 2659 1221 2713 ἐκπλήξεώς
1254 2663 1333 2703 ἔστι
1365 2659 1407 2702 τὸ
1437 2662 1571 2717 ἔργον,
1615 2677 1669 2709 ως
1702 2661 1879 2740 εἰρωνεία

340 2728 544 2780 κέχρηνται
567 2727 666 2783 πρὸς
687 2726 842 2781 ἀπάτην
864 2732 942 2771 τῶν
973 2726 1126 2780 ἀφελῶν
1157 2729 1220 2769 καὶ
1249 2726 1440 2784 ἀκεραίων
1461 2728 1587 2780 φύσει.
1644 2725 1714 2775 Ὡς
1737 2744 1757 2769 ο
1786 2725 1880 2778 ὄφις

340 2792 514 2848 ἤπάτησε
536 2794 606 2848 τὴν
628 2795 743 2838 Εὕαν
770 2795 957 2852 ἀκεραίαν
981 2790 1124 2847 οὖσαν,
1167 2801 1220 2854 τῷ
1249 2795 1357 2854 αὐτῷ
1379 2795 1512 2852 τρόπῳ
1544 2813 1608 2837 και
1636 2797 1766 2846 οὑτοι,
1809 2794 1880 2836 εἀν

338 2863 481 2904 θέλωσι
504 2864 857 2919 περιποιήσασθαι,
889 2864 931 2907 τὸ
953 2868 1111 2919 πρῶτον
1136 2864 1205 2918 μὲν
1226 2867 1444 2913 κολακείαις
1475 2868 1635 2912 πολλαῖς
1660 2865 1728 2905 καὶ
1755 2865 1875 2916 δαψι-

385 2962 415 2998 4.
442 2977 501 2999 ουκ
517 2970 709 3007 negationem
729 2971 948 3010 suppleverunt
967 2970 1084 3001 Corna—
1133 2968 1260 3011 cantes)
1291 2972 1381 3008 alque
1409 2969 1565 2999 petavius.
1612 2968 1701 2999 Abest
1733 2969 1814 2999 enim
1838 2969 1878 2998 ab

340 3013 406 3044 rius
439 3011 508 3054 (qui
529 3015 617 3045 vertit
646 3013 723 3046 ideo
748 3025 815 3047 non
842 3014 978 3046 dicimus
1003 3025 1085 3057 pec-
1132 3016 1226 3046 libris.
1276 3014 1406 3046 Petavio
1424 3014 1545 3052 placuit
1570 3023 1630 3046 ουκ
1653 3012 1809 3056 εἴπωμεν.
