2030 3324
476 194 657 227 PANARn
682 195 764 228 Lm.
783 197 824 229 n.
847 197 954 229 ToM.
977 198 1017 231 n.
1044 198 1174 231 mea.
1196 198 1324 231 inx.
1596 192 1678 232 667

134 281 339 318 conantur.
404 271 503 314 Cum
529 274 631 314 enim
669 283 778 329 pater
808 292 880 315 non
913 278 1076 325 laboret,
1120 293 1237 330 neque
1259 282 1386 326 sitiat,
1427 294 1495 319 nec
1516 283 1674 327 esuriat,
1698 282 1758 310 1³³?
1785 283 1888 317 ⁴⁰‚²‘³·

134 351 176 385 ut
196 343 389 397 scriptura
413 355 525 381 sacra
556 342 749 396 loquitur,
783 347 869 384 Λόιι
895 347 1103 393 laborabit,
1138 362 1255 398 neque
1281 351 1404 394 sitiet,
1439 362 1506 386 nec
1525 351 1678 396 esuriet,

133 426 200 452 nec
230 419 287 450 est
315 413 555 461 emes-agario
580 414 806 462 prudentiae
837 416 938 460 eius,
982 414 1114 453 eadem
1140 414 1202 454 illa
1227 429 1322 455 vero
1346 416 1383 455 in
1413 415 1488 454 lilio
1511 417 1682 469 perfecta

132 485 364 528 cernantur,
398 491 418 517 a
443 478 585 532 patris,
620 479 821 533 inquiunt,
865 482 1036 521 essentia
1071 489 1109 521 et
1143 489 1279 521 natura
1317 483 1367 522 sit
1390 483 1540 522 alienus
1567 498 1682 537 opor-

132 554 200 588 tet.
264 547 395 600 Atque
427 545 522 586 haec
549 547 702 600 quidem
732 548 860 588 onmia
885 555 975 588 ante
1005 548 1314 589 incarnationem
1348 550 1505 590 minime
1537 565 1682 592 couve-

131 615 237 655 nisse
263 614 364 665 filio,
398 614 461 654 vel
494 614 564 668 ipsi
591 616 798 656 fateantur.
863 613 937 656 Cui
962 631 1047 656 cum
1071 616 1184 657 etiam
1208 616 1319 657 inviti
1345 619 1611 669 assenserint,
1643 627 1682 659 et

130 683 176 722 ad
203 696 248 723 ea
273 683 527 737 pervenerint
559 697 657 736 quac
681 690 862 737 suscepta
895 684 968 723 iam
1002 698 1119 724 carne
1150 685 1188 724 in
1213 699 1259 725 eo
1288 686 1458 739 perlecta
1484 687 1680 736 dicuntur,

129 750 324 791 audierint
344 764 440 790 vero
466 758 624 805 propter
645 758 867 806 susceptum
891 751 937 791 ab
966 752 1030 792 illo
1055 767 1219 807 corpus,
1255 753 1350 792 haec
1377 754 1516 794 merito
1549 769 1593 794 ac
1624 755 1680 795 iu-

129 818 312 859 stissimis
332 818 378 859 de
402 818 553 859 caussis
575 819 823 860 necessarios
847 820 892 860 ad
918 820 1020 860 vitae
1043 834 1136 860 usus
1161 821 1208 861 ab
1233 821 1297 861 illo
1323 820 1526 875 permissa,
1550 837 1683 877 quem·

131 887 335 927 admodum
373 886 508 940 auriga
549 886 743 926 moderari
782 901 937 927 currum
971 888 1094 938 solet,
1141 889 1450 943 quandoquidem
1487 905 1563 931 non
1599 891 1683 931 sola

128 955 275 1009 specie,
309 955 377 994 sed
401 968 542 994 revera
565 968 723 994 carnem
750 955 888 1005 induit,
924 955 1018 996 haec
1042 971 1127 996 cum
1152 956 1227 996 illis
1250 957 1504 1010 obiiciuntur,
1540 965 1683 1013 negant

128 1036 180 1063 ex
211 1023 295 1063 sola
328 1035 445 1063 carne
477 1022 670 1077 proficisci
703 1022 764 1062 illa
795 1023 985 1077 potuisse.

241 1089 293 1130 Et
321 1104 416 1130 vero
438 1104 507 1144 per
531 1090 699 1144 seipsam
725 1090 808 1130 sola
841 1105 933 1131 caro
960 1105 1085 1145 neque
1109 1091 1242 1142 sitire,
1279 1106 1404 1146 neque
1430 1093 1580 1148 fatigari
1614 1109 1681 1149 po·
1730 1101 1809 1143 Cap.

128 1158 233 1199 terit.
298 1156 376 1198 Sed
407 1158 478 1198 hoc
505 1158 590 1208 isti,
636 1158 697 1212 qui
728 1158 865 1199 relicta
891 1158 954 1200 via
987 1160 1206 1200 contrarias
1243 1160 1289 1199 ad
1321 1160 1482 1201 semitas
1507 1162 1680 1203 deflexe-
1717 1146 1847 1178 XLlX‘

128 1233 239 1277 runt,
274 1226 458 1280 ignorare
485 1226 690 1276 videntur,
735 1227 795 1266 dei
821 1227 937 1268 tilium
965 1242 1042 1267 non
1069 1228 1183 1267 modo
1211 1242 1367 1269 carnem
1385 1260 1395 1279 ,
1439 1230 1506 1270 sed
1535 1237 1572 1270 et
1601 1230 1685 1270 ani-

128 1308 226 1335 mam
252 1301 290 1335 et
322 1301 514 1345 mentem,
562 1301 676 1348 atque
702 1295 832 1335 omnia
869 1296 1035 1350 deniqne
1071 1310 1169 1350 quae
1201 1303 1292 1336 sunt
1328 1296 1494 1337 hominis
1527 1299 1684 1353 propria

126 1362 375 1417 suscepisse,
418 1369 574 1417 praeter
599 1369 825 1417 peccatum,
871 1377 997 1418 neque
1031 1364 1103 1404 lioc
1134 1378 1154 1404 e
1186 1364 1288 1405 virili
1314 1366 1487 1416 semine,
1531 1367 1597 1406 sed
1631 1381 1682 1408 ex

126 1430 279 1485 virgine
300 1428 446 1481 Maria,
483 1444 550 1484 per
577 1431 754 1484 spiritum
784 1439 981 1472 sanctum.
1044 1432 1099 1473 At
1122 1433 1184 1473 isti
1210 1441 1354 1487 negant
1382 1434 1549 1474 animam
1576 1434 1682 1475 illum

127 1499 413 1553 assumpsisse,
447 1513 522 1553 quo
554 1498 657 1538 illius
687 1500 904 1552 argumenti
940 1500 1016 1540 vim
1053 1501 1263 1555 effugiant,
1312 1502 1411 1555 quod
1448 1503 1493 1543 ad
1527 1502 1679 1544 illorum

126 1567 279 1607 inanem
315 1567 642 1621 comprimendam
681 1567 954 1621 loquacitatem
990 1569 1134 1609 ceteris
1165 1569 1343 1609 omnibns
1375 1570 1589 1625 promptius
1621 1578 1680 1612 est

124 1649 167 1675 ac
196 1635 362 1675 facilius.
429 1633 488 1675 De
523 1634 654 1689 seipso
683 1636 822 1690 quippe
856 1649 974 1676 verus
1007 1637 1089 1691 ipse
1116 1637 1346 1677 testificatus
1377 1645 1437 1678 est
1465 1639 1583 1689 deus,
1619 1639 1681 1693 qui

124 1703 327 1744 veritatem
352 1716 394 1743 se
418 1716 505 1743 esse
532 1703 651 1753 dixit,
688 1703 758 1743 hoc
782 1703 906 1758 ipsum
932 1705 1031 1758 quod
1056 1705 1234 1755 dicimus,
1270 1705 1328 1745 his
1352 1705 1500 1757 verbis,
1534 1710 1675 1746 Anima
1697 1711 1804 1774 ῐῗῖᾶηὲἆ

125 1786 204 1810 mea
235 1772 386 1810 turbata
418 1779 496 1810 est:
545 1777 605 1822 et,
653 1774 788 1810 Tristis
818 1780 875 1811 est
903 1776 1027 1812 aalma
1059 1787 1161 1812 mea.-
1209 1781 1270 1824 et,
1305 1777 1527 1814 Potestatem
1558 1777 1674 1815 habeo
1694 1768 1815 1824 Maii-hs

119 1842 288 1892 ponendi
313 1842 473 1878 animam
505 1854 642 1887 meam,
688 1847 726 1878 et
753 1843 927 1880 sumendi
952 1855 1055 1889 eam5
1100 1848 1141 1882 ut
1171 1849 1208 1881 et
1242 1841 1414 1897 seipsum
1444 1843 1556 1883 deum
1589 1858 1677 1885 esse
1699 1816 1812 1877 lizinii}

125 1914 386 1959 monstraret,
433 1921 553 1961 penes
591 1921 704 1961 quem
740 1907 959 1949 istiusmodi
997 1911 1048 1950 sit
1087 1916 1276 1965 potestas.
1343 1908 1531 1965 Usurpari
1575 1912 1676 1952 enim
1718 1885 1820 1919 10’18’

126 1976 221 2016 llaec
248 1975 293 2015 ab
323 1975 477 2015 homine
507 1990 581 2015 non
609 1983 796 2030 possunt,
841 1977 928 2031 quia
955 1992 1070 2017 nemo
1107 1986 1167 2018 est
1199 1978 1262 2033 qui
1290 1979 1495 2033 ponendae
1527 1979 1681 2020 animae

123 2058 234 2094 suae,
268 2044 486 2097 iterumque
508 2045 720 2084 sumendae
744 2045 966 2085 facultatem
991 2045 1145 2087 habeat.
1209 2047 1264 2086 At
1291 2061 1378 2087 cum
1405 2047 1450 2087 de
1474 2048 1602 2088 anima
1627 2049 1682 2088 lo-

124 2113 278 2167 quitur,
324 2112 517 2152 hominem
553 2126 596 2152 se
626 2126 792 2163 revera,
838 2128 915 2153 non
949 2114 1032 2154 sola
1059 2114 1266 2169 opinione,
1314 2116 1458 2155 factum
1492 2116 1679 2157 ostendit.

126 2179 246 2231 ltem,
281 2184 366 2232 Ego
393 2195 473 2219 sam
490 2188 626 2232 pastor
650 2182 787 2229 bonas,
823 2185 891 2233 qui
909 2185 1069 2221 animam
1087 2197 1193 2222 suam
1211 2187 1322 2235 ponit
1336 2198 1408 2235 pro
1428 2185 1557 2223 ovibus
1580 2188 1673 2224 sais.
1724 2190 1798 2221 Ibid.

124 2249 256 2303 Atque
284 2255 324 2289 ut
352 2249 448 2289 haee
472 2248 626 2288 veritati
655 2262 743 2289 esse
765 2257 1032 2291 consentanea
1055 2251 1289 2302 declararet,
1317 2252 1354 2291 in
1374 2265 1490 2292 cruce
1515 2266 1680 2307 suspen-

124 2331 192 2358 sus
218 2318 267 2357 ita
295 2324 443 2372 patrem
470 2317 700 2371 alloquitur:
745 2320 789 2356 ln
821 2332 952 2357 manas
985 2327 1068 2358 taas
1098 2323 1310 2359 commendo
1339 2323 1513 2371 spiritam
1545 2336 1676 2362 meam.
1698 2328 1826 2365 Luc-23,
1845 2331 1886 2358 ⁴6.

125 2385 193 2436 Et,
230 2389 320 2425 Cam
354 2388 559 2433 venissent,
597 2385 719 2439 iuquit
734 2417 744 2437 ,
779 2388 936 2434 milites,
972 2390 1194 2427 invenerant
1224 2391 1295 2427 iam
1328 2390 1432 2427 illam
1465 2392 1673 2441 expirasse.
1716 2362 1818 2432 laia-¹¹3¹.

123 2454 185 2494 Ad
211 2454 322 2504 haec,
356 2457 409 2493 Et
439 2456 676 2501 eoeclamans,
713 2453 852 2508 inquit,
888 2469 973 2494 voce
1003 2470 1143 2508 magna
1175 2459 1295 2504 (llll-it,
1330 2458 1400 2495 Eli
1424 2459 1510 2504 Eli,
1547 2459 1681 2497 lamma
1703 2431 1816 2502 {gille

123 2524 365 2570 sabacthani,
401 2524 471 2561 lzoc·
501 2530 577 2569 est,
613 2525 714 2561 Deus
744 2537 868 2569 meas,
904 2527 994 2562 deas
1024 2539 1148 2572 meas,
1184 2539 1301 2576 quare
1331 2539 1386 2563 me
1415 2527 1680 2578 dereliquisti?

125 2589 250 2633 Cuius
273 2589 426 2645 quidem
465 2589 654 2629 orationis
686 2590 762 2630 vim
799 2591 872 2630 iam
901 2598 992 2631 ante
1026 2592 1328 2633 declaravimus.
1391 2596 1444 2632 Et
1473 2597 1674 2645 empti-avit,
1696 2604 1884 2636 Mammam

124 2659 249 2714 inquit
270 2658 534 2712 evangelium.
599 2656 712 2711 Quae
733 2673 818 2698 cum
838 2658 890 2698 ita
916 2659 1018 2711 sint,
1053 2667 1091 2700 et
1115 2660 1305 2700 eiusmodi
1330 2674 1474 2711 voces,
1508 2664 1679 2714 Eoepera-

127 2730 199 2772 vit,
235 2735 288 2778 et,
323 2730 366 2766 In
399 2741 530 2765 manas
562 2734 668 2774 tuas,
703 2734 793 2774 etc„
829 2734 889 2778 et,
924 2731 1065 2767 Anima
1096 2743 1175 2767 mea
1209 2730 1360 2767 tat-bala
1391 2737 1466 2777 est,
1504 2744 1548 2770 ac
1575 2738 1680 2772 cete-

125 2809 187 2835 ras
213 2795 248 2835 id
271 2809 396 2848 genus
420 2795 501 2849 ipsa
530 2794 677 2834 veritas
703 2801 886 2849 usurpet,
922 2795 1006 2848 quis
1032 2796 1130 2835 adeo
1157 2796 1297 2836 stultus
1322 2804 1383 2837 est
1409 2797 1496 2837 liuic
1523 2805 1563 2839 ut
1590 2813 1679 2840 cae-

125 2863 352 2903 cutientium
378 2877 423 2903 ac
452 2862 728 2903 somniantium
754 2862 950 2902 hominum
977 2863 1177 2916 ergastulo
1205 2864 1316 2904 tidem
1351 2865 1535 2907 adhibere
1567 2868 1676 2918 velit,

169 2964 201 2996 3.
226 2965 337 3007 λημᾶς
357 2960 527 3009 ἅβαχὲανὶ
548 2966 636 2998 codd.
653 2975 725 2997 mss.
766 2966 878 3007 λημᾶς
970 2962 1000 2997 4.
1027 2962 1160 3006 ἤλίὲιος
1172 2964 1312 3011 τοιούτῳ
1328 2966 1387 3010 μὲν
1408 2969 1590 3012 πεισθῆναι
1609 2968 1676 3012 ἐργ.

124 3006 299 3053 ἅμαχῧανὶ
321 3011 368 3042 ed.
390 3021 439 3052 pr.
924 3011 991 3042 cod.
1015 3012 1142 3053 Rhediy.
