2066 3319
222 316 309 358 Κεφ.
331 315 396 350 7z3'.

234 368 300 395 pag.
318 339 375 388 zoi.

406 212 485 250 540
972 218 1134 251 SANCTI
1154 218 1380 251 EPIPHANII

522 292 624 335 Εἶτα
646 294 762 336 πάλιν
787 293 1099 348 ε’πιλαμβάνεται,
1128 298 1194 337 ἵνα
1216 297 1491 354 παρειςενέγκῃ
1511 295 1584 339 δύο
1603 295 1822 351 προςώπων
1843 295 1942 354 ἄγω-

412 360 485 416 γήν
506 361 606 416 πρὸς
627 361 813 404 σύστασιν
837 367 907 415 τῆς
928 360 1018 417 παρ’
1041 361 1146 420 αὐτῷ
1169 365 1376 419 λεγομένης
1398 363 1565 415 δυάδος,
1601 368 1679 405 τῶν
1703 380 1742 404 τε
1770 363 1842 406 δύο
1866 364 1942 418 φύ-

402 444 520 480 σεων,
551 427 679 483 άρχῶν
701 447 739 471 τε
763 428 946 485 άνάρχων
969 431 1036 471 καὶ
1057 432 1195 485 ῥιζῶν,
1237 426 1291 473 ῶν
1323 429 1399 485 ἤδη
1422 430 1611 487 πρότερον
1635 430 1862 486 εἰρήκαμεν,
1892 431 1941 474 τά

402 496 519 550 ὅμοια
541 496 780 550 βουλόμενος
802 499 923 552 λέγειν
950 498 1013 539 ε’πὶ
1036 499 1218 554 διαιρέσει
1238 503 1315 540 τῶν
1337 498 1597 554 πραγμάτων,
1630 501 1792 553 διαιρεῖν
1816 499 1942 549 οὕτως

401 569 553 617 τολμῶν
582 563 654 606 οὐκ
679 567 844 607 αἰδεῖται
864 566 985 620 λέγων
1007 565 1067 607 ὅτι
1088 564 1114 620 ή
1137 565 1282 608 παλαιά
1311 564 1438 617 εἶπεν,
1466 565 1583 619 Έμὸν
1602 565 1644 608 ‘cd
1670 569 1842 622 χρυσίον,
1872 569 1941 610 καὶ

402 630 497 685 ἒμόν
526 631 568 674 τὸ
601 631 811 688 ἀργύριον,
852 631 878 686 ή
907 633 948 674 δὲ
976 633 1092 687 καινή
1122 635 1298 688 διαθήκη
1331 635 1448 689 λέγει,
1492 633 1697 689 Μακάριοι
1728 636 1768 676 οἵ
1793 637 1941 689 πτωχοὶ

401 698 612 752 πνεύματι,
654 700 714 742 ὅτι
747 699 876 742 αὐτῶν
909 702 1011 742 ἐστιν
1035 699 1062 754 ἦ
1085 704 1256 755 βασιλεία
1282 707 1360 743 τῶν
1384 699 1574 756 οὐρανῶν.
1641 707 1652 730 ¹
1673 699 1765 743 Ἀλλ’
1790 701 1862 744 οὐκ
1885 700 1940 744 οἷ-

402 770 466 808 δεν
498 768 560 809 ὅτι
591 769 658 809 καὶ
686 766 712 821 ἦ
745 767 891 810 παλαιά
923 767 1037 810 πάλιν
1056 770 1174 824 λέγει,
1220 768 1417 818 Πλούσιος
1445 770 1511 810 καὶ
1542 770 1662 822 πένης
1695 769 1940 823 συνήντησαν

401 834 595 888 ἀλλήλοις,
639 834 661 878 ὁ
686 837 727 878 δὲ
751 835 888 892 κύριος
919 835 1013 886 τούς
1048 835 1297 892 ἀμφοτέρους
1324 839 1492 890 ε’ποίησε.
1553 838 1631 877 Καὶ
1657 835 1683 890 ή
1707 836 1824 891 καινὴ
1857 840 1937 880 δια-

399 902 508 957 θήκη
532 902 575 945 τὸ
600 902 693 946 αὐτὸ
716 910 931 957 συμφωνεῖ,
964 908 1229 960 μακαρίζουσα
1250 906 1318 958 μὲν
1340 903 1433 953 τους
1455 903 1635 957 πτωχούς
1666 903 1815 957 2φύσει
1836 922 1938 948 πτω-

398 970 508 1024 χούς,
551 970 681 1014 ἄλλοτε
717 972 790 1013 3δὲ
819 971 912 1021 τούς
944 971 1122 1026 πτωχούς
1153 977 1205 1030 τῷ
1228 971 1437 1026 πνεύματι,
1478 974 1543 1013 ἵνα
1565 970 1612 1012 τοὶ
1635 970 1839 1028 ἀμφότερα
1864 974 1938 1022 ἕξι-

399 1038 538 1096 σχύσῃ·
570 1042 636 1081 ἵνα
660 1041 726 1082 καὶ
747 1039 991 1093 καυχώμενοι
1009 1043 1050 1082 οἵ
1069 1041 1157 1095 περὶ
1178 1041 1330 1095 Πέτρον
1352 1042 1502 1089 δείξωσι
1524 1038 1594 1092 τὴν
1617 1037 1812 1094 άληθινήν
1835 1057 1938 1082 πτω-

399 1109 525 1159 χείαν,
557 1107 636 1158 ὅτι,
675 1106 881 1163 Ἀργύριον
906 1109 972 1149 καὶ
994 1110 1154 1163 χρυσίον
1179 1106 1248 1160 οὐχ
1276 1106 1440 1162 ὑπάρχει
1465 1124 1550 1160 μοι,
1588 1105 1611 1148 ὃ
1636 1108 1677 1149 δὲ
1697 1109 1790 1161 ἔχω,
1821 1106 1937 1150 τοῦτό

397 1188 459 1216 σοι
488 1177 647 1229 δίδωμι·
690 1178 730 1218 έν
761 1181 814 1232 τῷ
849 1174 1012 1228 ὀνόματι
1042 1173 1170 1228 Ἰησοῦ
1205 1180 1378 1230 Χριστοῦ
1410 1173 1578 1225 ἀνάστα,
1620 1176 1686 1216 καὶ
1722 1174 1935 1230 περιπάτει.

384 1241 470 1283 Ἵνα
497 1241 613 1294 φύσει
634 1243 702 1285 τὸν
726 1241 973 1296 μακαρισμὸν
995 1247 1072 1283 τῶν
1103 1247 1267 1295 πτωχῶν
1299 1241 1456 1299 σημάνῃ
1492 1240 1545 1294 μὴ
1577 1241 1782 1285 ἀντίθετον
1808 1242 1935 1298 ’ὑπάρ-

226 2483 292 2510 pag.
309 2476 367 2502 702.

207 2743 296 2785 Κεφ.
317 2742 382 2785 κγ’.

394 1327 511 1362 χοντα
536 1310 636 1364 πρὸς
672 1310 740 1352 τόν
770 1308 1020 1365 μακαρισμὸν
1052 1313 1128 1350 τῶν
1157 1314 1322 1363 πτωχῶν
1352 1308 1450 1351 κατοέ
1478 1314 1654 1363 πνεῦμα,
1697 1312 1837 1360 οἵτινες
1867 1312 1935 1365 μέν

397 1379 467 1419 εἰσι
488 1379 716 1431 κεκτημένοι
738 1376 821 1419 τινά
844 1375 937 1430 μετά
958 1375 1226 1430 δικαιοσύνης,
1259 1378 1405 1430 πτωχοὶ
1425 1378 1467 1418 δέ
1487 1379 1559 1418 εἰσι
1578 1384 1934 1432 ταπεινοφρονοῦν-

395 1461 473 1493 τες·
515 1447 605 1499 περὶ
637 1440 693 1486 ῶν
721 1447 866 1500 ἔλεγεν,
908 1442 1144 1497 Ἐπείνασα,
1174 1446 1241 1486 καὶ
1275 1444 1445 1486 ἐδώκατέ
1468 1462 1533 1498 μοι
1557 1451 1717 1501 φαγεῖν,
1748 1447 1933 1502 ἐδίψησα,

394 1514 460 1554 καὶ
483 1514 684 1555 ἐποτίσατέ
709 1530 768 1566 με,
799 1513 866 1554 καὶ
889 1510 935 1553 τά
962 1513 1058 1565 ἑξῆς.
1119 1510 1220 1554 Εἶτα
1242 1511 1379 1568 φράζει
1398 1514 1517 1568 λέγων
1540 1512 1620 1564 ὅτι,
1663 1508 1782 1556 Οὗτοι
1803 1516 1935 1568 ε’ποίη-

393 1596 465 1623 σαν
490 1583 532 1624 ἐκ
553 1586 632 1623 τῶν
659 1579 917 1635 ὑπαρχόντων
943 1579 1088 1630 αὐτοῖς.
1149 1582 1229 1621 Καὶ
1250 1586 1415 1635 θεωρεῖς
1435 1583 1481 1622 ἓν
1501 1582 1568 1623 καὶ
1593 1580 1635 1623 τὸ
1659 1580 1754 1623 αὐτὸ
1779 1587 1935 1636 πνεῦμα

391 1651 432 1691 έν
463 1652 609 1706 παλαιᾷ
636 1648 789 1702 πτωχόν
819 1647 1033 1689 4δεικνύον
1065 1649 1132 1690 καὶ
1158 1647 1366 1699 πλούσιον,
1410 1648 1490 1702 ἅμα
1528 1650 1595 1691 καὶ
1627 1650 1669 1691 έν
1702 1654 1821 1707 καινῇ
1849 1652 1933 1692 δια-

390 1716 521 1775 θήκῃ,-
552 1716 594 1759 τὸ
621 1715 714 1758 αὐτὸ
740 1715 792 1766 ῶς
813 1718 879 1758 καὶ
903 1714 925 1757 ὁ
950 1715 1076 1771 σωτήρ
1101 1718 1254 1758 ἐπαινεῖ
1275 1715 1322 1757 τοὶ
1345 1714 1558 1772 ἀμφότερα.
1621 1717 1833 1772 Προςέχων
1857 1716 1930 1773 γάρ

391 1789 445 1842 τῷ
478 1787 749 1841 γαζοφυλακίῳ
784 1786 872 1826 5ἴδε
906 1782 999 1832 τούς
1034 1783 1246 1837 βάλλοντας
1282 1786 1337 1833 εἰς
1373 1783 1441 1826 τόν
1481 1786 1715 1840 κορβωνᾶν,
1757 1786 1824 1826 καὶ
1861 1784 1934 1827 οὐκ

394 1851 640 1907 ἀπηγόρευσε
670 1855 865 1894 πλουσίων
887 1850 935 1893 τά
971 1852 1174 1905 6δόματα,
1208 1851 1369 1910 ἐπῄνεσε
1393 1852 1433 1893 δὲ
1461 1854 1526 1893 καὶ
1556 1851 1628 1906 τὴν
1651 1851 1698 1893 τά
1719 1851 1791 1894 δύο
1814 1849 1933 1894 λεπτοὶ

393 1923 631 1974 βεβληκυῖαν
654 1919 795 1974 χήραν,
838 1919 901 1961 διά
922 1918 993 1973 τὴν
1014 1921 1301 1975 προειρημένην
1321 1922 1531 1973 πτωχείαν,
1571 1922 1636 1962 ἵνα
1663 1925 1859 1979 πληρωθῇ
1888 1919 1931 1963 τό

389 1988 675 2042 γεγραμμένον,
715 1987 914 2036 Πλούσιος
936 1989 1004 2029 καὶ
1027 1989 1148 2041 πένης
1179 1987 1423 2041 συνήντησαν
1445 1987 1642 2040 άλλήλοις,
1683 1986 1707 2030 ὁ
1729 1989 1771 2029 δὲ
1795 1987 1932 2044 κύριος

389 2054 482 2104 τούς
507 2054 757 2110 ἀμφοτέρους
789 2057 956 2109 ἐποίησε.
1022 2057 1097 2097 Καὶ
1135 2055 1196 2097 ὅτι
1233 2055 1301 2108 μὲν
1332 2061 1452 2096 ταῦτα
1483 2055 1610 2104 οὕτως
1636 2057 1731 2109 ἔχει,
1774 2057 1843 2097 καὶ
1871 2055 1932 2098 ὅτι

390 2121 430 2164 τό
461 2122 558 2164 αὐτό
587 2124 664 2164 ε’στι
689 2127 843 2175 πνεῦμα
876 2127 1046 2172 παλαιᾶς
1074 2141 1113 2164 τε
1141 2125 1208 2165 καὶ
1230 2128 1368 2175 καινῆς
1388 2122 1607 2178 διαθήκης,
1644 2123 1718 2178 ὅρα
1741 2121 1809 2165 τόν
1831 2122 1930 2165 άπό-

388 2195 523 2232 στολον
543 2191 702 2245 λέγοντα
726 2192 815 2244 περὶ
835 2188 1005 2245 α’ρχαίων
1031 2196 1270 2246 προφητῶν,
1300 2190 1513 2244 Ἐπιλείψει
1535 2209 1601 2244 μοι
1625 2189 1648 2233 ὁ
1673 2190 1817 2245 χρόνος
1847 2194 1930 2245 διη-

389 2259 567 2315 γουμένῳ
594 2259 683 2313 περὶ
707 2257 881 2310 Γεδεών,
915 2258 1070 2314 Βαράκ,
1102 2258 1307 2312 Σαμψών,
1342 2258 1554 2311 7Ἰεφθάε,
1587 2261 1732 2312 Δαβὶδ,
1762 2260 1830 2300 καὶ
1852 2264 1929 2302 λοι-

390 2330 476 2367 πῶν
497 2331 733 2380 προφητῶν,
773 2329 913 2375 οἴτινες
937 2331 1154 2381 περιῆλθον
1181 2328 1221 2368 ἐν
1254 2332 1467 2380 μηλωταῖς,
1508 2329 1549 2369 ἐν
1579 2329 1738 2382 αἰγείοις
1767 2327 1928 2382 δέρμασι

393 2392 751 2447 8κακουχούμενοι,
792 2393 1162 2449 στενοχωρούμενοι,
1206 2395 1462 2448 θλιβόμενοι,
1504 2389 1560 2436 ῶν
1591 2393 1664 2436 οὐκ
1688 2389 1737 2448 ἧν
1768 2393 1875 2444 ἄξιος
1904 2393 1929 2437 ὅ

387 2460 541 2513 κόσμος.
586 2460 824 2516 Εὑρήκαμεν
848 2461 919 2517 γάρ
950 2467 966 2491 9
980 2463 1045 2503 καὶ
1062 2460 1224 2504 ”Ησα”ι”αν
1246 2463 1500 2516 ἐνδεδυμένον
1520 2461 1682 2513 σάκκον,
1707 2463 1775 2504 καὶ
1794 2460 1927 2503 Ἠλίαν

389 2527 584 2578 ῶςαύτως.
646 2531 723 2570 Καὶ
754 2528 852 2587 ὁρᾷς
875 2534 959 2578 πῶς
985 2533 1257 2584 μακαρίζονται
1283 2532 1324 2571 ἐν
1347 2534 1496 2587 παλαιᾷ
1517 2531 1585 2571 καὶ
1605 2534 1722 2587 καινῇ
1747 2528 1925 2588 διαθήκῃ

388 2599 429 2637 οἱ
455 2598 602 2650 πτωχοὶ
632 2595 681 2638 δι’
712 2595 931 2650 εὐσέβειαν,
962 2599 1026 2639 καὶ
1051 2600 1327 2653 μακαρίζονται
1356 2597 1535 2640 πλούσιοι
1566 2597 1632 2639 διὰ
1660 2597 1923 2650 δικαιοσύνην.

499 2731 599 2774 Εἶτα
629 2733 746 2774 πάλιν
774 2733 872 2788 λέγει
903 2731 925 2775 ὁ
955 2730 1073 2782 αὕτὸς
1104 2730 1274 2785 Μάνης,
1316 2731 1368 2774 Ἡ
1391 2732 1538 2775 παλαιά
1568 2730 1764 2785 διαθήκη,
1809 2733 1921 2786 φησὶ,

432 2879 508 2910 CAP.
529 2880 712 2912 LXXXII.
737 2899 781 2904 —
819 2881 846 2913 1.
872 2877 941 2914 ἀλλ’
956 2883 1043 2913 codd.
1057 2891 1129 2913 mss.
1220 2881 1250 2914 3.
1275 2879 1312 2915 δὲ
1335 2882 1537 2921 particulam,
1560 2889 1639 2920 quae
1655 2881 1739 2911 abest
1758 2881 1797 2911 ab
1816 2881 1919 2921 editis,

385 2920 468 2957 ἀλλὰ
492 2927 576 2956 editi.
1175 2929 1293 2959 restitui
1315 2937 1353 2958 ex
1377 2927 1466 2958 codd.
1486 2935 1560 2958 mSS.

427 2970 458 3000 2.
486 2970 581 3000 Verba
606 2967 709 3011 φύσει
733 2969 886 3014 πτωχοὺς
912 2973 1128 3004 desiderantur
1219 2969 1249 3002 4.
1276 2969 1436 3005 δεικνύων
1460 2971 1549 3002 codd.
1573 2979 1643 3001 mss.
1667 2972 1693 3001 et
1716 2971 1764 3001 ed.
1785 2971 1882 3009 princ.

383 3016 415 3045 in
438 3015 483 3045 ed.
511 3016 616 3046 Ρειαυ.
645 3016 746 3046 Colon.
773 3020 861 3057 repet.
1218 3015 1247 3047 ὁ.
1275 3013 1344 3049 εἶδε
1362 3018 1467 3055 leyisse
1484 3016 1626 3047 videntur
1639 3016 1809 3047 Cornarius
1829 3018 1920 3054 alque
