2066 3319
170 1105 236 1133 pag.
254 1097 312 1126 455.

146 1771 233 1815 Κεφ.
254 1770 312 1815 λγ’.

335 198 413 237 106
893 202 1053 234 εΑΝοτι
1077 204 1298 236 EPIPHANH

1322 280 1391 294 uf!

334 285 575 333 κατασκηνοῖ
607 279 630 321 ὁ
662 278 775 330 θεὸς,
813 280 1086 333 πληρουμένου
1115 285 1186 322 τοῦ
1218 283 1339 333 ῥητοῦ
1369 298 1448 332 οτι,
1486 279 1787 334 Κατασκηνώσω
1817 282 1859 323 ἐν

333 347 484 397 αὐτοῖς,
516 348 581 388 καὶ
605 346 916 400 ἕμπεριπατήσω.
965 345 1154 400 ”Εμελλεν
1185 343 1255 389 οὖν
1283 347 1409 400 πλάνη
1437 366 1492 397 τις
1519 352 1696 403 γίνεσθαι
1727 350 1767 390 ἒν
1797 366 1858 389 πι-

332 422 459 466 στοῖς,
491 417 525 456 εἰ
547 414 600 468 μή
624 413 650 468 ἦ
676 417 807 468 βίβλος
838 420 1109 467 πνευματικαῖς
1133 413 1228 467 ήμῖν
1248 414 1531 469 ἀπεκαλύφθη,
1569 419 1636 457 ἵνα
1666 415 1859 469 μάθωμεν

332 482 384 538 μή
409 486 626 538 σαλπίγγων
647 481 743 524 εἶναι
765 486 913 537 χρείαν·
945 481 1037 523 ἀλλά
1059 484 1212 533 εἰδέναι,
1243 483 1302 524 ὅτι
1324 483 1563 537 πνευματική
1586 486 1687 526 ἐστιν
1705 482 1732 536 ἦ
1753 488 1859 525 πᾶσα

331 556 402 592 τοῦ
424 555 522 592 θεοῦ
553 554 814 605 πραγματεία,
845 553 910 592 ἵνα
935 550 989 603 μή
1017 549 1114 591 κατά
1138 549 1207 598 τοὶς
1233 548 1458 600 Ἰουδαϊκάς
1487 557 1626 604 χαλκᾶς
1651 551 1861 607 σάλπιγγας

330 618 530 672 λάβωμεν,
562 618 587 671 ἢ
609 617 802 673 ἀργυρᾶς,
834 616 927 659 α’λλά
951 622 1222 671 πνευματικῶς
1244 618 1485 672 ἐννοήσωμεν
1512 617 1564 668 ὥς
1593 618 1657 661 ἀπ’
1688 618 1861 672 ούρανοῦ

332 684 429 727 εἶναι
457 690 525 738 τῆς
549 688 749 739 ἐκκλησίας
771 686 814 727 vo*
837 685 1029 740 κήρυγμα.
1077 684 1155 734 (Ὡς
1175 687 1240 727 καὶ
1264 685 1355 739 άλλη
1380 704 1460 728 που
1484 685 1609 737 εἶπεν,
1638 685 1713 728 Ἐν
1733 689 1860 745 ἐκείνῃ

331 759 376 812 τῇ
403 752 528 811 ἡμέρᾳ
553 758 805 796 σαλπίσουσιν
827 756 868 795 ἐν
890 759 936 812 τῇ
959 753 1137 808 σάλπιγγι
1159 758 1205 811 τῇ
1227 753 1381 811 μεγάλῃ.
1425 753 1644 809 Σάλπιγγες
1665 754 1736 810 γάρ
1761 749 1860 807 ἦσαν

331 825 372 863 οἱ
391 827 606 875 προφῆται,
637 822 795 878 σάλπιγξ
819 823 860 863 δὲ
882 822 1025 877 μεγάλη
1049 820 1075 875 ἦ
1101 820 1191 876 άγία
1216 820 1330 874 φωνή
1352 826 1421 863 τοῦ
1443 825 1582 876 κυρίου
1607 824 1648 863 ε’ν
1674 827 1727 878 τῷ
1751 820 1860 877 εύαγ-

330 893 451 946 γελίῳ.
512 888 591 931 Διά
621 895 735 932 τοῦτο
768 891 834 931 καὶ
869 888 1040 945 ἀγγέλοις
1072 889 1196 942 ἐδόθη
1225 888 1480 941 ἀποκαλύψαι
1511 888 1616 942 ἡμῖν.
1674 893 1861 931 Σαλπίσει

329 957 416 1013 γάρ,
448 960 559 1011 φησὶ,
591 960 657 1000 καὶ
680 961 720 1000 οἷ
739 959 865 1013 νεκροὶ
893 956 1182 1011 ἀναστήσονται.
1238 959 1294 998 Εἰ
1314 958 1355 998 δὲ
1378 956 1618 1011 χλευάζονται
1639 956 1728 1012 παρ’
1752 955 1859 1011 ύμῖν,

331 1021 361 1067 ὦ
388 1021 521 1077 οὗτοι,
562 1029 605 1067 αἱ
632 1031 708 1067 τῶν
742 1025 911 1082 ἀγγέλων
946 1027 1170 1081 σάλπιγγες,
1202 1025 1266 1067 διὰ
1290 1024 1333 1067 vd
1367 1027 1408 1067 ἐν
1434 1031 1481 1084 τῇ
1507 1024 1774 1077 Ἀποκαλύψει
1801 1042 1859 1081 γε-

332 1093 533 1149 γράφθαι,
564 1094 774 1148 χλευάζεται
798 1094 874 1149 ἄρα
899 1096 964 1136 καὶ
989 1093 1016 1147 ἡ
1037 1093 1145 1148 παρά
1177 1099 1230 1151 τῷ
1260 1091 1356 1151 άγίῳ
1384 1092 1587 1151 ἀποστόλω
1620 1093 1780 1148 σάλπιγξ
1811 1095 1857 1135 ειῖ-

331 1163 497 1216 ρημένη·
544 1161 838 1215 Καταβήσεται,
871 1164 1012 1215 φησὶν,
1044 1160 1109 1203 ἀπ’
1137 1160 1313 1215 ούρανοῦ
1346 1163 1386 1203 ἐν
1417 1167 1462 1219 τῇ
1498 1161 1636 1220 ἐσχάτῃ
1666 1161 1860 1217 σάλπιγγι,

331 1232 394 1271 καὶ
420 1232 458 1271 οἷ
481 1233 609 1285 νεκροὶ
636 1229 916 1283 ἀναστήσονται
937 1232 977 1272 ἐν
998 1235 1045 1288 τῇ
1075 1229 1213 1287 ἐσχάτῃ
1235 1228 1383 1286 ἡμέρᾳ,
1414 1231 1455 1271 ἐν
1478 1235 1592 1287 φωνῇ
1615 1228 1858 1285 ἀρχαγγέλου.

331 1297 583 1355 Συνᾴδοντος
617 1302 746 1340 τοίνυν
771 1303 840 1340 τοῦ
864 1297 1083 1339 ἀποστόλου
1112 1302 1165 1354 τῷ
1196 1296 1290 1355 άγίῳ
1315 1296 1516 1355 ἀποστόλω
1545 1296 1713 1356 Ἰωάννῃ
1744 1299 1785 1340 ἐν
1812 1303 1860 1356 τῇ

328 1364 591 1418 ’Λποκαλύψει
606 1401 615 1417 ,
647 1369 741 1408 ποία
764 1383 822 1415 τις
842 1364 1092 1407 ὑπολείπεται
1115 1363 1329 1420 ἀντιλογίας
1359 1370 1444 1414 πῶς
1466 1366 1508 1407 δὲ
1530 1364 1603 1407 οὐκ
1627 1364 1749 1414 εὐθύς
1772 1366 1859 1407 ἓκά-

330 1449 397 1487 στη
429 1433 553 1487 πλάνη
590 1433 875 1489 ἐλεγχθήσεται,
915 1438 984 1475 τοῦ
1015 1438 1115 1475 θεοῦ
1147 1435 1187 1474 ἐν
1214 1432 1361 1490 ἑκάστῳ
1392 1438 1469 1475 τῶν
1496 1431 1617 1489 ἁγίων
1646 1432 1860 1483 δεδωκότος

328 1505 542 1557 μαρτυρίαν
551 1521 561 1552 ,-

443 1772 546 1815 Εἶτά
570 1791 668 1822 τινες
691 1775 728 1823 ἐξ
750 1772 880 1815 αὐτῶν
901 1772 1019 1815 πάλιν
1045 1772 1370 1827 ἐπιλαμβάνονται
1399 1771 1542 1815 τούτου
1570 1777 1641 1815 τοῦ
1664 1775 1787 1827 ῥητοῦ
1817 1775 1858 1816 ἐν

328 1847 374 1900 τῇ
395 1841 662 1894 Ἀποκαλύψει
684 1847 730 1899 τῇ
754 1840 874 1900 αὐτῇ,
903 1842 970 1883 καὶ
994 1841 1215 1893 φάσκουσιν
1237 1840 1512 1896 ἀντιλέγοντες,
1543 1840 1604 1883 ὅτι
1626 1840 1708 1883 εἷπε
1728 1841 1856 1895 πάλιν,

333 1909 500 1964 Γράψον
528 1915 580 1967 τῷ
605 1908 750 1967 ἀγγέλῳ
776 1915 844 1963 τῆς
870 1912 1072 1963 ἐκκλησίας
1092 1915 1145 1968 τῷ
1172 1912 1213 1952 ἐν
1239 1912 1486 1962 Θυατείροις,
1517 1911 1584 1950 καὶ
1607 1908 1678 1951 οὐκ
1700 1912 1757 1952 ἔνι
1780 1912 1862 1953 ε’κεῖ

329 1979 506 2031 ἐκκλησία
543 1981 788 2033 Χριστιανῶν
819 1980 860 2019 ἐν
894 1981 1097 2036 Θυατείρῃ.
1160 1983 1257 2027 Πῶς
1292 1973 1363 2019 οὗν
1395 1979 1540 2032 ἔγραφε
1576 1983 1623 2035 τῇ
1653 1978 1705 2032 μή
1734 1977 1854 2037 οὔσῃ,

330 2047 408 2087 Καὶ
433 2044 675 2100 εὑρίσκονται
697 2048 736 2087 οἵ
756 2051 925 2087 τοιοῦτοι
951 2045 1112 2095 ἑαυτούς
1134 2045 1409 2101 ἀναγκάζοντες
1430 2047 1468 2095 ἐξ
1491 2044 1619 2087 αὐτῶν
1642 2041 1697 2087 ὧν
1716 2046 1856 2101 κηρύτ-

328 2128 436 2156 τουσι
459 2112 558 2154 κατά
581 2119 647 2167 τῆς
677 2112 864 2166 ἀληθείας
887 2112 1098 2169 ὁμολογεῖν.
1156 2113 1256 2155 Ἐάν
1280 2112 1352 2169 γάρ
1378 2115 1557 2165 εἴπωσιν,
1593 2112 1677 2155 Οὔκ
1701 2116 1759 2155 ἔνι
1785 2119 1857 2156 νῦν

328 2184 508 2235 ε’κκλησία
550 2183 602 2230 εἰς
644 2181 857 2235 Θυάτειρα,
903 2182 1123 2224 δεικνύουσι
1164 2182 1525 2237 πεπροφητευκέναι
1559 2181 1626 2223 τὸν
1653 2180 1855 2236 Ἰωάννην,

327 2249 643 2303 Ἐνοικησάντων
668 2248 740 2305 γάρ
765 2249 914 2291 τούτων
939 2252 1058 2292 ἐκεῖσε
1079 2252 1145 2291 καὶ
1168 2255 1246 2292 τῶν
1270 2248 1367 2291 κατά
1392 2248 1564 2304 Φρύγας,
1594 2251 1707 2302 δίκην
1727 2249 1856 2292 λύκων

329 2317 586 2373 άρπαξάντων
610 2317 679 2366 τάς
707 2320 883 2366 διανοίας
915 2323 992 2360 τῶν
1022 2317 1212 2372 ἀκεραίων
1235 2323 1402 2368 πιστῶν,
1433 2316 1668 2372 μετήνεγκαν
1691 2316 1761 2371 τὴν
1783 2323 1856 2360 m}-

331 2402 401 2428 σαν
432 2385 548 2428 πόλιν
576 2388 629 2435 εἰς
658 2384 728 2438 τήν
758 2383 888 2427 αὐτῶν
921 2388 1086 2439 αἵρεσιν,
1117 2389 1159 2428 οἳ
1177 2403 1215 2427 τε
1237 2384 1467 2439 ἀρνούμενοι
1497 2384 1567 2437 τήν
1587 2383 1856 2438 Ἀποκάλυψιν

327 2460 395 2496 τοῦ
431 2454 548 2508 λόγου
581 2453 723 2496 τούτου
757 2455 812 2501 εἰς
844 2452 1070 2508 ἀνατροπὴν
1106 2452 1188 2495 κατ’
1220 2456 1370 2495 ἐκείνου
1401 2457 1540 2506 καιροῦ
1572 2454 1853 2505 ἐστρατεύοντο.

330 2527 419 2563 Νῦν
445 2523 484 2563 δὲ
506 2521 570 2564 διά
594 2521 660 2564 τόν
687 2521 826 2576 κύριον
848 2523 888 2563 ἕν
910 2526 964 2578 τῷ
985 2523 1111 2579 χρόνῳ
1131 2521 1277 2579 τούτῳ,
1308 2519 1401 2574 μετά
1424 2519 1562 2574 χρόνον
1584 2521 1722 2563 ἕκατον
1743 2525 1853 2564 δεκα-

328 2589 400 2631 δύο
424 2592 539 2640 ἐτῶν,
572 2592 675 2632 ἔστιν
696 2588 722 2643 ἦ
746 2592 947 2642 ἐκκλησία,
978 2591 1044 2630 καὶ
1066 2588 1194 2640 αὔξει,
1226 2590 1293 2631 καὶ
1319 2588 1426 2630 ἄλλαι
1446 2589 1546 2637 τινὲς
1576 2591 1695 2631 ἐκεῖσε
1716 2590 1852 2645 τυγχά-

327 2673 456 2699 νουσι·
486 2656 572 2699 τότε
596 2659 637 2700 δὲ
668 2656 694 2710 ἡ
715 2663 821 2699 πᾶσα
844 2659 1022 2710 ἐκκλησία
1045 2657 1222 2710 ἒκενώθη
1257 2659 1310 2706 εἰς
1334 2655 1403 2710 τήν
1424 2656 1522 2698 κατά
1549 2656 1718 2712 Φρύγας.
1777 2656 1851 2699 And

328 2728 394 2767 καὶ
427 2726 642 2768 ἐσπούδασε
672 2725 715 2768 τὸ
744 2725 854 2781 ἅγιον
880 2730 1032 2779 πνεῦμα
1065 2724 1319 2777 ἀποκαλύψαι
1342 2723 1457 2778 ἡμῖν,
1499 2729 1583 2774 πῶς
1606 2727 1731 2778 ἔμελλε
1760 2730 1850 2766 πλα-

327 2799 469 2835 νᾶσθαι
495 2793 521 2847 ἦ
543 2796 722 2846 ἐκκλησία
747 2793 839 2846 μετά
861 2792 927 2835 τὸν
949 2792 1089 2847 χρόνον
1114 2798 1192 2835 τῶν
1220 2792 1467 2844 ἀποστόλων,
1497 2797 1568 2834 τοῦ
1598 2809 1636 2834 τε
1661 2791 1851 2834 Ἰωάννου

329 2863 394 2902 καὶ
412 2867 487 2903 τῶν
509 2865 696 2915 καθεξῆς·
728 2863 773 2911 ὃς
792 2857 838 2915 ἦν
859 2860 998 2916 χρόνος
1018 2860 1111 2914 μετά
1132 2866 1202 2902 τοῦ
1223 2866 1397 2916 σωτῆρος
1419 2860 1616 2914 ἀνάληψιν
1639 2861 1701 2902 ἐπὶ
1723 2860 1849 2914 ἐνενή-

327 2947 445 2971 κοντα
467 2931 533 2970 καὶ
554 2931 677 2985 τρισὶν
700 2931 833 2982 ἔτεσιν,
866 2928 919 2978 ὦς
941 2928 1148 2983 μελλούσης
1167 2933 1234 2983 τῆς
1252 2931 1371 2972 ε’κεῐσε
1392 2931 1593 2983 ἐκκλησίας
1612 2933 1848 2984 πλανᾶσθαι,
