2066 3319
212 1227 300 1270 Κεφ.
323 1224 377 1271 ιβ’.

232 1450 299 1478 pag.
318 1442 377 1469 629.

214 2467 300 2510 Κεφ.
325 2465 376 2510 ιγ’.

404 185 484 223 418
965 190 1127 224 εΑΝοΤΙ
1150 192 1376 224 EPIPHANII

407 269 486 308 Καὶ
510 272 579 309 τοῦ
611 266 828 323 Τρύφωνος
853 268 1148 321 ἰνδαλλομένου,
1179 268 1465 325 ἀποκριθέντος
1486 270 1527 311 δὲ
1555 275 1572 298 ⁶
1587 269 1690 328 αύτῷ
1718 269 1819 325 πρὸς
1840 271 1935 320 ἔπος

407 331 462 377 ὦν
484 334 602 393 ᾔτησε
623 334 721 376 κατά
742 334 813 388 τὴν
840 337 881 377 ἐκ
901 340 1002 377 θεοῦ
1024 339 1209 379 δοθεῖσαν
1230 335 1335 394 αὐτῷ
1355 336 1530 388 σύνεσιν,
1560 340 1627 380 καὶ
1648 338 1935 393 στροβήσαντος

405 402 473 445 τὸν
493 401 703 445 α’πατεῶνα
723 402 791 445 τὸν
814 403 966 459 7ἠρέμα
982 422 1066 453 πως
1085 406 1126 446 ἐν
1143 400 1175 462 ᾦ
1194 406 1319 463 ἐαυτῷ
1338 407 1561 458 ἐνεδοίαζεν,
1584 405 1796 448 ἆνακύπτει
1811 405 1832 448 ὁ
1851 405 1934 462 Ἀρ-

403 473 536 526 χέλαος
559 471 685 526 ὥςπερ
704 471 861 527 ἰσχυρός
882 471 1160 526 οἰκοδεσπότης
1179 478 1256 514 τῶν
1278 476 1387 516 ἰδίων
1409 473 1721 528 ἐπιμελούμενος,
1751 476 1818 516 καὶ
1841 473 1934 528 μετά

404 543 624 596 παρρησίας
646 539 825 581 ἐπελθών
845 544 898 597 τῷ
922 545 1041 582 συλᾶν
1065 542 1319 596 ἐπιχειροῦντι
1341 544 1585 598 ἐνεβριμεῖτο.
1645 540 1788 591 Εὕθῦς
1813 543 1855 584 δὲ
1879 541 1933 592 ὥς

404 607 503 650 εἶδεν
536 606 558 650 ὁ
583 607 732 662 Μάνης
761 607 829 650 τὸν
857 606 1078 663 Ἀρχέλαον,
1114 607 1454 665 δῦποκοριστικῶς
1480 609 1572 653 καθ’
1602 608 1812 665 ὑπόκρισιν
1842 611 1933 663 ἔφη,

400 675 480 718 ’Έα
504 694 551 730 με
571 676 672 732 πρὸς
700 676 897 732 Τρύφωνα
928 679 1190 733 διαλέγεσθαι·
1223 676 1448 733 ὑπερβαίνει
1469 678 1541 734 γάρ
1563 695 1608 732 με
1629 678 1671 720 τό
1696 677 1766 721 σὸν
1786 677 1935 732 ἀξίωμα

403 745 469 787 διά
492 744 560 788 τόν
585 747 809 787 ἐπίσκοπον.
867 744 909 786 Ὁ
933 746 974 787 δὲ
994 747 1061 787 καὶ
1085 745 1179 798 μετά
1204 747 1379 802 ἐλέγχους
1403 752 1473 789 τοῦ
1498 746 1616 802 λόγου
1640 749 1792 801 μείζονα
1815 745 1935 789 αὐτόν

401 812 619 870 ’ὑποκριτὴν
645 813 852 864 ἀποδείξας
879 813 1182 868 9ἆπεφίμωσεν,
1212 819 1290 857 τῶν
1320 816 1362 856 δὲ
1391 813 1456 856 ὑπ’
1482 817 1631 857 ἐκείνου
1665 815 1935 870 προτεθέντων

401 881 528 938 λόγων
548 881 618 931 τάς
643 883 837 931 ἐπιλύσεις
858 882 1119 936 ποιησάμενος
1141 878 1263 932 αὖθις
1287 885 1341 932 εἶς
1367 882 1552 937 αἰσχύνην
1574 882 1694 925 αὐτόν
1716 884 1933 937 κατέστησε,

402 953 537 1005 μηκέτι
558 950 776 1004 δυνάμενον
797 953 957 1005 διαίρειν
980 950 1112 1004 στόμα.
1178 953 1229 992 Οἱ
1247 951 1288 993 δὲ
1308 953 1395 993 λαοὶ
1416 956 1529 1004 ζῆλον
1550 950 1666 993 πάλιν
1687 949 1935 1005 ἀνειληφότες

403 1021 615 1076 ἐπειρῶντο
641 1019 711 1062 τὸν
733 1018 930 1075 ἀλιτήριον
952 1022 1271 1075 διαχειρίσασθαι.
1329 1018 1373 1060 Ὁ
1397 1020 1438 1061 δὲ
1457 1018 1637 1075 άποδράς
1657 1019 1748 1069 τούς
1770 1018 1933 1073 δήμους,

401 1089 469 1131 καὶ
492 1090 546 1137 εἰς
570 1087 639 1131 τόν
661 1089 943 1145 προειρημένον
969 1087 1185 1130 Κάστελλον
1210 1087 1446 1143 Ἀραβίωνος
1468 1086 1586 1130 πάλιν
1616 1085 1849 1141 1ῡοῖφῖκται.

515 1223 691 1267 Ἐκεῖθεν
716 1225 757 1266 δὲ
784 1222 807 1266 ὁ
829 1229 907 1266 τῶν
930 1228 1096 1279 Περσῶν
1120 1222 1300 1277 βασιλεύς
1329 1223 1444 1279 γνούς
1468 1223 1540 1277 τὴν
1568 1230 1639 1266 τοῦ
1663 1223 1789 1278 Μάνη
1818 1241 1933 1266 κατα-

403 1292 556 1349 φυγὴν,
588 1292 836 1343 ἀποστείλας,
867 1293 933 1334 καὶ
957 1291 1236 1347 χειρωσάμενος
1267 1290 1386 1333 αὐτὸν
1411 1293 1450 1333 ἐν
1474 1296 1529 1349 τῷ
1556 1295 1826 1350 προειρημένῳ
1851 1297 1931 1334 Κα-

400 1363 560 1420 στέλλῳ,
591 1363 646 1410 εἰς
667 1360 736 1415 τὴν
764 1363 939 1415 Περσίδα
962 1358 1109 1413 ἀτίμως
1129 1363 1380 1411 καθείλκυσε,
1413 1361 1480 1401 καὶ
1503 1359 1547 1402 τὸ
1571 1362 1693 1416 δέρμα
1718 1359 1841 1404 αὐτοῦ
1866 1379 1931 1403 κα-

401 1430 510 1488 λάμφ
532 1429 712 1478 κελεύσας
736 1430 962 1484 ἐκδαρῆναι,
993 1428 1094 1470 οὕτω
1116 1427 1187 1482 τὴν
1208 1431 1397 1483 τιμωρίαν
1419 1427 1524 1485 αύτῷ
1547 1426 1758 1471 ἀπέδωκεν.
1805 1429 1934 1471 ΓΌθεν

400 1500 466 1541 καὶ
490 1499 698 1553 ἐκδαρέντα
721 1496 883 1555 καλάμῳ
913 1498 980 1539 καὶ
1009 1495 1078 1538 τὸν
1108 1494 1229 1539 άσκὸν
1255 1495 1378 1539 αὐτοῦ
1401 1497 1673 1550 ἐμπλησθέντα
1696 1495 1849 1552 ἀχύρων
1878 1498 1933 1539 ἔτι

401 1569 468 1610 καὶ
493 1570 607 1623 δεῦρο
633 1568 674 1609 ἐν
698 1569 862 1621 Περσίδι
891 1567 1030 1619 ἔχουσι.
1092 1566 1171 1606 Καὶ
1203 1564 1307 1607 οὕτω
1338 1563 1406 1606 τόν
1434 1567 1520 1618 βίον
1551 1566 1798 1621 κατέστρεψε.
1857 1564 1931 1607 Διό

401 1634 513 1678 αὐτοὶ
537 1638 578 1678 οἵ
596 1640 816 1689 Μανιχαῖοι
839 1635 903 1676 ἐπὶ
930 1632 1118 1687 καλάμοις
1142 1631 1211 1682 τάς
1234 1636 1366 1682 κοίτας
1388 1631 1518 1676 αὐτῶν
1541 1638 1756 1676 ποιοῦνται.
1818 1633 1932 1676 Οὕτω

401 1705 443 1745 δὲ
473 1702 594 1745 αὐτοῦ
619 1700 916 1753 οἷποθανόντος,
947 1703 1013 1744 καὶ
1037 1704 1342 1754 καταλείψαντος
1367 1700 1460 1751 τους
1489 1703 1629 1744 ἑαυτοῦ
1653 1700 1835 1755 μαθητάς
1864 1700 1933 1751 οὓς

401 1776 581 1826 εἴπομεν,
610 1770 775 1822 Ἀδδᾶν,
807 1772 873 1813 καὶ
902 1773 1069 1824 Θωμᾶν,
1100 1772 1167 1812 καὶ
1184 1768 1384 1826 Ἑρμείαν,
1415 1771 1509 1825 πρὶν
1533 1769 1560 1824 ἢ
1583 1769 1703 1813 αὐτὸν
1725 1768 1796 1824 τήν
1819 1772 1932 1824 δίκην

401 1839 612 1895 ἀπολαβεῖν
644 1839 743 1882 κατα
771 1838 838 1881 τὸν
861 1840 1129 1892 δεδηλωμένον
1150 1840 1318 1895 τρόπον,
1349 1833 1448 1892 ἦσαν
1474 1836 1752 1888 άποσταλέντες
1772 1836 1838 1880 ὑπ’
1862 1836 1929 1880 αὖ·

399 1914 491 1961 τοῦ,
523 1907 546 1951 ὅ
571 1909 640 1962 μὲν
662 1907 840 1964 Ἑρμείας
870 1910 924 1956 εἰς
948 1906 1019 1961 τήν
1042 1910 1267 1962 Αἴγυπτον,
1299 1902 1330 1965 ᾧ
1354 1908 1419 1949 καὶ
1449 1908 1657 1961 συνέτυχον
1679 1908 1814 1950 πολλοὶ
1843 1904 1930 1960 (οὐκ

399 1979 478 2020 ἔστι
502 1976 577 2033 γάρ
609 1976 874 2032 1ἀρχαίζουσα
905 1974 930 2030 ἡ
960 1978 1127 2031 αἵρεσις,
1159 1977 1224 2018 καὶ
1250 1977 1290 2017 οἱ
1316 1975 1637 2029 συντετυχηκότες
1664 1980 1719 2033 τῷ
1749 1991 1930 2031 προειρη-

403 2048 506 2104 μένῳ
528 2044 706 2102 Ἑρμεία,
738 2049 898 2102 μαθητῇ
919 2043 1003 2086 ὅντι
1025 2049 1095 2086 τοῦ
1121 2043 1260 2097 Μάνη,
1291 2042 1386 2098 ἡμῖν
1406 2042 1454 2085 τα
1477 2042 1560 2085 κατ’
1584 2042 1702 2086 αὐτὸν
1723 2042 1929 2099 διηγήσαν-

400 2121 477 2168 το)·
508 2112 649 2163 Ἀδδᾶς
669 2114 710 2155 δὲ
733 2114 797 2155 ἐπὶ
821 2111 867 2154 τά
893 2111 1108 2169 ἀνωτερικὰ
1127 2114 1242 2167 μέρη,
1277 2115 1422 2166 Θωμᾶς
1441 2113 1483 2154 δὲ
1504 2114 1567 2154 ἐπὶ
1588 2111 1659 2166 τὴν
1691 2111 1930 2163 2Ἰουδαίαν,

401 2184 439 2232 ἐξ
464 2177 520 2224 ὧν
551 2180 776 2238 ἐκρατύνθη
806 2180 848 2223 τό
882 2179 1007 2236 δόγμα
1033 2182 1143 2230 είςέτι
1171 2184 1299 2236 δεῦρο.
1348 2179 1481 2236 ’Έλεγε
1511 2181 1552 2222 δὲ
1576 2178 1715 2222 ἑαυτὸν
1738 2178 1760 2222 ὁ
1784 2179 1932 2234 Μάνης

400 2249 498 2293 εἶναι
528 2249 572 2293 τὸ
597 2255 751 2303 πνεῦμα
771 2248 814 2291 τὸ
839 2248 1102 2303 παράκλητον·
1141 2250 1209 2290 καὶ
1233 2249 1325 2291 ποτὲ
1348 2249 1416 2303 μὲν
1439 2247 1658 2291 ἀπόστολον
1682 2247 1822 2302 φάσκει
1845 2249 1932 2290 ἑαυ-

402 2318 470 2361 τὸν
489 2323 676 2374 Χριστοῦ,
706 2318 801 2360 ποτὲ
821 2318 862 2359 δὲ
883 2322 1035 2371 πνεῦμα
1057 2316 1315 2374 παράκλητον.
1376 2319 1456 2359 Καὶ
1471 2316 1590 2371 πολλὴ
1612 2321 1682 2371 τῆς
1698 2316 1932 2371 τυφλώσεως

404 2387 583 2430 3τούτων
611 2385 829 2436 κακόδοξος
859 2384 1139 2441 άλλοιοτροπία.

514 2454 721 2498 Ἐντεῦθεν
742 2452 899 2505 λοιπὸν,
932 2453 1142 2509 ἀγαπητοὶ,
1181 2457 1287 2508 χρεία
1310 2452 1404 2508 ἡμῖν
1433 2457 1576 2510 γίνεται
1602 2455 1656 2503 εἰς
1685 2452 1756 2508 τὴν
1785 2455 1932 2508 αἵρεσιν

403 2527 543 2576 εἰπεῖν,
575 2525 642 2566 καὶ
664 2525 718 2573 εἰς
741 2521 811 2577 τὴν
835 2520 955 2575 αὐτῆς
982 2521 1328 2577 ματαιοφροσύνην
1357 2521 1418 2575 (τά
1442 2521 1514 2578 γάρ
1537 2521 1785 2578 παρελθόντα
1804 2520 1931 2563 πάντα

402 2592 499 2636 κατά
521 2595 695 2648 ἷστορίαν
713 2589 1006 2647 ὑφηγησάμην),
1039 2591 1136 2632 ὅθεν
1157 2590 1206 2644 δὴ
1228 2589 1382 2646 ἄρχεται
1402 2589 1600 2632 διδάσκειν
1619 2607 1658 2632 τε
1679 2591 1744 2632 καὶ
1765 2587 1932 2645 γράφειν

401 2663 467 2703 καὶ
496 2662 617 2717 λέγειν
644 2658 667 2702 ὅ
689 2658 957 2714 χαλεπώτατος
981 2657 1128 2712 Μάνης
1160 2660 1200 2700 ἐν
1233 2663 1285 2716 τῷ
1316 2660 1404 2714 περὶ
1433 2662 1606 2708 Πίστεως
1638 2656 1786 2700 1αὐτοῦ
1814 2657 1928 2717 λόγῳ.

405 2732 572 2782 Βίβλους
595 2727 669 2785 γάρ
697 2723 826 2786 οὗτος,
846 2725 1066 2782 διαφόρους
1096 2727 1261 2776 ἐξέθετο.
1322 2729 1436 2768 Μίαν
1461 2727 1529 2780 μὲν
1555 2724 1767 2781 ἰσάριθμον
1791 2727 1929 2769 εἰκοσι-

405 2797 476 2839 δύο
506 2800 699 2851 στοιχείων
732 2801 810 2838 τῶν
839 2794 938 2838 κατὰ
967 2794 1038 2849 τὴν
1070 2799 1147 2836 τῶν
1173 2796 1318 2850 Σύρων
1348 2797 1584 2849 στοιχείωσιν
1614 2792 1663 2837 δι’
1693 2793 1930 2849 ἆλφαβήτων

447 2889 478 2922 6.
504 2887 594 2934 αὐτῷ
619 2892 689 2921 libri
711 2892 824 2930 scripti.
872 2886 974 2922 αὐτοῦ
998 2890 1080 2921 editi.
1189 2898 1253 2919 non
1274 2887 1402 2930 integre
1427 2887 1622 2926 constabat,
1646 2887 1777 2931 prosilit
1799 2892 1864 2920 cett.

446 2935 478 2968 7.
502 2937 587 2966 Libri
612 2932 725 2976 ἠρέμα
750 2935 833 2973 πῶς.
879 2937 985 2978 Ρςίαυ.
1007 2935 1142 2966 inciden-
1233 2933 1264 2965 8.
1290 2931 1510 2974 ὑποκριτικῶς
1533 2935 1579 2965 ed.
1604 2935 1709 2965 Petav.
1737 2935 1839 2966 Colon.

405 2983 479 3012 dnm
500 2983 613 3012 censuit
644 2990 705 3012 esse
735 2984 804 3011 ante
834 2979 866 3012 ἐν
889 2979 928 3023 ῴ.
977 2981 1145 3011 cornarius
1233 2976 1264 3009 9.
1288 2974 1519 3019 εἰπεφῆμωσεν
1552 2980 1657 3018 scripti
1677 2980 1747 3010 libri
1766 2982 1793 3010 et
1813 2980 1859 3011 ed.
1879 2989 1928 3019 pr.

403 3028 502 3065 vertit,
527 3025 831 3067 perstringenteque
846 3025 1058 3066 impostorem
1073 3024 1144 3067 pla·
1216 3024 1264 3055 10.
1288 3019 1439 3065 σῖφῆκται
1463 3025 1568 3063 scripti
1592 3028 1618 3055 et
1642 3025 1687 3055 ed.
1711 3034 1759 3064 pr.

406 3070 478 3102 cide
503 3069 745 3112 quodammodo
779 3071 812 3102 in
847 3069 961 3112 quibus
992 3069 1053 3102 sibi
1081 3069 1143 3112 ipsi
