2066 3319
487 191 667 225 PANARn
693 191 775 224 Lm.
800 193 843 224 n.
869 171 974 225 T'oM.
998 195 1022 225 1.
1049 194 1179 227 HAER.
1201 195 1324 229 inv.
1598 188 1674 229 361

141 276 234 312 mini
255 274 369 324 filios
408 274 532 311 venire
568 274 618 310 ad
653 287 730 319 me,
777 274 905 311 talium
944 278 1038 313 enim
1069 283 1124 314 esc
1160 291 1316 327 regnum
1354 279 1560 325 coelorum,
1606 277 1678 316 hoc

141 348 201 381 est
226 340 614 394 simplicissimorum.
676 339 980 395 Responderunt
1006 350 1134 383 autem
1164 344 1228 384 tibi
1265 344 1466 396 rudiores,
1500 359 1596 400 quos
1623 346 1678 385 di-

139 409 218 459 cis,
260 408 371 448 huius
406 422 479 462 quo
513 407 797 449 circumdamur
829 410 1005 465 corporis
1037 412 1373 453 resuscitationem
1405 427 1508 454 esse.
1573 414 1675 455 Tum

140 490 234 517 vero
268 476 394 517 denuo
427 476 646 531 compellati
682 476 749 517 abs
779 484 815 517 te
850 485 887 517 et
923 479 1174 534 interrogati,
1220 478 1357 521 Utrum
1395 482 1588 534 universi,
1628 497 1675 522 an

139 545 287 600 partis?
317 544 396 596 illi,
430 543 615 586 Universi
639 546 813 599 corporis
840 548 1092 601 respondent.
1157 547 1268 601 Quod
1294 563 1378 588 cnm
1401 556 1438 589 tu
1465 552 1676 591 secundum

138 613 330 654 modulum
359 613 592 653 multifariae
618 620 704 654 tuae
731 615 961 668 nugacitatis
987 616 1069 656 fieri
1092 630 1206 670 posse
1234 631 1377 670 neges,
1411 626 1568 672 propter
1590 633 1677 660 san-

135 681 290 736 guinem
313 680 375 736 qui
397 695 563 736 corpore
586 681 716 732 effluit,
751 691 908 738 propter
927 698 1065 724 carnes
1085 691 1122 724 et
1144 684 1289 735 crines,
1324 692 1556 740 propterque
1580 687 1675 727 alias

135 764 200 791 res
223 763 319 805 quae
353 763 422 805 per
450 757 562 805 sputa
594 751 838 804 quotidiana,
872 765 941 806 per
968 766 1082 792 nares
1108 759 1147 792 et
1172 760 1346 793 stercora
1372 754 1550 805 effluunt,
1585 769 1676 796 ecce

135 818 281 873 grande
318 825 406 859 tuae
440 832 535 873 quae
572 833 730 873 pravam
767 820 876 860 fidem
914 820 1089 874 sequitur
1123 821 1294 862 medicae
1334 822 1497 863 rationis
1535 825 1676 864 venefi-

135 887 251 938 cium,
282 887 390 927 cuius
417 901 538 942 nugas
561 887 634 927 iam
659 901 774 942 supra
797 889 1012 928 confutavit
1033 889 1097 929 ille
1118 890 1238 930 multo
1262 890 1390 945 potior
1415 891 1526 931 nobis
1551 906 1676 932 senex

135 956 408 1007 beatissimus,
443 963 481 996 et
511 954 751 996 Methodius.
813 956 870 997 At
901 957 1014 997 etiam
1053 971 1074 997 a
1112 958 1246 1009 nobis,
1289 959 1349 1013 qui
1382 958 1491 1014 parvi
1524 974 1673 1011 sumus,

135 1038 258 1080 pauca
279 1025 428 1065 audies.
477 1022 669 1078 Quicquid
693 1024 794 1065 enim
819 1025 1034 1079 quaeritur,
1066 1026 1311 1081 purissimum
1335 1028 1550 1082 quaeritur,
1577 1029 1675 1082 quod

135 1101 261 1134 autem
286 1100 480 1148 superest,
515 1093 701 1133 reiectum
729 1108 747 1133 a
772 1095 938 1149 puritate
961 1102 1021 1134 est
1046 1101 1084 1134 et
1107 1110 1182 1135 non
1207 1096 1486 1149 quaerendum.
1544 1095 1676 1138 Vesti-

134 1169 303 1203 mentum
330 1162 467 1217 quippe
491 1161 706 1202 absolutum
734 1176 784 1202 ex
810 1177 884 1216 quo
910 1170 1090 1204 texturae
1116 1178 1209 1219 opus
1233 1179 1388 1219 passum
1415 1172 1499 1217 est,
1532 1165 1677 1220 ipsum=

134 1244 207 1286 que
233 1237 292 1271 est
314 1231 404 1271 illud
430 1231 529 1285 quod
560 1231 605 1271 de
627 1230 703 1271 tela
724 1238 949 1283 resecatur,
985 1246 1109 1286 neque
1135 1240 1289 1273 auctum
1316 1248 1441 1288 neque
1471 1234 1673 1276 minutum.

135 1297 248 1353 Quod
286 1313 371 1340 cum
403 1299 536 1340 fulloni
573 1299 802 1350 tradideris,
846 1315 922 1340 non
958 1301 1151 1353 deterius,
1192 1308 1278 1342 uta
1312 1302 1480 1353 fullone,
1521 1311 1675 1358 repete-

135 1375 219 1419 tur,
253 1368 320 1409 sed
346 1368 517 1408 eiusdem
548 1367 702 1408 fullonis
731 1382 821 1408 cura
852 1369 1173 1424 perfectissimum
1202 1370 1399 1422 redditur,
1434 1379 1474 1412 ut
1496 1371 1674 1412 omnibus

134 1438 280 1478 clarum
308 1437 359 1477 sit
383 1444 422 1476 et
445 1436 516 1476 hoc
537 1450 626 1477 esse
649 1437 686 1477 in
712 1438 950 1492 perfectione
974 1445 1012 1477 et
1035 1453 1176 1493 corpus
1200 1453 1288 1480 esse
1314 1439 1406 1480 nihil
1430 1440 1673 1481 imminutum

133 1505 209 1546 nisi
250 1504 429 1546 sordibus
466 1512 505 1545 et
541 1505 725 1559 spurcitie
764 1520 858 1560 quas
899 1505 1108 1558 abiecerit,
1159 1522 1230 1548 nec
1267 1510 1436 1550 futurum
1472 1523 1558 1550 esse
1597 1510 1673 1550 ullo

134 1574 249 1615 modo
271 1581 312 1614 ut
342 1573 389 1613 iis
414 1573 537 1614 semel
558 1574 715 1615 reiectis
741 1575 828 1614 ideo
860 1589 946 1614 cum
974 1575 1153 1616 sordibus
1186 1576 1275 1617 illud
1303 1591 1321 1616 a
1352 1578 1462 1618 nobis
1496 1586 1675 1633 reposcat

134 1642 303 1693 artifex,
338 1642 406 1682 sed
437 1641 559 1697 ipsum
593 1643 720 1697 potius
751 1643 1026 1684 vestimentum
1054 1645 1202 1684 salvum
1232 1652 1270 1685 et
1295 1659 1428 1686 sanum
1458 1654 1496 1687 et
1523 1661 1676 1688 emacu-

132 1712 375 1752 latissimum.
439 1711 616 1752 Alterum
641 1725 735 1752 vero
760 1726 896 1753 rursus
922 1713 1157 1768 exemplum.
1222 1713 1335 1769 Apud
1363 1722 1398 1755 te
1421 1715 1522 1755 enim
1548 1716 1593 1756 de
1617 1716 1674 1757 eis

134 1794 231 1835 quae
258 1794 327 1836 per
349 1779 550 1834 sanguinis
575 1780 782 1821 missiones
809 1788 847 1821 et
869 1781 1025 1821 morbos
1058 1789 1095 1821 et
1125 1789 1324 1833 stercora,
1367 1798 1512 1838 perque
1543 1792 1674 1838 sputa-

132 1849 275 1889 minum
300 1857 339 1889 et
362 1863 562 1890 mucorum
586 1850 812 1890 retrimenta
841 1857 1132 1900 excernuntur,
1168 1851 1342 1904 quaestio
1368 1851 1489 1892 inlata
1519 1860 1599 1893 est:
1635 1860 1674 1893 at

134 1924 173 1958 tu
194 1918 242 1958 iis
265 1932 362 1973 quae
386 1918 536 1973 profers
557 1917 651 1973 ipsis
677 1918 924 1960 refutaberis.
946 1918 964 1974 Î—
1000 1917 1091 1959 Non
1120 1919 1220 1959 enim
1251 1934 1365 1960 unum
1391 1921 1482 1961 illud
1507 1921 1609 1962 inest
1633 1922 1671 1962 in

131 2001 318 2042 corpore,
352 1987 420 2027 sed
446 2000 497 2027 ex
520 1987 631 2027 nobis
657 1987 772 2027 etiam
798 1987 946 2027 bestiae
971 1995 1198 2039 naseuntur,
1233 1989 1396 2043 pediculi
1421 1990 1603 2031 videlieet
1627 2005 1671 2030 ac

131 2055 288 2107 lendes,
324 2070 422 2110 quae
445 2069 570 2110 neque
594 2062 707 2096 extra
735 2070 874 2110 eorpus
905 2064 995 2097 sunt
1028 2071 1152 2111 neque
1178 2056 1217 2097 in
1250 2058 1426 2113 corporis
1455 2059 1532 2100 ulla
1562 2066 1671 2114 parte

132 2132 399 2174 numerantur.
462 2124 523 2164 Ac
551 2138 664 2165 nemo
691 2132 890 2165 excretam
922 2139 973 2166 ex
1006 2140 1169 2181 corpore
1195 2140 1265 2166 suo
1298 2126 1471 2178 leudem,
1513 2135 1553 2168 ut
1580 2142 1672 2168 con-

131 2201 333 2245 servaret,
368 2193 556 2248 quaesiit,
590 2194 657 2233 sed
686 2201 728 2233 ut
752 2201 911 2234 necaret
934 2194 1085 2249 potins,
1120 2209 1244 2249 neque
1267 2195 1411 2237 illatam
1441 2196 1487 2236 ab
1513 2210 1558 2236 ea
1584 2210 1671 2251 per-

132 2263 272 2303 niciem
297 2263 493 2304 adsciscit.
559 2260 637 2303 Sed
661 2276 786 2317 neque
810 2263 841 2303 si
868 2263 1015 2318 perdita
1040 2263 1105 2304 illa
1127 2265 1376 2318 extinctaque
1402 2265 1537 2314 fuerit,
1571 2264 1607 2304 id
1632 2264 1671 2304 in

132 2331 270 2372 damno
295 2332 504 2387 reputabit.
565 2329 633 2372 Sic
665 2345 761 2385 quae
789 2346 810 2371 a
841 2332 951 2372 nobis
985 2333 1205 2384 fluxerunt,
1241 2332 1392 2373 tametsi
1424 2334 1475 2372 ita
1504 2339 1567 2372 tua
1598 2334 1672 2373 fert

132 2400 277 2456 opinio,
304 2414 324 2440 a
346 2400 456 2441 nobis
476 2400 570 2455 ipsis
593 2414 834 2455 nequaquam
857 2401 995 2442 stolide
1016 2401 1280 2456 requirentur.
1324 2400 1465 2455 Neque
1488 2399 1551 2440 iila
1576 2402 1669 2442 deus

130 2470 169 2509 in
193 2469 406 2510 conflandis
433 2470 544 2510 nobis
567 2470 921 2524 componendisque
947 2471 1149 2521 restituet,
1183 2471 1251 2511 sed
1274 2478 1452 2524 tanquam
1480 2470 1668 2510 maculam

130 2538 345 2593 relinquet,
380 2552 478 2593 quae
513 2552 564 2578 ex
590 2538 765 2579 vestibus
799 2546 939 2579 exorta
971 2539 1109 2579 nitoris
1141 2539 1436 2593 elegantiaeque
1463 2538 1589 2578 studio
1613 2538 1668 2578 di-

130 2606 269 2659 luitur,
308 2607 411 2648 illam
440 2621 536 2648 vero
567 2608 779 2661 perfectam
806 2607 1098 2662 absolutamque
1120 2615 1293 2657 vestem,
1326 2620 1451 2660 neque
1475 2621 1665 2658 maneam,

132 2690 256 2731 neque
286 2676 590 2726 redundantem,
625 2690 694 2731 pro
717 2676 906 2730 singulari
930 2677 1024 2717 artis
1048 2691 1141 2717 suae
1168 2676 1305 2732 peritia
1331 2676 1476 2716 artifex
1501 2676 1665 2717 reficiet.

133 2742 274 2785 Omnia
307 2745 445 2800 quippe
478 2745 516 2785 in
545 2745 628 2786 eius
653 2752 743 2785 sunt
775 2753 967 2800 potestate
995 2746 1135 2801 posita.
1198 2744 1312 2798 Quod
1343 2744 1414 2784 nisi
1446 2744 1498 2785 ita
1529 2759 1571 2785 se
1602 2759 1667 2786 res

132 2813 313 2866 haberet,
348 2829 370 2854 o
396 2814 591 2854 hominum
619 2813 931 2866 insanctissime,
964 2822 1078 2869 atque
1102 2828 1152 2854 ex
1179 2814 1345 2854 verbosa
1373 2814 1435 2854 illa
1459 2814 1667 2855 calliditate

179 2903 232 2939 14.
255 2904 316 2940 Î¿á½Îº
337 2900 443 2950 á¼§ÏƒÏƒÎ¿Î½
468 2907 534 2938 cod.
553 2916 611 2938 ms.
925 2918 1003 2950 prae
1030 2906 1099 2949 ipsa
1133 2916 1239 2937 carne.
1288 2908 1369 2938 Male
1396 2908 1491 2946 igitur
1519 2908 1667 2947 interpre-

180 2952 228 2983 15.
254 2954 329 2984 Voce
351 2951 498 2986 Ï€Ï„Ï…á½³Î»Ï‰Î½
521 2955 554 2985 in
578 2954 644 2984 cod.
672 2955 778 2985 Veneto
800 2954 878 2985 inciÎ‡
925 2956 1006 2984 tatus
1027 2956 1072 2995 est
1090 2953 1163 2982 haec
1185 2953 1277 2982 cerba
1298 2953 1457 2984 Petamus.

130 2998 177 3038 pit
198 2998 250 3036 fol.
271 2997 347 3031 3e7.
368 3009 394 3030 r.
969 2997 1018 3030 17.
1044 2996 1070 3030 05
1095 3001 1290 3029 correxerunt
1315 2999 1484 3030 Carnarius
1504 3002 1594 3039 atque
1609 3000 1666 3031 Pe-

181 3042 231 3075 16.
255 3044 292 3074 H.
314 3052 338 3075 e.
364 3044 537 3087 negleget,
575 3044 666 3077 nihili
687 3043 874 3078 aestimabit
920 3044 1031 3075 favius.
1078 3043 1164 3074 Libri
1188 3043 1297 3075 habent
1321 3039 1378 3080 á½¥Ï‚.
