2030 3324
512 205 697 238 PANARn
720 206 804 239 Lm.
828 207 868 239 11.
894 207 1003 240 ToM.
1022 208 1061 239 υ.
1087 207 1219 240 HAER.
1240 206 1370 238 thx.
1643 199 1723 239 693

163 293 298 338 guttae
335 287 534 336 sanguines
574 288 784 325 decidentes
822 290 859 326 z'n
901 295 1062 326 terram:
1109 295 1146 326 et
1183 290 1363 339 apparuit
1391 289 1551 338 angelus
1582 290 1727 327 domini

165 355 384 406 confortans
415 356 547 405 ipsum.
614 352 679 394 Ex
715 370 789 409 quo
819 356 1044 396 vocularum
1083 355 1146 396 isti
1177 363 1421 409 captatores,
1466 356 1573 396 velut
1606 370 1722 396 occa-

163 421 314 462 sionem
339 421 530 462 adversus
554 422 750 464 inimicum
778 424 904 474 nacti,
939 438 982 464 ac
1007 424 1225 478 gestientes
1250 431 1290 463 et
1314 423 1538 464 exultantes
1571 424 1622 464 ita
1649 439 1720 465 nos

164 496 408 545 oppugnant:
456 488 630 531 Videsne
657 492 770 532 etiam
799 506 894 547 opus
930 491 981 531 illi
1020 492 1140 532 fuisse
1173 499 1213 532 ut
1239 492 1285 531 ab
1310 492 1460 545 angelis
1487 493 1720 534 corrobora-

163 559 297 598 retur?
331 555 619 600 Corroboravit
643 560 744 600 enim
771 561 876 600 illum
908 559 1095 613 angelus,
1132 574 1216 599 eum
1243 560 1279 599 in
1307 559 1510 600 anxietate
1535 560 1597 600 illa
1632 576 1721 602 ver-

162 633 332 666 saretur.
396 626 538 682 Neque
564 629 718 679 vident,
755 628 828 669 nisi
858 629 953 668 haee
980 628 1110 668 omnia
1137 626 1320 668 Christus
1348 629 1610 682 suscepisset,
1646 631 1719 672 nisi

165 694 258 734 llaec
283 695 365 750 ipsa
389 696 530 747 verba,
576 701 663 737 Non
695 712 773 736 meu
805 699 999 744 voluntas,
1034 699 1101 735 sed
1131 704 1216 744 tua,
1254 705 1505 751 usurpasset,
1544 698 1617 738 nisi
1652 713 1721 739 an-

160 777 295 816 gorem
322 764 427 804 illum
455 765 571 805 animi
598 766 807 815 subiisset,
843 779 886 804 ac
912 765 985 805 nisi
1008 764 1174 819 denique
1203 765 1386 804 sudorem
1414 779 1433 805 e
1466 780 1631 821 corpore
1664 767 1720 807 di-

159 832 371 882 stillasset,
409 840 527 874 totum
556 834 645 874 illud
675 840 899 887 assumptae
923 833 1053 873 carnis
1078 834 1307 889 mysterium
1335 833 1425 873 nihil
1450 842 1606 888 practer
1638 836 1720 891 opi-

160 900 314 941 nionem
338 916 382 942 ac
403 902 571 956 speciem
599 901 817 942 habiturum
844 901 979 951 fuisse,
1006 902 1179 956 adeoque
1201 900 1528 943 Manichaeorum
1554 902 1718 944 etMar-

159 969 413 1010 eionistarum
440 971 587 1011 larvam
613 971 715 1010 illam
747 976 783 1009 et
809 970 1075 1010 adumbratam
1101 970 1334 1024 imaginem,
1372 985 1486 1025 quam
1511 972 1557 1012 de
1590 973 1717 1013 incar-

158 1038 318 1078 natione
341 1039 590 1093 praedicant,
626 1038 722 1078 haud
750 1038 956 1078 absurdam
984 1039 1173 1089 futuram,
1210 1053 1335 1093 neque
1358 1039 1563 1093 quidquam
1590 1041 1626 1080 in
1660 1041 1718 1081 in-

157 1106 387 1146 carnatione
414 1107 496 1161 ipsa
521 1106 646 1148 visum
671 1106 716 1146 iri
741 1120 792 1146 ex
818 1107 874 1146 rei
902 1106 1069 1147 veritate
1090 1114 1260 1160 gestum.
1309 1106 1573 1161 Quamobrem
1602 1107 1718 1149 Chri-

156 1181 239 1215 stus
263 1175 464 1225 dominus,
500 1182 538 1215 ut
563 1175 683 1216 vitam
706 1181 879 1215 nostram
904 1189 948 1215 ae
972 1175 1136 1215 salutem
1162 1175 1355 1226 muniret,
1391 1176 1518 1215 omnia
1544 1176 1610 1218 illa
1636 1178 1716 1218 sin-

155 1243 278 1297 gulari
302 1243 571 1297 providentiae
594 1257 687 1284 suae
713 1243 1000 1298 gubernatione
1026 1244 1214 1299 suscepit,
1241 1251 1278 1284 et
1304 1258 1353 1284 ex
1382 1244 1551 1285 humano
1573 1246 1717 1288 affectu

155 1326 232 1352 non
259 1312 463 1363 simulate,
499 1313 566 1352 sed
594 1312 693 1352 hona
720 1312 815 1364 fide,
851 1311 1051 1353 disseruit.
1117 1311 1275 1363 Veluti,
1309 1315 1395 1352 Non
1418 1328 1497 1353 mea
1522 1317 1710 1363 voluntas,

155 1387 194 1420 ut
217 1394 374 1421 carnem
409 1395 550 1421 revera
580 1381 797 1421 subsistere
822 1381 1008 1431 doceret,
1043 1395 1088 1421 ac
1113 1387 1190 1421 tam
1226 1395 1294 1421 eos
1322 1381 1523 1422 refelleret
1548 1383 1611 1437 qui
1646 1384 1714 1424 hu-

154 1463 305 1489 manam
338 1449 443 1490 illum
478 1456 647 1490 mentem
679 1449 861 1491 habuisse
894 1457 1086 1504 negarent
1113 1464 1226 1504 quam
1254 1450 1317 1504 qni
1345 1464 1501 1490 carnem
1532 1451 1714 1492 detrahe-

154 1525 256 1558 rent.
323 1516 448 1571 Quam
474 1518 574 1558 enim
603 1518 886 1558 admirabiliter
911 1518 1066 1558 divinus
1095 1533 1225 1558 sermo
1259 1519 1296 1559 in
1333 1518 1500 1560 filiorum
1534 1520 1713 1575 caliginis

153 1586 281 1627 medio
305 1587 527 1628 consistens
556 1600 690 1627 eorum
723 1587 905 1628 tenebras
937 1587 1162 1641 redarguit,
1208 1602 1252 1628 ac
1286 1588 1463 1629 veritatis
1497 1589 1595 1629 filios
1628 1590 1713 1630 illu-

152 1655 275 1696 strat!
315 1655 600 1696 Animadverte
627 1656 727 1696 enim
752 1670 864 1710 quam
890 1656 1007 1696 multa
1030 1656 1068 1695 in
1095 1656 1158 1696 illa
1187 1657 1366 1697 oratione
1389 1658 1592 1698 commoda
1616 1659 1709 1700 sint.

151 1722 326 1764 Primum
363 1724 409 1764 ab
447 1724 517 1774 iis,
562 1738 660 1778 quae
694 1725 870 1780 eorporis
910 1725 1088 1780 expertia
1126 1732 1239 1776 sunt,
1285 1739 1444 1766 manere
1481 1727 1602 1767 sudor
1634 1742 1713 1768 non

153 1799 296 1848 potest.
363 1790 498 1846 Quare
522 1793 594 1833 hoe
624 1793 730 1850 ipso,
766 1794 866 1848 quod
891 1794 1035 1834 sudore
1059 1793 1246 1845 diffluxit,
1280 1808 1414 1834 veram
1437 1808 1526 1836 esse
1553 1810 1711 1837 earnem

151 1861 343 1912 ostendit,
380 1876 456 1902 non
487 1862 617 1902 carnis
652 1862 824 1917 speeiem
852 1877 936 1903 eum
967 1862 1170 1904 divinitate
1205 1862 1454 1904 coniunctae.
1521 1865 1580 1905 Ad
1615 1865 1711 1906 haee

149 1930 235 1971 sine
261 1929 389 1970 anima
417 1944 461 1971 ae
490 1938 618 1971 mente
645 1945 769 1984 aiigor
798 1938 836 1971 et
859 1930 1041 1972 anxietas
1074 1944 1163 1972 esse
1189 1946 1266 1972 non
1291 1939 1435 1987 potest.
1500 1931 1590 1986 Quo
1624 1948 1711 1974 eum

149 1999 213 2039 ille
250 1999 300 2039 sit
334 1999 520 2050 affectus,
568 1999 784 2039 declaravit
811 1999 939 2040 anima
969 2014 1012 2040 se
1043 2001 1191 2055 pariter
1225 2007 1264 2040 et
1300 2015 1465 2055 corpore
1503 2015 1547 2042 ac
1581 2009 1710 2043 mente

151 2067 271 2108 fuisse
297 2068 530 2122 praeditum,
567 2069 667 2108 unde
688 2068 752 2109 ille
775 2082 899 2122 aiigor
923 2068 1074 2110 existit.
1116 2067 1334 2110 Praeterea
1355 2069 1414 2109 his
1437 2070 1531 2124 ipsis
1557 2071 1707 2122 verbis,

148 2139 234 2176 Non
257 2151 336 2176 mea
371 2139 564 2184 voluntas,
600 2140 667 2176 sed
689 2145 752 2176 tua
782 2144 858 2177 ete.
897 2137 1104 2178 humanam
1140 2137 1214 2179 sibi
1248 2145 1417 2178 mentem
1444 2138 1576 2179 inesse
1603 2153 1708 2178 com-

148 2205 351 2261 probavit,
388 2206 454 2245 sed
482 2220 501 2245 a
534 2205 704 2260 pec-catis
732 2206 959 2246 immune-m.
1025 2204 1226 2261 Siquidem
1255 2206 1376 2262 ipsius
1405 2206 1589 2247 divinitas
1622 2221 1709 2261 per-

148 2282 264 2330 petuo
293 2274 329 2314 in
362 2280 496 2328 patre,
533 2281 571 2314 et
597 2281 708 2329 pater
735 2275 770 2314 in
798 2275 897 2325 filio,
934 2281 970 2315 et
997 2275 1097 2316 filius
1131 2275 1171 2316 in
1203 2276 1340 2330 spiritu
1370 2282 1506 2316 saneto
1533 2276 1708 2331 perfecte

149 2343 276 2383 omnia
306 2342 601 2397 complectitur,
638 2356 764 2397 neque
793 2343 998 2398 quidquam
1025 2344 1091 2385 filii
1116 2359 1138 2385 a
1162 2352 1271 2400 patre
1295 2358 1437 2385 sensus
1464 2351 1502 2384 et
1524 2344 1706 2385 voluntas

149 2411 332 2462 dissidet,
369 2425 494 2466 neque
519 2410 640 2467 patris
668 2425 686 2450 a
713 2412 812 2463 lilio,
848 2426 919 2453 nec
949 2412 995 2453 ab
1023 2420 1189 2468 utroque
1217 2412 1377 2468 spiritus
1404 2412 1545 2453 sancti.
1601 2411 1706 2454 Nam

147 2481 178 2521 si
213 2480 311 2520 filius
336 2494 381 2519 ea
405 2481 501 2521 velit
526 2495 623 2536 quae
648 2496 725 2522 non
752 2481 830 2521 vult
858 2489 992 2536 pater,
1028 2481 1122 2522 nihil
1145 2482 1182 2522 in
1210 2496 1257 2522 eo
1283 2488 1439 2537 praeter
1466 2482 1606 2522 nudam
1639 2482 1708 2522 lio-

151 2549 267 2590 minis
293 2557 470 2590 naturam
494 2552 626 2590 inesse
654 2557 886 2601 statuemus,
915 2550 1186 2605 eiusmodique
1210 2550 1315 2590 illum
1340 2550 1543 2591 voluntate
1566 2551 1703 2605 patris,

146 2619 246 2672 quod
273 2632 319 2658 eo
344 2619 458 2672 longe
492 2619 542 2659 sit
574 2619 761 2670 inferior,
805 2619 1003 2660 extitisse.
1069 2618 1217 2660 Verum
1245 2619 1346 2660 absit
1375 2633 1395 2659 a
1422 2619 1534 2659 nobis
1562 2627 1603 2660 ut
1634 2619 1707 2660 hoc

145 2688 197 2727 ita
221 2701 264 2727 se
290 2687 433 2727 habere
458 2687 681 2728 credamus.
743 2686 846 2729 Nam
871 2688 972 2742 quod
998 2702 1049 2728 ex
1079 2688 1247 2729 humano
1271 2688 1458 2743 quaedam
1485 2688 1627 2729 affectu
1658 2688 1706 2729 ab

145 2756 211 2796 illo
236 2756 485 2811 pronuntiata
512 2763 619 2806 sunt,
655 2756 699 2796 ad
727 2756 935 2797 veritatem
960 2756 1243 2797 incarnationis
1268 2764 1306 2797 et
1333 2757 1545 2811 perfectam
1570 2757 1705 2798 huma-

146 2838 219 2864 nae
244 2833 408 2865 naturae
432 2824 695 2865 conditionem
727 2825 1069 2865 demonstrandam
1099 2826 1312 2880 pertinent,
1347 2825 1428 2866 suis
1457 2833 1496 2866 ut
1524 2826 1703 2867 omnibns

146 2893 320 2934 numeris
347 2894 565 2934 absolutam
596 2893 709 2934 nobis
736 2894 901 2934 salutem
931 2894 1117 2944 afferret„
1164 2907 1265 2934 neve
1291 2895 1378 2935 dum
1406 2895 1480 2936 alia
1515 2910 1585 2950 pro
1616 2895 1704 2936 aliis

146 2960 275 3001 animo
309 2962 573 3018 concipimus,
608 2977 630 3002 a
661 2962 828 3003 veritate
862 2962 1017 3017 longius
1049 2962 1340 3004 aberraremus.
