<?xml version="1.0" encoding="UTF-8"?>
<!DOCTYPE html PUBLIC "-//W3C//DTD XHTML 1.0 Transitional//EN"
    "http://www.w3.org/TR/xhtml1/DTD/xhtml1-transitional.dtd">
<html xmlns="http://www.w3.org/1999/xhtml" xml:lang="en" lang="en">
 <head>
  <title>
</title>
<meta http-equiv="Content-Type" content="text/html;charset=utf-8" />
  <meta name='ocr-system' content='tesseract 3.04.00' />
  <meta name='ocr-capabilities' content='ocr_page ocr_carea ocr_par ocr_line ocrx_word'/>
</head>
<body>
  <div class='ocr_page' id='page_1' title='image "./p2corporishaereseo02epipuoft/p2corporishaereseo02epipuoft_0567.png"; bbox 0 0 2066 3319; ppageno 0'>
   <div class='ocr_carea' id='block_1_1' title="bbox 1567 213 1646 252">
    <p class='ocr_par' dir='ltr' id='par_1_1' title="bbox 1567 213 1646 252">
     <span class='ocr_line' id='line_1_1' title="bbox 1567 213 1646 252; baseline 0 0"><span class='ocrx_word' id='word_1_1' title='bbox 1567 213 1646 252; x_wconf 77' lang='lat'>545</span> 
     </span>
    </p>
   </div>
   <div class='ocr_carea' id='block_1_2' title="bbox 84 293 1646 2323">
    <p class='ocr_par' dir='ltr' id='par_1_2' title="bbox 84 293 1646 1913">
     <span class='ocr_line' id='line_1_2' title="bbox 94 293 1646 354; baseline 0.003 -18"><span class='ocrx_word' id='word_1_2' title='bbox 94 296 132 336; x_wconf 91' lang='lat' dir='ltr'>in</span> <span class='ocrx_word' id='word_1_3' title='bbox 161 302 240 335; x_wconf 90' lang='lat' dir='ltr'>tres</span> <span class='ocrx_word' id='word_1_4' title='bbox 277 294 443 344; x_wconf 80' lang='lat' dir='ltr'>liberos,</span> <span class='ocrx_word' id='word_1_5' title='bbox 489 293 607 346; x_wconf 89' lang='lat' dir='ltr'>Sem,</span> <span class='ocrx_word' id='word_1_6' title='bbox 643 293 790 346; x_wconf 87' lang='lat' dir='ltr'>Cham,</span> <span class='ocrx_word' id='word_1_7' title='bbox 837 304 875 337; x_wconf 89' lang='lat' dir='ltr'>et</span> <span class='ocrx_word' id='word_1_8' title='bbox 909 295 1044 351; x_wconf 80' lang='lat' dir='ltr'>lapliet</span> <span class='ocrx_word' id='word_1_9' title='bbox 1076 299 1239 353; x_wconf 90' lang='lat' dir='ltr'>partitus</span> <span class='ocrx_word' id='word_1_10' title='bbox 1276 307 1358 351; x_wconf 90' lang='lat' dir='ltr'>est,</span> <span class='ocrx_word' id='word_1_11' title='bbox 1402 299 1515 340; x_wconf 90' lang='lat' dir='ltr'>iactis</span> <span class='ocrx_word' id='word_1_12' title='bbox 1547 301 1646 354; x_wconf 90' lang='lat' dir='ltr'>apud</span> 
     </span>
     <span class='ocr_line' id='line_1_3' title="bbox 92 362 1644 421; baseline 0.003 -18"><span class='ocrx_word' id='word_1_13' title='bbox 92 362 458 404; x_wconf 87' lang='lat' dir='ltr'>Rhinoeorurorum</span> <span class='ocrx_word' id='word_1_14' title='bbox 484 364 663 418; x_wconf 91' lang='lat' dir='ltr'>oppidum</span> <span class='ocrx_word' id='word_1_15' title='bbox 690 364 884 415; x_wconf 82' lang='lat' dir='ltr'>sortibus,</span> <span class='ocrx_word' id='word_1_16' title='bbox 929 366 981 405; x_wconf 87' lang='lat' dir='ltr'>uti</span> <span class='ocrx_word' id='word_1_17' title='bbox 1015 374 1280 407; x_wconf 87' lang='lat' dir='ltr'>consentanea</span> <span class='ocrx_word' id='word_1_18' title='bbox 1317 369 1415 407; x_wconf 87' lang='lat' dir='ltr'>l&#39;ama</span> <span class='ocrx_word' id='word_1_19' title='bbox 1451 368 1644 421; x_wconf 81' lang='lat' dir='ltr'>vulgatum</span> 
     </span>
     <span class='ocr_line' id='line_1_4' title="bbox 92 430 1642 483; baseline 0.002 -12"><span class='ocrx_word' id='word_1_20' title='bbox 92 438 173 482; x_wconf 87' lang='lat' dir='ltr'>est,</span> <span class='ocrx_word' id='word_1_21' title='bbox 209 431 268 471; x_wconf 91' lang='lat' dir='ltr'>cui</span> <span class='ocrx_word' id='word_1_22' title='bbox 294 430 386 470; x_wconf 91' lang='lat' dir='ltr'>nihil</span> <span class='ocrx_word' id='word_1_23' title='bbox 408 444 548 470; x_wconf 88' lang='lat' dir='ltr'>vanum</span> <span class='ocrx_word' id='word_1_24' title='bbox 575 431 731 483; x_wconf 88' lang='lat' dir='ltr'>subest,</span> <span class='ocrx_word' id='word_1_25' title='bbox 766 439 831 473; x_wconf 90' lang='lat' dir='ltr'>aut</span> <span class='ocrx_word' id='word_1_26' title='bbox 851 440 998 473; x_wconf 89' lang='lat' dir='ltr'>temere</span> <span class='ocrx_word' id='word_1_27' title='bbox 1024 435 1246 474; x_wconf 82' lang='lat' dir='ltr'>confictum.</span> <span class='ocrx_word' id='word_1_28' title='bbox 1309 433 1413 474; x_wconf 83' lang='lat' dir='ltr'>Nam</span> <span class='ocrx_word' id='word_1_29' title='bbox 1446 435 1642 476; x_wconf 77' lang='lat' dir='ltr'>Rhinoco-</span> 
     </span>
     <span class='ocr_line' id='line_1_5' title="bbox 92 497 1646 556; baseline 0.003 -17"><span class='ocrx_word' id='word_1_30' title='bbox 92 512 181 539; x_wconf 85' lang='lat' dir='ltr'>rura</span> <span class='ocrx_word' id='word_1_31' title='bbox 207 497 311 538; x_wconf 86' lang='lat' dir='ltr'>Neel</span> <span class='ocrx_word' id='word_1_32' title='bbox 346 498 594 553; x_wconf 88' lang='lat' dir='ltr'>interpretari</span> <span class='ocrx_word' id='word_1_33' title='bbox 618 501 770 554; x_wconf 80' lang='lat' dir='ltr'>possis,</span> <span class='ocrx_word' id='word_1_34' title='bbox 815 501 942 555; x_wconf 88' lang='lat' dir='ltr'>itaque</span> <span class='ocrx_word' id='word_1_35' title='bbox 968 501 1013 541; x_wconf 90' lang='lat' dir='ltr'>ab</span> <span class='ocrx_word' id='word_1_36' title='bbox 1042 502 1180 541; x_wconf 85' lang='lat' dir='ltr'>incolis</span> <span class='ocrx_word' id='word_1_37' title='bbox 1204 503 1442 556; x_wconf 89' lang='lat' dir='ltr'>appellatur,</span> <span class='ocrx_word' id='word_1_38' title='bbox 1479 501 1646 543; x_wconf 83' lang='lat' dir='ltr'>Ilehrai—</span> 
     </span>
     <span class='ocr_line' id='line_1_6' title="bbox 97 566 1646 623; baseline 0 -16"><span class='ocrx_word' id='word_1_39' title='bbox 97 581 182 607; x_wconf 89' lang='lat' dir='ltr'>cum</span> <span class='ocrx_word' id='word_1_40' title='bbox 209 573 336 606; x_wconf 85' lang='lat' dir='ltr'>autem</span> <span class='ocrx_word' id='word_1_41' title='bbox 361 566 589 607; x_wconf 86' lang='lat' dir='ltr'>vocabulum</span> <span class='ocrx_word' id='word_1_42' title='bbox 616 575 744 608; x_wconf 88' lang='lat' dir='ltr'>sortes</span> <span class='ocrx_word' id='word_1_43' title='bbox 768 569 982 622; x_wconf 72' lang='lat' dir='ltr'>signifieat,</span> <span class='ocrx_word' id='word_1_44' title='bbox 1015 570 1193 623; x_wconf 87' lang='lat' dir='ltr'>quoniam</span> <span class='ocrx_word' id='word_1_45' title='bbox 1214 568 1393 610; x_wconf 71' lang='lat' dir='ltr'>Noi‘mus</span> <span class='ocrx_word' id='word_1_46' title='bbox 1423 571 1546 611; x_wconf 89' lang='lat' dir='ltr'>tribus</span> <span class='ocrx_word' id='word_1_47' title='bbox 1570 572 1646 611; x_wconf 77' lang='lat' dir='ltr'>illie</span> 
     </span>
     <span class='ocr_line' id='line_1_7' title="bbox 91 634 1644 691; baseline 0.003 -17"><span class='ocrx_word' id='word_1_48' title='bbox 91 634 178 675; x_wconf 87' lang='lat' dir='ltr'>filiis</span> <span class='ocrx_word' id='word_1_49' title='bbox 201 641 329 674; x_wconf 88' lang='lat' dir='ltr'>sortes</span> <span class='ocrx_word' id='word_1_50' title='bbox 353 647 444 674; x_wconf 87' lang='lat' dir='ltr'>suas</span> <span class='ocrx_word' id='word_1_51' title='bbox 468 635 705 689; x_wconf 72' lang='lat' dir='ltr'>assignavit,</span> <span class='ocrx_word' id='word_1_52' title='bbox 741 650 791 676; x_wconf 85' lang='lat' dir='ltr'>ex</span> <span class='ocrx_word' id='word_1_53' title='bbox 819 637 956 690; x_wconf 86' lang='lat' dir='ltr'>quibus</span> <span class='ocrx_word' id='word_1_54' title='bbox 980 637 1078 676; x_wconf 79' lang='lat' dir='ltr'>exiit</span> <span class='ocrx_word' id='word_1_55' title='bbox 1108 652 1208 688; x_wconf 92' lang='lat' dir='ltr'>una,</span> <span class='ocrx_word' id='word_1_56' title='bbox 1254 652 1354 691; x_wconf 88' lang='lat' dir='ltr'>quae</span> <span class='ocrx_word' id='word_1_57' title='bbox 1387 645 1506 678; x_wconf 92' lang='lat' dir='ltr'>totum</span> <span class='ocrx_word' id='word_1_58' title='bbox 1540 639 1644 679; x_wconf 91' lang='lat' dir='ltr'>illum</span> 
     </span>
     <span class='ocr_line' id='line_1_8' title="bbox 92 703 1645 758; baseline 0.004 -17"><span class='ocrx_word' id='word_1_59' title='bbox 92 710 283 742; x_wconf 89' lang='lat' dir='ltr'>terrarum</span> <span class='ocrx_word' id='word_1_60' title='bbox 312 709 476 742; x_wconf 83' lang='lat' dir='ltr'>tractum</span> <span class='ocrx_word' id='word_1_61' title='bbox 506 703 711 757; x_wconf 77' lang='lat' dir='ltr'>complexa</span> <span class='ocrx_word' id='word_1_62' title='bbox 738 712 821 755; x_wconf 85' lang='lat' dir='ltr'>cst,</span> <span class='ocrx_word' id='word_1_63' title='bbox 865 705 927 758; x_wconf 88' lang='lat' dir='ltr'>qui</span> <span class='ocrx_word' id='word_1_64' title='bbox 954 703 1240 745; x_wconf 82' lang='lat' dir='ltr'>Rhinoeoruris</span> <span class='ocrx_word' id='word_1_65' title='bbox 1274 706 1319 745; x_wconf 93' lang='lat' dir='ltr'>ad</span> <span class='ocrx_word' id='word_1_66' title='bbox 1346 706 1478 747; x_wconf 86' lang='lat' dir='ltr'>Gades</span> <span class='ocrx_word' id='word_1_67' title='bbox 1506 714 1645 747; x_wconf 84' lang='lat' dir='ltr'>exten-</span> 
     </span>
     <span class='ocr_line' id='line_1_9' title="bbox 90 770 1640 829; baseline 0.003 -19"><span class='ocrx_word' id='word_1_68' title='bbox 90 770 214 820; x_wconf 87' lang='lat' dir='ltr'>ditur,</span> <span class='ocrx_word' id='word_1_69' title='bbox 249 770 499 823; x_wconf 74' lang='lat' dir='ltr'>continetque</span> <span class='ocrx_word' id='word_1_70' title='bbox 533 770 779 826; x_wconf 77' lang='lat' dir='ltr'>Aegyptum,</span> <span class='ocrx_word' id='word_1_71' title='bbox 814 770 1127 827; x_wconf 68' lang='lat' dir='ltr'>illariandynen,</span> <span class='ocrx_word' id='word_1_72' title='bbox 1164 773 1421 824; x_wconf 84' lang='lat' dir='ltr'>Ammonem,</span> <span class='ocrx_word' id='word_1_73' title='bbox 1456 773 1640 829; x_wconf 81' lang='lat' dir='ltr'>Libyam,</span> 
     </span>
     <span class='ocr_line' id='line_1_10' title="bbox 87 835 1643 897; baseline 0.004 -20"><span class='ocrx_word' id='word_1_74' title='bbox 87 835 382 887; x_wconf 78' lang='lat' dir='ltr'>Marmaricam,</span> <span class='ocrx_word' id='word_1_75' title='bbox 418 836 677 892; x_wconf 75' lang='lat' dir='ltr'>Pentapolim,</span> <span class='ocrx_word' id='word_1_76' title='bbox 711 837 923 889; x_wconf 86' lang='lat' dir='ltr'>Macatam,</span> <span class='ocrx_word' id='word_1_77' title='bbox 958 837 1194 891; x_wconf 85' lang='lat' dir='ltr'>Macronen,</span> <span class='ocrx_word' id='word_1_78' title='bbox 1228 839 1514 896; x_wconf 89' lang='lat' dir='ltr'>Leptemanen‚</span> <span class='ocrx_word' id='word_1_79' title='bbox 1546 841 1643 897; x_wconf 71' lang='lat' dir='ltr'>Syr-</span> 
     </span>
     <span class='ocr_line' id='line_1_11' title="bbox 89 903 1644 964; baseline 0.003 -19"><span class='ocrx_word' id='word_1_80' title='bbox 89 912 170 956; x_wconf 91' lang='lat' dir='ltr'>tes,</span> <span class='ocrx_word' id='word_1_81' title='bbox 204 903 483 946; x_wconf 75' lang='lat' dir='ltr'>Mauritaniam</span> <span class='ocrx_word' id='word_1_82' title='bbox 509 907 552 945; x_wconf 90' lang='lat' dir='ltr'>ad</span> <span class='ocrx_word' id='word_1_83' title='bbox 580 920 701 960; x_wconf 86' lang='lat' dir='ltr'>usque</span> <span class='ocrx_word' id='word_1_84' title='bbox 725 907 924 947; x_wconf 88' lang='lat' dir='ltr'>columnas</span> <span class='ocrx_word' id='word_1_85' title='bbox 955 906 1158 958; x_wconf 81' lang='lat' dir='ltr'>Herculis,</span> <span class='ocrx_word' id='word_1_86' title='bbox 1194 908 1498 964; x_wconf 88' lang='lat' dir='ltr'>interioremque</span> <span class='ocrx_word' id='word_1_87' title='bbox 1524 909 1644 950; x_wconf 85' lang='lat' dir='ltr'>Gadi-</span> 
     </span>
     <span class='ocr_line' id='line_1_12' title="bbox 88 972 1643 1029; baseline 0.004 -17"><span class='ocrx_word' id='word_1_88' title='bbox 88 987 186 1013; x_wconf 89' lang='lat' dir='ltr'>ram.</span> <span class='ocrx_word' id='word_1_89' title='bbox 230 972 316 1013; x_wconf 87' lang='lat' dir='ltr'>Hae</span> <span class='ocrx_word' id='word_1_90' title='bbox 343 980 433 1013; x_wconf 88' lang='lat' dir='ltr'>sunt</span> <span class='ocrx_word' id='word_1_91' title='bbox 458 974 641 1027; x_wconf 81' lang='lat' dir='ltr'>regiones</span> <span class='ocrx_word' id='word_1_92' title='bbox 671 975 717 1014; x_wconf 91' lang='lat' dir='ltr'>ad</span> <span class='ocrx_word' id='word_1_93' title='bbox 746 974 946 1014; x_wconf 88' lang='lat' dir='ltr'>meridiem</span> <span class='ocrx_word' id='word_1_94' title='bbox 969 983 1190 1029; x_wconf 83' lang='lat' dir='ltr'>porrectae.</span> <span class='ocrx_word' id='word_1_95' title='bbox 1245 976 1307 1016; x_wconf 86' lang='lat' dir='ltr'>Ad</span> <span class='ocrx_word' id='word_1_96' title='bbox 1333 977 1523 1018; x_wconf 75' lang='lat' dir='ltr'>orientem</span> <span class='ocrx_word' id='word_1_97' title='bbox 1547 991 1643 1018; x_wconf 76' lang='lat' dir='ltr'>vero</span> 
     </span>
     <span class='ocr_line' id='line_1_13' title="bbox 87 1040 1646 1097; baseline 0.003 -17"><span class='ocrx_word' id='word_1_98' title='bbox 87 1040 134 1081; x_wconf 88' lang='lat' dir='ltr'>ab</span> <span class='ocrx_word' id='word_1_99' title='bbox 156 1041 292 1081; x_wconf 87' lang='lat' dir='ltr'>eodem</span> <span class='ocrx_word' id='word_1_100' title='bbox 317 1040 679 1082; x_wconf 86' lang='lat' dir='ltr'>Rhinocorurorum</span> <span class='ocrx_word' id='word_1_101' title='bbox 710 1042 848 1097; x_wconf 91' lang='lat' dir='ltr'>oppido</span> <span class='ocrx_word' id='word_1_102' title='bbox 876 1040 1116 1095; x_wconf 80' lang='lat' dir='ltr'>idumaeam,</span> <span class='ocrx_word' id='word_1_103' title='bbox 1150 1042 1465 1094; x_wconf 86' lang='lat' dir='ltr'>Madianitidem,</span> <span class='ocrx_word' id='word_1_104' title='bbox 1499 1044 1646 1085; x_wconf 86' lang='lat' dir='ltr'>Alaba-</span> 
     </span>
     <span class='ocr_line' id='line_1_14' title="bbox 87 1108 1644 1167; baseline 0.003 -19"><span class='ocrx_word' id='word_1_105' title='bbox 87 1108 302 1160; x_wconf 85' lang='lat' dir='ltr'>stritidem,</span> <span class='ocrx_word' id='word_1_106' title='bbox 337 1108 606 1160; x_wconf 87' lang='lat' dir='ltr'>Homeritem,</span> <span class='ocrx_word' id='word_1_107' title='bbox 643 1110 896 1162; x_wconf 87' lang='lat' dir='ltr'>Axomitem,</span> <span class='ocrx_word' id='word_1_108' title='bbox 931 1109 1133 1165; x_wconf 87' lang='lat' dir='ltr'>Bugaeam</span> <span class='ocrx_word' id='word_1_109' title='bbox 1165 1119 1202 1152; x_wconf 87' lang='lat' dir='ltr'>et</span> <span class='ocrx_word' id='word_1_110' title='bbox 1226 1110 1402 1166; x_wconf 85' lang='lat' dir='ltr'>Lybam,</span> <span class='ocrx_word' id='word_1_111' title='bbox 1445 1127 1567 1167; x_wconf 89' lang='lat' dir='ltr'>usque</span> <span class='ocrx_word' id='word_1_112' title='bbox 1599 1114 1644 1153; x_wconf 91' lang='lat' dir='ltr'>ad</span> 
     </span>
     <span class='ocr_line' id='line_1_15' title="bbox 87 1175 1645 1222; baseline 0.003 -5"><span class='ocrx_word' id='word_1_113' title='bbox 87 1175 323 1218; x_wconf 85' lang='lat' dir='ltr'>Bactrianos</span> <span class='ocrx_word' id='word_1_114' title='bbox 356 1177 452 1217; x_wconf 85' lang='lat' dir='ltr'>lines</span> <span class='ocrx_word' id='word_1_115' title='bbox 477 1177 611 1218; x_wconf 88' lang='lat' dir='ltr'>eadem</span> <span class='ocrx_word' id='word_1_116' title='bbox 638 1178 700 1218; x_wconf 87' lang='lat' dir='ltr'>illa</span> <span class='ocrx_word' id='word_1_117' title='bbox 727 1193 814 1219; x_wconf 88' lang='lat' dir='ltr'>sors</span> <span class='ocrx_word' id='word_1_118' title='bbox 837 1179 882 1219; x_wconf 89' lang='lat' dir='ltr'>ad</span> <span class='ocrx_word' id='word_1_119' title='bbox 908 1179 1098 1219; x_wconf 85' lang='lat' dir='ltr'>orientem</span> <span class='ocrx_word' id='word_1_120' title='bbox 1131 1194 1176 1220; x_wconf 90' lang='lat' dir='ltr'>ac</span> <span class='ocrx_word' id='word_1_121' title='bbox 1203 1180 1398 1220; x_wconf 88' lang='lat' dir='ltr'>attributis</span> <span class='ocrx_word' id='word_1_122' title='bbox 1431 1178 1551 1222; x_wconf 87' lang='lat' dir='ltr'>Semo</span> <span class='ocrx_word' id='word_1_123' title='bbox 1583 1195 1645 1222; x_wconf 89' lang='lat' dir='ltr'>re-</span> 
     </span>
     <span class='ocr_line' id='line_1_16' title="bbox 86 1242 1646 1304; baseline 0.004 -20"><span class='ocrx_word' id='word_1_124' title='bbox 86 1244 267 1300; x_wconf 88' lang='lat' dir='ltr'>gionibus</span> <span class='ocrx_word' id='word_1_125' title='bbox 294 1245 445 1285; x_wconf 86' lang='lat' dir='ltr'>dividit.</span> <span class='ocrx_word' id='word_1_126' title='bbox 510 1242 583 1286; x_wconf 89' lang='lat' dir='ltr'>Cui</span> <span class='ocrx_word' id='word_1_127' title='bbox 608 1246 761 1300; x_wconf 87' lang='lat' dir='ltr'>quidem</span> <span class='ocrx_word' id='word_1_128' title='bbox 784 1246 904 1288; x_wconf 87' lang='lat' dir='ltr'>Semo</span> <span class='ocrx_word' id='word_1_129' title='bbox 931 1248 1052 1287; x_wconf 89' lang='lat' dir='ltr'>altera</span> <span class='ocrx_word' id='word_1_130' title='bbox 1084 1262 1171 1288; x_wconf 91' lang='lat' dir='ltr'>sors</span> <span class='ocrx_word' id='word_1_131' title='bbox 1208 1248 1246 1288; x_wconf 89' lang='lat' dir='ltr'>in</span> <span class='ocrx_word' id='word_1_132' title='bbox 1281 1249 1522 1290; x_wconf 87' lang='lat' dir='ltr'>latitudinem</span> <span class='ocrx_word' id='word_1_133' title='bbox 1556 1264 1646 1304; x_wconf 92' lang='lat' dir='ltr'>por-</span> 
     </span>
     <span class='ocr_line' id='line_1_17' title="bbox 86 1312 1646 1371; baseline 0.003 -19"><span class='ocrx_word' id='word_1_134' title='bbox 86 1320 194 1353; x_wconf 84' lang='lat' dir='ltr'>recta</span> <span class='ocrx_word' id='word_1_135' title='bbox 220 1313 408 1367; x_wconf 85' lang='lat' dir='ltr'>contigit,</span> <span class='ocrx_word' id='word_1_136' title='bbox 451 1327 575 1368; x_wconf 89' lang='lat' dir='ltr'>eaque</span> <span class='ocrx_word' id='word_1_137' title='bbox 600 1312 866 1355; x_wconf 82' lang='lat' dir='ltr'>Palaestinam</span> <span class='ocrx_word' id='word_1_138' title='bbox 902 1316 1195 1371; x_wconf 83' lang='lat' dir='ltr'>complectitur,</span> <span class='ocrx_word' id='word_1_139' title='bbox 1241 1324 1279 1356; x_wconf 90' lang='lat' dir='ltr'>et.</span> <span class='ocrx_word' id='word_1_140' title='bbox 1308 1315 1573 1369; x_wconf 90' lang='lat' dir='ltr'>Phoenicem,</span> <span class='ocrx_word' id='word_1_141' title='bbox 1607 1324 1646 1357; x_wconf 88' lang='lat' dir='ltr'>et</span> 
     </span>
     <span class='ocr_line' id='line_1_18' title="bbox 88 1378 1638 1438; baseline 0.002 -16"><span class='ocrx_word' id='word_1_142' title='bbox 88 1378 238 1422; x_wconf 90' lang='lat' dir='ltr'>Coelen</span> <span class='ocrx_word' id='word_1_143' title='bbox 266 1379 446 1436; x_wconf 81' lang='lat' dir='ltr'>Syriam,</span> <span class='ocrx_word' id='word_1_144' title='bbox 483 1380 813 1436; x_wconf 85' lang='lat' dir='ltr'>Commagenam,</span> <span class='ocrx_word' id='word_1_145' title='bbox 849 1381 1051 1434; x_wconf 84' lang='lat' dir='ltr'>Ciliciam,</span> <span class='ocrx_word' id='word_1_146' title='bbox 1087 1384 1391 1438; x_wconf 84' lang='lat' dir='ltr'>Cappadociam,</span> <span class='ocrx_word' id='word_1_147' title='bbox 1427 1384 1638 1436; x_wconf 85' lang='lat' dir='ltr'>Galatiam,</span> 
     </span>
     <span class='ocr_line' id='line_1_19' title="bbox 84 1447 1638 1506; baseline 0.002 -17"><span class='ocrx_word' id='word_1_148' title='bbox 84 1447 413 1504; x_wconf 81' lang='lat' dir='ltr'>Paphlagoniam,</span> <span class='ocrx_word' id='word_1_149' title='bbox 449 1449 684 1500; x_wconf 85' lang='lat' dir='ltr'>Thraciam,</span> <span class='ocrx_word' id='word_1_150' title='bbox 720 1449 935 1505; x_wconf 85' lang='lat' dir='ltr'>Europam,</span> <span class='ocrx_word' id='word_1_151' title='bbox 970 1451 1205 1506; x_wconf 82' lang='lat' dir='ltr'>Rhodopen,</span> <span class='ocrx_word' id='word_1_152' title='bbox 1245 1451 1418 1502; x_wconf 84' lang='lat' dir='ltr'>Lasiam,</span> <span class='ocrx_word' id='word_1_153' title='bbox 1454 1451 1638 1504; x_wconf 89' lang='lat' dir='ltr'>lberiam,</span> 
     </span>
     <span class='ocr_line' id='line_1_20' title="bbox 86 1513 1643 1575; baseline 0.001 -17"><span class='ocrx_word' id='word_1_154' title='bbox 86 1513 296 1572; x_wconf 86' lang='lat' dir='ltr'>Caspiam‚</span> <span class='ocrx_word' id='word_1_155' title='bbox 333 1515 602 1573; x_wconf 79' lang='lat' dir='ltr'>Cardyaeam,</span> <span class='ocrx_word' id='word_1_156' title='bbox 637 1517 809 1559; x_wconf 82' lang='lat' dir='ltr'>Mediam</span> <span class='ocrx_word' id='word_1_157' title='bbox 834 1533 955 1574; x_wconf 88' lang='lat' dir='ltr'>usque</span> <span class='ocrx_word' id='word_1_158' title='bbox 984 1520 1030 1559; x_wconf 93' lang='lat' dir='ltr'>ad</span> <span class='ocrx_word' id='word_1_159' title='bbox 1058 1518 1385 1574; x_wconf 81' lang='lat' dir='ltr'>Septentriones,</span> <span class='ocrx_word' id='word_1_160' title='bbox 1418 1520 1481 1560; x_wconf 89' lang='lat' dir='ltr'>ubi</span> <span class='ocrx_word' id='word_1_161' title='bbox 1505 1519 1643 1575; x_wconf 85' lang='lat' dir='ltr'>laphet</span> 
     </span>
     <span class='ocr_line' id='line_1_21' title="bbox 85 1584 1642 1643; baseline 0.003 -19"><span class='ocrx_word' id='word_1_162' title='bbox 85 1584 286 1639; x_wconf 86' lang='lat' dir='ltr'>regionem</span> <span class='ocrx_word' id='word_1_163' title='bbox 307 1586 496 1626; x_wconf 83' lang='lat' dir='ltr'>excludit.</span> <span class='ocrx_word' id='word_1_164' title='bbox 559 1587 620 1626; x_wconf 92' lang='lat' dir='ltr'>Ad</span> <span class='ocrx_word' id='word_1_165' title='bbox 647 1587 888 1628; x_wconf 88' lang='lat' dir='ltr'>occidentem</span> <span class='ocrx_word' id='word_1_166' title='bbox 913 1602 1009 1628; x_wconf 85' lang='lat' dir='ltr'>vero</span> <span class='ocrx_word' id='word_1_167' title='bbox 1032 1587 1078 1627; x_wconf 91' lang='lat' dir='ltr'>ab</span> <span class='ocrx_word' id='word_1_168' title='bbox 1105 1586 1263 1642; x_wconf 82' lang='lat' dir='ltr'>Europa</span> <span class='ocrx_word' id='word_1_169' title='bbox 1286 1602 1408 1642; x_wconf 86' lang='lat' dir='ltr'>usque</span> <span class='ocrx_word' id='word_1_170' title='bbox 1435 1589 1480 1629; x_wconf 88' lang='lat' dir='ltr'>ad</span> <span class='ocrx_word' id='word_1_171' title='bbox 1498 1587 1642 1643; x_wconf 89' lang='lat' dir='ltr'>Hispa-</span> 
     </span>
     <span class='ocr_line' id='line_1_22' title="bbox 85 1651 1643 1708; baseline 0.001 -14"><span class='ocrx_word' id='word_1_172' title='bbox 85 1653 185 1694; x_wconf 84' lang='lat' dir='ltr'>niam</span> <span class='ocrx_word' id='word_1_173' title='bbox 213 1660 251 1693; x_wconf 81' lang='lat' dir='ltr'>et</span> <span class='ocrx_word' id='word_1_174' title='bbox 276 1651 542 1704; x_wconf 83' lang='lat' dir='ltr'>Britanniam,</span> <span class='ocrx_word' id='word_1_175' title='bbox 577 1668 623 1693; x_wconf 90' lang='lat' dir='ltr'>ac</span> <span class='ocrx_word' id='word_1_176' title='bbox 652 1655 833 1695; x_wconf 79' lang='lat' dir='ltr'>finitimas</span> <span class='ocrx_word' id='word_1_177' title='bbox 860 1655 935 1695; x_wconf 91' lang='lat' dir='ltr'>illic</span> <span class='ocrx_word' id='word_1_178' title='bbox 961 1654 1155 1695; x_wconf 87' lang='lat' dir='ltr'>nationes.</span> <span class='ocrx_word' id='word_1_179' title='bbox 1221 1654 1311 1708; x_wconf 79' lang='lat' dir='ltr'>Quo</span> <span class='ocrx_word' id='word_1_180' title='bbox 1341 1656 1378 1695; x_wconf 96' lang='lat' dir='ltr'>in</span> <span class='ocrx_word' id='word_1_181' title='bbox 1411 1662 1539 1696; x_wconf 89' lang='lat' dir='ltr'>tractu</span> <span class='ocrx_word' id='word_1_182' title='bbox 1562 1655 1643 1697; x_wconf 87' lang='lat' dir='ltr'>Ve-</span> 
     </span>
     <span class='ocr_line' id='line_1_23' title="bbox 86 1720 1643 1778; baseline 0.001 -16"><span class='ocrx_word' id='word_1_183' title='bbox 86 1721 165 1762; x_wconf 89' lang='lat' dir='ltr'>neti</span> <span class='ocrx_word' id='word_1_184' title='bbox 197 1727 310 1772; x_wconf 86' lang='lat' dir='ltr'>sunt,</span> <span class='ocrx_word' id='word_1_185' title='bbox 355 1729 394 1761; x_wconf 92' lang='lat' dir='ltr'>et</span> <span class='ocrx_word' id='word_1_186' title='bbox 417 1720 584 1773; x_wconf 91' lang='lat' dir='ltr'>Daunii,</span> <span class='ocrx_word' id='word_1_187' title='bbox 620 1720 810 1777; x_wconf 77' lang='lat' dir='ltr'>lapyges,</span> <span class='ocrx_word' id='word_1_188' title='bbox 847 1721 1027 1775; x_wconf 83' lang='lat' dir='ltr'>Calabri,</span> <span class='ocrx_word' id='word_1_189' title='bbox 1063 1722 1220 1774; x_wconf 89' lang='lat' dir='ltr'>Latini,</span> <span class='ocrx_word' id='word_1_190' title='bbox 1257 1721 1394 1778; x_wconf 86' lang='lat' dir='ltr'>Opici,</span> <span class='ocrx_word' id='word_1_191' title='bbox 1430 1722 1643 1778; x_wconf 83' lang='lat' dir='ltr'>Magardes</span> 
     </span>
     <span class='ocr_line' id='line_1_24' title="bbox 86 1788 1645 1844; baseline 0.002 -15"><span class='ocrx_word' id='word_1_192' title='bbox 86 1803 209 1844; x_wconf 86' lang='lat' dir='ltr'>usque</span> <span class='ocrx_word' id='word_1_193' title='bbox 255 1789 300 1829; x_wconf 90' lang='lat' dir='ltr'>ad</span> <span class='ocrx_word' id='word_1_194' title='bbox 333 1788 561 1844; x_wconf 87' lang='lat' dir='ltr'>Hispaniam</span> <span class='ocrx_word' id='word_1_195' title='bbox 603 1797 638 1829; x_wconf 83' lang='lat' dir='ltr'>et</span> <span class='ocrx_word' id='word_1_196' title='bbox 674 1790 865 1842; x_wconf 86' lang='lat' dir='ltr'>Galliam,</span> <span class='ocrx_word' id='word_1_197' title='bbox 912 1798 950 1831; x_wconf 89' lang='lat' dir='ltr'>et</span> <span class='ocrx_word' id='word_1_198' title='bbox 981 1790 1189 1832; x_wconf 85' lang='lat' dir='ltr'>Scotorum</span> <span class='ocrx_word' id='word_1_199' title='bbox 1230 1805 1274 1831; x_wconf 87' lang='lat' dir='ltr'>ac</span> <span class='ocrx_word' id='word_1_200' title='bbox 1307 1789 1548 1832; x_wconf 88' lang='lat' dir='ltr'>Francorum</span> <span class='ocrx_word' id='word_1_201' title='bbox 1581 1806 1645 1833; x_wconf 90' lang='lat' dir='ltr'>su-</span> 
     </span>
     <span class='ocr_line' id='line_1_25' title="bbox 86 1857 532 1913; baseline -0.004 -14"><span class='ocrx_word' id='word_1_202' title='bbox 86 1858 279 1913; x_wconf 86' lang='lat' dir='ltr'>periorem</span> <span class='ocrx_word' id='word_1_203' title='bbox 314 1857 532 1911; x_wconf 84' lang='lat' dir='ltr'>regionem.</span> 
     </span>
    </p>

    <p class='ocr_par' dir='ltr' id='par_1_3' title="bbox 85 1925 1642 2323">
     <span class='ocr_line' id='line_1_26' title="bbox 201 1925 1641 1979; baseline 0.001 -13"><span class='ocrx_word' id='word_1_204' title='bbox 201 1925 432 1966; x_wconf 87' lang='lat' dir='ltr'>Distributis</span> <span class='ocrx_word' id='word_1_205' title='bbox 460 1925 560 1966; x_wconf 88' lang='lat' dir='ltr'>hunc</span> <span class='ocrx_word' id='word_1_206' title='bbox 584 1925 622 1966; x_wconf 89' lang='lat' dir='ltr'>in</span> <span class='ocrx_word' id='word_1_207' title='bbox 653 1927 805 1967; x_wconf 89' lang='lat' dir='ltr'>modum</span> <span class='ocrx_word' id='word_1_208' title='bbox 835 1927 1005 1968; x_wconf 89' lang='lat' dir='ltr'>sortibus</span> <span class='ocrx_word' id='word_1_209' title='bbox 1030 1926 1227 1979; x_wconf 77' lang='lat' dir='ltr'>Noc&#39;mus,</span> <span class='ocrx_word' id='word_1_210' title='bbox 1263 1927 1491 1968; x_wconf 87' lang='lat' dir='ltr'>convocatis</span> <span class='ocrx_word' id='word_1_211' title='bbox 1517 1927 1641 1968; x_wconf 90' lang='lat' dir='ltr'>tribus</span> 
     </span>
     <span class='ocr_line' id='line_1_27' title="bbox 85 1993 1642 2050; baseline 0.001 -16"><span class='ocrx_word' id='word_1_212' title='bbox 85 1993 173 2035; x_wconf 93' lang='lat' dir='ltr'>filiis</span> <span class='ocrx_word' id='word_1_213' title='bbox 204 2000 492 2034; x_wconf 88' lang='lat' dir='ltr'>sacramentum</span> <span class='ocrx_word' id='word_1_214' title='bbox 524 1994 611 2035; x_wconf 94' lang='lat' dir='ltr'>illos</span> <span class='ocrx_word' id='word_1_215' title='bbox 637 1995 788 2049; x_wconf 87' lang='lat' dir='ltr'>adegit,</span> <span class='ocrx_word' id='word_1_216' title='bbox 823 2009 871 2035; x_wconf 87' lang='lat' dir='ltr'>ne</span> <span class='ocrx_word' id='word_1_217' title='bbox 893 1996 978 2050; x_wconf 91' lang='lat' dir='ltr'>quis</span> <span class='ocrx_word' id='word_1_218' title='bbox 999 1996 1037 2036; x_wconf 93' lang='lat' dir='ltr'>in</span> <span class='ocrx_word' id='word_1_219' title='bbox 1064 1996 1196 2036; x_wconf 83' lang='lat' dir='ltr'>fratris</span> <span class='ocrx_word' id='word_1_220' title='bbox 1222 1996 1280 2036; x_wconf 87' lang='lat' dir='ltr'>sui</span> <span class='ocrx_word' id='word_1_221' title='bbox 1305 2003 1450 2036; x_wconf 86' lang='lat' dir='ltr'>sortem</span> <span class='ocrx_word' id='word_1_222' title='bbox 1481 1995 1642 2036; x_wconf 88' lang='lat' dir='ltr'>invade-</span> 
     </span>
     <span class='ocr_line' id='line_1_28' title="bbox 85 2061 1642 2117; baseline 0 -14"><span class='ocrx_word' id='word_1_223' title='bbox 85 2069 170 2113; x_wconf 84' lang='lat' dir='ltr'>ret,</span> <span class='ocrx_word' id='word_1_224' title='bbox 205 2076 370 2117; x_wconf 89' lang='lat' dir='ltr'>eumque</span> <span class='ocrx_word' id='word_1_225' title='bbox 394 2061 537 2102; x_wconf 88' lang='lat' dir='ltr'>iniuria</span> <span class='ocrx_word' id='word_1_226' title='bbox 565 2063 883 2104; x_wconf 81' lang='lat' dir='ltr'>circumveniret.</span> <span class='ocrx_word' id='word_1_227' title='bbox 947 2064 1002 2104; x_wconf 89' lang='lat' dir='ltr'>At</span> <span class='ocrx_word' id='word_1_228' title='bbox 1029 2061 1228 2105; x_wconf 84' lang='lat' dir='ltr'>Chanaam</span> <span class='ocrx_word' id='word_1_229' title='bbox 1262 2063 1362 2104; x_wconf 86' lang='lat' dir='ltr'>filius</span> <span class='ocrx_word' id='word_1_230' title='bbox 1392 2061 1516 2104; x_wconf 87' lang='lat' dir='ltr'>Cham</span> <span class='ocrx_word' id='word_1_231' title='bbox 1548 2064 1642 2104; x_wconf 84' lang='lat' dir='ltr'>alie-</span> 
     </span>
     <span class='ocr_line' id='line_1_29' title="bbox 86 2129 1641 2187; baseline 0.001 -17"><span class='ocrx_word' id='word_1_232' title='bbox 86 2144 220 2171; x_wconf 86' lang='lat' dir='ltr'>narum</span> <span class='ocrx_word' id='word_1_233' title='bbox 247 2144 376 2171; x_wconf 87' lang='lat' dir='ltr'>rerum</span> <span class='ocrx_word' id='word_1_234' title='bbox 407 2130 568 2185; x_wconf 92' lang='lat' dir='ltr'>cupidus</span> <span class='ocrx_word' id='word_1_235' title='bbox 592 2129 853 2172; x_wconf 85' lang='lat' dir='ltr'>Palaestinam</span> <span class='ocrx_word' id='word_1_236' title='bbox 883 2132 1107 2187; x_wconf 86' lang='lat' dir='ltr'>occupavit,</span> <span class='ocrx_word' id='word_1_237' title='bbox 1143 2146 1242 2186; x_wconf 84' lang='lat' dir='ltr'>quae</span> <span class='ocrx_word' id='word_1_238' title='bbox 1267 2132 1314 2172; x_wconf 92' lang='lat' dir='ltr'>ob</span> <span class='ocrx_word' id='word_1_239' title='bbox 1343 2132 1379 2171; x_wconf 93' lang='lat' dir='ltr'>id</span> <span class='ocrx_word' id='word_1_240' title='bbox 1402 2139 1506 2172; x_wconf 88' lang='lat' dir='ltr'>terra</span> <span class='ocrx_word' id='word_1_241' title='bbox 1537 2129 1641 2172; x_wconf 86' lang='lat' dir='ltr'>Cha-</span> 
     </span>
     <span class='ocr_line' id='line_1_30' title="bbox 86 2199 1639 2254; baseline 0.001 -16"><span class='ocrx_word' id='word_1_242' title='bbox 86 2212 184 2239; x_wconf 81' lang='lat' dir='ltr'>naau</span> <span class='ocrx_word' id='word_1_243' title='bbox 208 2199 397 2254; x_wconf 87' lang='lat' dir='ltr'>appellata</span> <span class='ocrx_word' id='word_1_244' title='bbox 423 2205 506 2250; x_wconf 89' lang='lat' dir='ltr'>est,</span> <span class='ocrx_word' id='word_1_245' title='bbox 541 2199 641 2253; x_wconf 90' lang='lat' dir='ltr'>quod</span> <span class='ocrx_word' id='word_1_246' title='bbox 665 2199 798 2240; x_wconf 85' lang='lat' dir='ltr'>relicta</span> <span class='ocrx_word' id='word_1_247' title='bbox 819 2201 977 2254; x_wconf 87' lang='lat' dir='ltr'>regione</span> <span class='ocrx_word' id='word_1_248' title='bbox 1001 2214 1094 2252; x_wconf 92' lang='lat' dir='ltr'>sua,</span> <span class='ocrx_word' id='word_1_249' title='bbox 1130 2214 1228 2254; x_wconf 90' lang='lat' dir='ltr'>quae</span> <span class='ocrx_word' id='word_1_250' title='bbox 1254 2200 1301 2240; x_wconf 92' lang='lat' dir='ltr'>ob</span> <span class='ocrx_word' id='word_1_251' title='bbox 1330 2207 1480 2241; x_wconf 87' lang='lat' dir='ltr'>aestum</span> <span class='ocrx_word' id='word_1_252' title='bbox 1513 2199 1639 2240; x_wconf 90' lang='lat' dir='ltr'>miuus</span> 
     </span>
     <span class='ocr_line' id='line_1_31' title="bbox 86 2266 1640 2323; baseline -0.001 -15"><span class='ocrx_word' id='word_1_253' title='bbox 86 2267 288 2308; x_wconf 77' lang='lat' dir='ltr'>commoda</span> <span class='ocrx_word' id='word_1_254' title='bbox 316 2266 544 2318; x_wconf 86' lang='lat' dir='ltr'>videbatur,</span> <span class='ocrx_word' id='word_1_255' title='bbox 578 2266 655 2307; x_wconf 92' lang='lat' dir='ltr'>illic</span> <span class='ocrx_word' id='word_1_256' title='bbox 681 2267 880 2309; x_wconf 86' lang='lat' dir='ltr'>habitarit.</span> <span class='ocrx_word' id='word_1_257' title='bbox 943 2267 1051 2322; x_wconf 85' lang='lat' dir='ltr'>Ergo</span> <span class='ocrx_word' id='word_1_258' title='bbox 1078 2268 1114 2308; x_wconf 91' lang='lat' dir='ltr'>in</span> <span class='ocrx_word' id='word_1_259' title='bbox 1146 2266 1255 2309; x_wconf 89' lang='lat' dir='ltr'>Semi</span> <span class='ocrx_word' id='word_1_260' title='bbox 1290 2267 1541 2323; x_wconf 89' lang='lat' dir='ltr'>possessione</span> <span class='ocrx_word' id='word_1_261' title='bbox 1573 2267 1640 2307; x_wconf 93' lang='lat' dir='ltr'>do-</span> 
     </span>
    </p>
   </div>
   <div class='ocr_carea' id='block_1_3' title="bbox 441 216 1292 252">
    <p class='ocr_par' dir='ltr' id='par_1_4' title="bbox 441 216 1292 252">
     <span class='ocr_line' id='line_1_32' title="bbox 441 216 1292 252; baseline 0.006 -5"><span class='ocrx_word' id='word_1_262' title='bbox 441 216 619 248; x_wconf 78' lang='lat' dir='ltr'><strong>PANARH</strong></span> <span class='ocrx_word' id='word_1_263' title='bbox 647 217 731 248; x_wconf 77' lang='lat' dir='ltr'>Llss.</span> <span class='ocrx_word' id='word_1_264' title='bbox 753 216 794 249; x_wconf 85' lang='lat' dir='ltr'>ll.</span> <span class='ocrx_word' id='word_1_265' title='bbox 819 219 927 250; x_wconf 82' lang='lat' dir='ltr'>TOM.</span> <span class='ocrx_word' id='word_1_266' title='bbox 949 220 987 251; x_wconf 90' lang='lat' dir='ltr'>ll.</span> <span class='ocrx_word' id='word_1_267' title='bbox 1014 219 1144 251; x_wconf 78' lang='lat' dir='ltr'>HAER.</span> <span class='ocrx_word' id='word_1_268' title='bbox 1169 220 1292 252; x_wconf 79' lang='lat' dir='ltr'>LXVt.</span> 
     </span>
    </p>
   </div>
   <div class='ocr_carea' id='block_1_4' title="bbox 85 2389 1640 2524">
    <p class='ocr_par' dir='ltr' id='par_1_5' title="bbox 85 2389 1640 2524">
     <span class='ocr_line' id='line_1_33' title="bbox 85 2389 1638 2444; baseline 0.001 -21"><span class='ocrx_word' id='word_1_269' title='bbox 85 2395 235 2423; x_wconf 84' lang='lat' dir='ltr'>memorat</span> <span class='ocrx_word' id='word_1_270' title='bbox 263 2392 467 2431; x_wconf 59' lang='lat' dir='ltr'>Step12.13yz.</span> <span class='ocrx_word' id='word_1_271' title='bbox 517 2393 630 2424; x_wconf 79' lang='lat' dir='ltr'>Libum</span> <span class='ocrx_word' id='word_1_272' title='bbox 652 2393 763 2432; x_wconf 82' lang='lat' dir='ltr'>Syriae</span> <span class='ocrx_word' id='word_1_273' title='bbox 786 2403 840 2425; x_wconf 83' lang='lat' dir='ltr'>ur-</span> <span class='ocrx_word' id='word_1_274' title='bbox 885 2394 975 2425; x_wconf 78' lang='lat' dir='ltr'>habet</span> <span class='ocrx_word' id='word_1_275' title='bbox 989 2392 1047 2426; x_wconf 74' lang='grc' dir='ltr'>ναὶ</span> <span class='ocrx_word' id='word_1_276' title='bbox 1059 2392 1183 2434; x_wconf 76' lang='grc' dir='ltr'>λαῦροι</span> <span class='ocrx_word' id='word_1_277' title='bbox 1206 2395 1313 2425; x_wconf 77' lang='lat' dir='ltr'>Pelav.</span> <span class='ocrx_word' id='word_1_278' title='bbox 1325 2389 1638 2444; x_wconf 72' lang='grc' dir='ltr'>υοΙεὺαιΚοίλαυ-ρον..</span> 
     </span>
     <span class='ocr_line' id='line_1_34' title="bbox 86 2432 1640 2476; baseline 0.001 -8"><span class='ocrx_word' id='word_1_279' title='bbox 86 2438 152 2468; x_wconf 87' lang='lat' dir='ltr'>bem</span> <span class='ocrx_word' id='word_1_280' title='bbox 177 2438 286 2476; x_wconf 74' lang='lat' dir='ltr'>Polyb.</span> <span class='ocrx_word' id='word_1_281' title='bbox 315 2438 349 2476; x_wconf 84' lang='lat' dir='ltr'>V,</span> <span class='ocrx_word' id='word_1_282' title='bbox 375 2436 427 2468; x_wconf 82' lang='lat'>51.</span> <span class='ocrx_word' id='word_1_283' title='bbox 1008 2435 1155 2472; x_wconf 75' lang='grc' dir='ltr'>Ιππικοι</span> <span class='ocrx_word' id='word_1_284' title='bbox 1178 2432 1576 2470; x_wconf 71' lang='grc' dir='ltr'>1ιαὺεεΑηοον.ο’πτικοὶ</span> <span class='ocrx_word' id='word_1_285' title='bbox 1598 2440 1640 2469; x_wconf 78' lang='grc' dir='ltr'>εει</span> 
     </span>
     <span class='ocr_line' id='line_1_35' title="bbox 133 2440 1182 2524; baseline 0.003 -12"><span class='ocrx_word' id='word_1_286' title='bbox 133 2481 183 2514; x_wconf 90' lang='grc'>13.</span> <span class='ocrx_word' id='word_1_287' title='bbox 213 2483 259 2521; x_wconf 74' lang='lat' dir='ltr'>Cf.</span> <span class='ocrx_word' id='word_1_288' title='bbox 287 2491 384 2521; x_wconf 81' lang='lat' dir='ltr'>supra</span> <span class='ocrx_word' id='word_1_289' title='bbox 416 2483 500 2513; x_wconf 83' lang='lat' dir='ltr'>haer.</span> <span class='ocrx_word' id='word_1_290' title='bbox 532 2481 569 2521; x_wconf 93' lang='lat'>1,</span> <span class='ocrx_word' id='word_1_291' title='bbox 595 2479 624 2513; x_wconf 85' lang='grc'>4.</span> <span class='ocrx_word' id='word_1_292' title='bbox 675 2484 841 2524; x_wconf 65' lang='lat' dir='ltr'>Significat</span> <span class='ocrx_word' id='word_1_293' title='bbox 886 2486 919 2516; x_wconf 82' lang='lat' dir='ltr'>in</span> <span class='ocrx_word' id='word_1_294' title='bbox 934 2440 1062 2516; x_wconf 62' lang='lat' dir='ltr'>lPlanar.</span> <span class='ocrx_word' id='word_1_295' title='bbox 1087 2486 1182 2515; x_wconf 81' lang='lat' dir='ltr'>libris.</span> 
     </span>
    </p>
   </div>
   <div class='ocr_carea' id='block_1_5' title="bbox 85 2524 1637 2570">
    <p class='ocr_par' dir='ltr' id='par_1_6' title="bbox 85 2524 1637 2570">
     <span class='ocr_line' id='line_1_36' title="bbox 85 2524 1637 2570; baseline 0 -10"><span class='ocrx_word' id='word_1_296' title='bbox 85 2525 294 2568; x_wconf 79' lang='grc' dir='ltr'>Γορδυαίους</span> <span class='ocrx_word' id='word_1_297' title='bbox 319 2528 493 2566; x_wconf 78' lang='lat' dir='ltr'>Strabonis,</span> <span class='ocrx_word' id='word_1_298' title='bbox 510 2537 586 2566; x_wconf 81' lang='lat' dir='ltr'>quos</span> <span class='ocrx_word' id='word_1_299' title='bbox 603 2529 749 2567; x_wconf 81' lang='lat' dir='ltr'>Iosephus</span> <span class='ocrx_word' id='word_1_300' title='bbox 770 2529 1152 2562; x_wconf 70' lang='lat' dir='ltr'>Ant.18.Fo›lasse</span> <span class='ocrx_word' id='word_1_301' title='bbox 1178 2529 1350 2570; x_wconf 71' lang='grc' dir='ltr'>Δαλματεῖ</span> <span class='ocrx_word' id='word_1_302' title='bbox 1352 2538 1388 2565; x_wconf 90' lang='grc' dir='ltr'>ς,</span> <span class='ocrx_word' id='word_1_303' title='bbox 1423 2528 1471 2559; x_wconf 75' lang='lat' dir='ltr'>‘tel</span> <span class='ocrx_word' id='word_1_304' title='bbox 1495 2524 1637 2569; x_wconf 83' lang='grc' dir='ltr'>Μόργη-</span> 
     </span>
    </p>
   </div>
   <div class='ocr_carea' id='block_1_6' title="bbox 84 2571 842 3065">
    <p class='ocr_par' dir='ltr' id='par_1_7' title="bbox 84 2571 840 2705">
     <span class='ocr_line' id='line_1_37' title="bbox 84 2571 840 2612; baseline 0 -8"><span class='ocrx_word' id='word_1_305' title='bbox 84 2573 110 2611; x_wconf 90' lang='grc' dir='ltr'>Ι,</span> <span class='ocrx_word' id='word_1_306' title='bbox 124 2571 154 2604; x_wconf 93' lang='grc'>4.</span> <span class='ocrx_word' id='word_1_307' title='bbox 178 2575 205 2603; x_wconf 81' lang='lat' dir='ltr'>et</span> <span class='ocrx_word' id='word_1_308' title='bbox 229 2573 414 2611; x_wconf 63' lang='lat' dir='ltr'>Philoslorfl.</span> <span class='ocrx_word' id='word_1_309' title='bbox 433 2572 498 2611; x_wconf 92' lang='grc'>3,</span> <span class='ocrx_word' id='word_1_310' title='bbox 486 2587 509 2604; x_wconf 72' lang='grc' dir='ltr'>ι.</span> <span class='ocrx_word' id='word_1_311' title='bbox 535 2572 688 2612; x_wconf 61' lang='grc' dir='ltr'>Κοοδυαί</span> <span class='ocrx_word' id='word_1_312' title='bbox 678 2584 756 2612; x_wconf 81' lang='grc' dir='ltr'>ους,</span> <span class='ocrx_word' id='word_1_313' title='bbox 783 2575 840 2604; x_wconf 83' lang='lat' dir='ltr'>alii</span> 
     </span>
     <span class='ocr_line' id='line_1_38' title="bbox 85 2596 840 2661; baseline 0 -12"><span class='ocrx_word' id='word_1_314' title='bbox 85 2615 301 2658; x_wconf 80' lang='grc' dir='ltr'>Γορδυηνοὺς</span> <span class='ocrx_word' id='word_1_315' title='bbox 337 2596 547 2659; x_wconf 76' lang='lat' dir='ltr'>(Cordiicuos</span> <span class='ocrx_word' id='word_1_316' title='bbox 579 2619 660 2650; x_wconf 75' lang='lat' dir='ltr'>Ptin.</span> <span class='ocrx_word' id='word_1_317' title='bbox 688 2620 745 2658; x_wconf 83' lang='grc' dir='ltr'>Η,</span> <span class='ocrx_word' id='word_1_318' title='bbox 776 2618 840 2661; x_wconf 75' lang='grc'>15.)</span> 
     </span>
     <span class='ocr_line' id='line_1_39' title="bbox 86 2659 366 2717; baseline 0.008 -25"><span class='ocrx_word' id='word_1_319' title='bbox 86 2665 113 2692; x_wconf 80' lang='lat' dir='ltr'>et</span> <span class='ocrx_word' id='word_1_320' title='bbox 136 2659 366 2717; x_wconf 75' lang='grc' dir='ltr'>Καρδούχους.</span> 
     </span>
    </p>

    <p class='ocr_par' dir='ltr' id='par_1_8' title="bbox 85 2704 422 2793">
     <span class='ocr_line' id='line_1_40' title="bbox 133 2704 422 2739; baseline 0.004 -1"><span class='ocrx_word' id='word_1_321' title='bbox 133 2704 182 2738; x_wconf 90' lang='grc'>14.</span> <span class='ocrx_word' id='word_1_322' title='bbox 209 2708 256 2739; x_wconf 83' lang='lat' dir='ltr'>Ila</span> <span class='ocrx_word' id='word_1_323' title='bbox 279 2708 346 2738; x_wconf 90' lang='lat' dir='ltr'>cod.</span> <span class='ocrx_word' id='word_1_324' title='bbox 363 2708 422 2739; x_wconf 78' lang='lat' dir='ltr'>len.</span> 
     </span>
     <span class='ocr_line' id='line_1_41' title="bbox 85 2751 410 2793; baseline 0.01 -11"><span class='ocrx_word' id='word_1_325' title='bbox 85 2751 196 2783; x_wconf 71' lang='lat' dir='ltr'>habent</span> <span class='ocrx_word' id='word_1_326' title='bbox 221 2751 280 2793; x_wconf 85' lang='grc' dir='ltr'>Βρ</span> <span class='ocrx_word' id='word_1_327' title='bbox 275 2751 410 2789; x_wconf 78' lang='grc' dir='ltr'>ιτανίας.</span> 
     </span>
    </p>

    <p class='ocr_par' dir='ltr' id='par_1_9' title="bbox 86 2793 827 2972">
     <span class='ocr_line' id='line_1_42' title="bbox 135 2793 561 2839; baseline 0.01 -12"><span class='ocrx_word' id='word_1_328' title='bbox 135 2796 182 2828; x_wconf 78' lang='grc'>15.</span> <span class='ocrx_word' id='word_1_329' title='bbox 210 2798 353 2829; x_wconf 79' lang='lat' dir='ltr'>Fortasse</span> <span class='ocrx_word' id='word_1_330' title='bbox 379 2793 551 2839; x_wconf 77' lang='grc' dir='ltr'>Έλληνε</span> <span class='ocrx_word' id='word_1_331' title='bbox 518 2821 561 2836; x_wconf 65' lang='lat'>...3</span> 
     </span>
     <span class='ocr_line' id='line_1_43' title="bbox 86 2837 837 2897; baseline 0.005 -25"><span class='ocrx_word' id='word_1_332' title='bbox 86 2845 307 2874; x_wconf 80' lang='lat' dir='ltr'>enumerantur</span> <span class='ocrx_word' id='word_1_333' title='bbox 326 2837 474 2881; x_wconf 82' lang='grc' dir='ltr'>Ουέννοι,</span> <span class='ocrx_word' id='word_1_334' title='bbox 496 2843 618 2876; x_wconf 63' lang='lat' dir='ltr'>Armis?</span> <span class='ocrx_word' id='word_1_335' title='bbox 620 2855 645 2884; x_wconf 83' lang='lat'>3,</span> <span class='ocrx_word' id='word_1_336' title='bbox 671 2839 837 2897; x_wconf 78' lang='grc' dir='ltr'>Ἰάπυγες</span> 
     </span>
     <span class='ocr_line' id='line_1_44' title="bbox 86 2885 840 2931; baseline 0.005 -13"><span class='ocrx_word' id='word_1_337' title='bbox 86 2887 196 2918; x_wconf 80' lang='lat' dir='ltr'>Petav.</span> <span class='ocrx_word' id='word_1_338' title='bbox 218 2888 394 2927; x_wconf 77' lang='lat' dir='ltr'>suspicatus</span> <span class='ocrx_word' id='word_1_339' title='bbox 423 2891 465 2920; x_wconf 81' lang='lat' dir='ltr'>est</span> <span class='ocrx_word' id='word_1_340' title='bbox 490 2885 622 2922; x_wconf 81' lang='grc' dir='ltr'>Ενετοί</span> <span class='ocrx_word' id='word_1_341' title='bbox 647 2888 683 2931; x_wconf 83' lang='lat' dir='ltr'>(i.</span> <span class='ocrx_word' id='word_1_342' title='bbox 704 2898 727 2920; x_wconf 86' lang='lat' dir='ltr'>e.</span> <span class='ocrx_word' id='word_1_343' title='bbox 753 2885 840 2922; x_wconf 81' lang='grc' dir='ltr'>Ου’έ-</span> 
     </span>
     <span class='ocr_line' id='line_1_45' title="bbox 87 2931 200 2972; baseline 0 -9"><span class='ocrx_word' id='word_1_344' title='bbox 87 2931 200 2972; x_wconf 84' lang='grc' dir='ltr'>νετοι).</span> 
     </span>
    </p>

    <p class='ocr_par' dir='ltr' id='par_1_10' title="bbox 87 2974 842 3065">
     <span class='ocr_line' id='line_1_46' title="bbox 136 2974 842 3019; baseline 0.008 -13"><span class='ocrx_word' id='word_1_345' title='bbox 136 2974 189 3007; x_wconf 90' lang='grc'>16.</span> <span class='ocrx_word' id='word_1_346' title='bbox 213 2976 266 3008; x_wconf 85' lang='lat' dir='ltr'>Sic</span> <span class='ocrx_word' id='word_1_347' title='bbox 295 2979 414 3010; x_wconf 80' lang='lat' dir='ltr'>correxi</span> <span class='ocrx_word' id='word_1_348' title='bbox 444 2987 482 3010; x_wconf 81' lang='lat' dir='ltr'>ex</span> <span class='ocrx_word' id='word_1_349' title='bbox 511 2980 665 3012; x_wconf 77' lang='lat' dir='ltr'>Ancoralo</span> <span class='ocrx_word' id='word_1_350' title='bbox 693 2989 751 3019; x_wconf 85' lang='lat' dir='ltr'>pro</span> <span class='ocrx_word' id='word_1_351' title='bbox 783 2978 842 3012; x_wconf 74' lang='grc' dir='ltr'>καὶ</span> 
     </span>
     <span class='ocr_line' id='line_1_47' title="bbox 87 3016 840 3065; baseline 0.004 -12"><span class='ocrx_word' id='word_1_352' title='bbox 87 3016 231 3063; x_wconf 81' lang='grc' dir='ltr'>Δάβροι,</span> <span class='ocrx_word' id='word_1_353' title='bbox 254 3023 338 3061; x_wconf 82' lang='lat' dir='ltr'>quod</span> <span class='ocrx_word' id='word_1_354' title='bbox 358 3024 451 3063; x_wconf 68' lang='lat' dir='ltr'>vulgo</span> <span class='ocrx_word' id='word_1_355' title='bbox 474 3027 567 3056; x_wconf 75' lang='lat' dir='ltr'>extat.</span> <span class='ocrx_word' id='word_1_356' title='bbox 619 3025 693 3056; x_wconf 88' lang='lat' dir='ltr'>Cod.</span> <span class='ocrx_word' id='word_1_357' title='bbox 710 3025 840 3065; x_wconf 70' lang='lat' dir='ltr'>Rhediy.</span> 
     </span>
    </p>
   </div>
   <div class='ocr_carea' id='block_1_7' title="bbox 157 3074 581 3110">
    <p class='ocr_par' dir='ltr' id='par_1_11' title="bbox 157 3074 581 3110">
     <span class='ocr_line' id='line_1_48' title="bbox 157 3074 581 3110; baseline 0.012 -10"><span class='ocrx_word' id='word_1_358' title='bbox 157 3074 275 3110; x_wconf 78' lang='lat' dir='ltr'>corpus</span> <span class='ocrx_word' id='word_1_359' title='bbox 293 3075 472 3105; x_wconf 74' lang='lat' dir='ltr'>fluet-escol.</span> <span class='ocrx_word' id='word_1_360' title='bbox 497 3076 536 3106; x_wconf 88' lang='lat'>11.</span> <span class='ocrx_word' id='word_1_361' title='bbox 555 3079 581 3106; x_wconf 84' lang='lat'>2.</span> 
     </span>
    </p>
   </div>
   <div class='ocr_carea' id='block_1_8' title="bbox 474 2709 840 2749">
    <p class='ocr_par' dir='ltr' id='par_1_12' title="bbox 474 2709 840 2749">
     <span class='ocr_line' id='line_1_49' title="bbox 474 2709 840 2749; baseline 0.003 -10"><span class='ocrx_word' id='word_1_362' title='bbox 474 2709 548 2740; x_wconf 86' lang='lat' dir='ltr'>Cod.</span> <span class='ocrx_word' id='word_1_363' title='bbox 564 2709 693 2749; x_wconf 73' lang='lat' dir='ltr'>Rhediy.</span> <span class='ocrx_word' id='word_1_364' title='bbox 718 2711 745 2740; x_wconf 75' lang='lat' dir='ltr'>et</span> <span class='ocrx_word' id='word_1_365' title='bbox 766 2709 840 2740; x_wconf 82' lang='lat' dir='ltr'>edili</span> 
     </span>
    </p>
   </div>
   <div class='ocr_carea' id='block_1_9' title="bbox 619 2800 840 2831">
    <p class='ocr_par' dir='ltr' id='par_1_13' title="bbox 619 2800 840 2831">
     <span class='ocr_line' id='line_1_50' title="bbox 619 2800 840 2831; baseline 0 -1"><span class='ocrx_word' id='word_1_366' title='bbox 619 2800 653 2830; x_wconf 85' lang='lat' dir='ltr'>ln</span> <span class='ocrx_word' id='word_1_367' title='bbox 686 2800 840 2831; x_wconf 80' lang='lat' dir='ltr'>Ancoralo</span> 
     </span>
    </p>
   </div>
   <div class='ocr_carea' id='block_1_10' title="bbox 886 2585 1642 3063">
    <p class='ocr_par' dir='ltr' id='par_1_14' title="bbox 888 2585 953 2612">
     <span class='ocr_line' id='line_1_51' title="bbox 888 2585 953 2612; baseline 0 -5"><span class='ocrx_word' id='word_1_368' title='bbox 888 2585 953 2612; x_wconf 76' lang='grc' dir='ltr'>τες.</span> 
     </span>
    </p>

    <p class='ocr_par' dir='ltr' id='par_1_15' title="bbox 936 2616 1434 2661">
     <span class='ocr_line' id='line_1_52' title="bbox 936 2616 1434 2661; baseline -0.008 -10"><span class='ocrx_word' id='word_1_369' title='bbox 936 2617 986 2652; x_wconf 85' lang='grc'>19.</span> <span class='ocrx_word' id='word_1_370' title='bbox 1013 2616 1069 2653; x_wconf 75' lang='grc' dir='ltr'>διὰ</span> <span class='ocrx_word' id='word_1_371' title='bbox 1093 2618 1242 2661; x_wconf 71' lang='grc' dir='ltr'>κατοχῆς</span> <span class='ocrx_word' id='word_1_372' title='bbox 1265 2619 1312 2649; x_wconf 81' lang='lat' dir='ltr'>ed.</span> <span class='ocrx_word' id='word_1_373' title='bbox 1335 2619 1434 2657; x_wconf 82' lang='lat' dir='ltr'>princ.</span> 
     </span>
    </p>

    <p class='ocr_par' dir='ltr' id='par_1_16' title="bbox 930 2663 1414 2701">
     <span class='ocr_line' id='line_1_53' title="bbox 930 2663 1414 2701; baseline -0.002 -5"><span class='ocrx_word' id='word_1_374' title='bbox 930 2664 984 2696; x_wconf 74' lang='lat'>20.</span> <span class='ocrx_word' id='word_1_375' title='bbox 1012 2663 1167 2701; x_wconf 72' lang='grc' dir='ltr'>ἰσπανίας</span> <span class='ocrx_word' id='word_1_376' title='bbox 1192 2664 1257 2694; x_wconf 76' lang='lat' dir='ltr'>cod.</span> <span class='ocrx_word' id='word_1_377' title='bbox 1286 2664 1414 2701; x_wconf 70' lang='lat' dir='ltr'>Rhediq.</span> 
     </span>
    </p>

    <p class='ocr_par' dir='ltr' id='par_1_17' title="bbox 931 2706 1438 2741">
     <span class='ocr_line' id='line_1_54' title="bbox 931 2706 1438 2741; baseline -0.002 0"><span class='ocrx_word' id='word_1_378' title='bbox 931 2708 985 2741; x_wconf 76' lang='lat'>21.</span> <span class='ocrx_word' id='word_1_379' title='bbox 1012 2711 1099 2740; x_wconf 80' lang='lat' dir='ltr'>Libri</span> <span class='ocrx_word' id='word_1_380' title='bbox 1123 2710 1233 2739; x_wconf 75' lang='lat' dir='ltr'>habent</span> <span class='ocrx_word' id='word_1_381' title='bbox 1258 2706 1438 2741; x_wconf 71' lang='grc' dir='ltr'>Σκόπτων.</span> 
     </span>
    </p>

    <p class='ocr_par' dir='ltr' id='par_1_18' title="bbox 886 2748 1639 2839">
     <span class='ocr_line' id='line_1_55' title="bbox 934 2748 1639 2790; baseline -0.003 -6"><span class='ocrx_word' id='word_1_382' title='bbox 934 2754 1010 2785; x_wconf 68' lang='grc' dir='ltr'>ΟΜ».</span> <span class='ocrx_word' id='word_1_383' title='bbox 1034 2754 1212 2784; x_wconf 78' lang='lat' dir='ltr'>LXXXV.</span> <span class='ocrx_word' id='word_1_384' title='bbox 1249 2771 1293 2776; x_wconf 91' lang='lat'>—</span> <span class='ocrx_word' id='word_1_385' title='bbox 1345 2753 1370 2784; x_wconf 90' lang='lat'>1.</span> <span class='ocrx_word' id='word_1_386' title='bbox 1397 2748 1512 2790; x_wconf 66' lang='grc' dir='ltr'>αὐτοῖς</span> <span class='ocrx_word' id='word_1_387' title='bbox 1548 2753 1639 2786; x_wconf 79' lang='lat' dir='ltr'>codd.</span> 
     </span>
     <span class='ocr_line' id='line_1_56' title="bbox 886 2796 1220 2839; baseline -0.012 -8"><span class='ocrx_word' id='word_1_388' title='bbox 886 2809 979 2839; x_wconf 67' lang='lat' dir='ltr'>mss,</span> <span class='ocrx_word' id='word_1_389' title='bbox 1005 2796 1116 2831; x_wconf 75' lang='grc' dir='ltr'>αὐτῶν</span> <span class='ocrx_word' id='word_1_390' title='bbox 1139 2800 1220 2829; x_wconf 80' lang='lat' dir='ltr'>edili.</span> 
     </span>
    </p>

    <p class='ocr_par' dir='ltr' id='par_1_19' title="bbox 887 2842 1642 3063">
     <span class='ocr_line' id='line_1_57' title="bbox 931 2842 1641 2883; baseline -0.004 -7"><span class='ocrx_word' id='word_1_391' title='bbox 931 2845 962 2876; x_wconf 75' lang='lat'>¹2.</span> <span class='ocrx_word' id='word_1_392' title='bbox 989 2846 1023 2875; x_wconf 83' lang='lat' dir='ltr'>In</span> <span class='ocrx_word' id='word_1_393' title='bbox 1044 2847 1196 2874; x_wconf 66' lang='lat' dir='ltr'>Ant-orato</span> <span class='ocrx_word' id='word_1_394' title='bbox 1218 2853 1250 2882; x_wconf 82' lang='lat' dir='ltr'>p.</span> <span class='ocrx_word' id='word_1_395' title='bbox 1276 2842 1346 2874; x_wconf 61' lang='lat'>118.</span> <span class='ocrx_word' id='word_1_396' title='bbox 1373 2845 1403 2875; x_wconf 84' lang='lat' dir='ltr'>in</span> <span class='ocrx_word' id='word_1_397' title='bbox 1426 2845 1490 2874; x_wconf 90' lang='lat' dir='ltr'>loco</span> <span class='ocrx_word' id='word_1_398' title='bbox 1513 2845 1641 2883; x_wconf 68' lang='lat' dir='ltr'>qemello</span> 
     </span>
     <span class='ocr_line' id='line_1_58' title="bbox 887 2887 1642 2928; baseline -0.001 -8"><span class='ocrx_word' id='word_1_399' title='bbox 887 2891 997 2928; x_wconf 70' lang='lat' dir='ltr'>leqilur</span> <span class='ocrx_word' id='word_1_400' title='bbox 1028 2887 1282 2924; x_wconf 70' lang='grc' dir='ltr'>Παλαιστίνων,</span> <span class='ocrx_word' id='word_1_401' title='bbox 1320 2891 1351 2919; x_wconf 75' lang='lat' dir='ltr'>at</span> <span class='ocrx_word' id='word_1_402' title='bbox 1381 2890 1413 2919; x_wconf 82' lang='lat' dir='ltr'>in</span> <span class='ocrx_word' id='word_1_403' title='bbox 1443 2890 1642 2927; x_wconf 75' lang='lat' dir='ltr'>inscriptione</span> 
     </span>
     <span class='ocr_line' id='line_1_59' title="bbox 888 2934 1642 2973; baseline -0.005 -8"><span class='ocrx_word' id='word_1_404' title='bbox 888 2936 984 2973; x_wconf 75' lang='lat' dir='ltr'>Epist.</span> <span class='ocrx_word' id='word_1_405' title='bbox 1011 2934 1053 2964; x_wconf 85' lang='lat' dir='ltr'>ad</span> <span class='ocrx_word' id='word_1_406' title='bbox 1079 2935 1302 2972; x_wconf 71' lang='lat' dir='ltr'>Epiphaniam,</span> <span class='ocrx_word' id='word_1_407' title='bbox 1326 2942 1406 2973; x_wconf 82' lang='lat' dir='ltr'>quae</span> <span class='ocrx_word' id='word_1_408' title='bbox 1426 2935 1573 2973; x_wconf 75' lang='lat' dir='ltr'>praefixa</span> <span class='ocrx_word' id='word_1_409' title='bbox 1600 2936 1642 2963; x_wconf 77' lang='lat' dir='ltr'>est</span> 
     </span>
     <span class='ocr_line' id='line_1_60' title="bbox 888 2977 1642 3020; baseline -0.005 -9"><span class='ocrx_word' id='word_1_410' title='bbox 888 2980 1050 3016; x_wconf 71' lang='lat' dir='ltr'>I’mzariis,</span> <span class='ocrx_word' id='word_1_411' title='bbox 1073 2979 1166 3017; x_wconf 73' lang='lat' dir='ltr'>vulyo</span> <span class='ocrx_word' id='word_1_412' title='bbox 1192 2977 1452 3020; x_wconf 67' lang='grc' dir='ltr'>Παλαιστηνόν,</span> <span class='ocrx_word' id='word_1_413' title='bbox 1483 2982 1589 3010; x_wconf 80' lang='lat' dir='ltr'>contra</span> <span class='ocrx_word' id='word_1_414' title='bbox 1610 2979 1642 3008; x_wconf 82' lang='lat' dir='ltr'>in</span> 
     </span>
     <span class='ocr_line' id='line_1_61' title="bbox 887 3021 1446 3063; baseline -0.002 -8"><span class='ocrx_word' id='word_1_415' title='bbox 887 3025 998 3056; x_wconf 79' lang='lat' dir='ltr'>Ancor.</span> <span class='ocrx_word' id='word_1_416' title='bbox 1025 3023 1186 3063; x_wconf 76' lang='lat' dir='ltr'>cap-115.</span> <span class='ocrx_word' id='word_1_417' title='bbox 1211 3021 1446 3057; x_wconf 78' lang='grc' dir='ltr'>Παλαιστινόν.</span> 
     </span>
    </p>
   </div>
   <div class='ocr_carea' id='block_1_11' title="bbox 1312 3083 1365 3122">
    <p class='ocr_par' dir='ltr' id='par_1_20' title="bbox 1312 3083 1365 3122">
     <span class='ocr_line' id='line_1_62' title="bbox 1312 3083 1365 3122; baseline 0 0"><span class='ocrx_word' id='word_1_418' title='bbox 1312 3083 1365 3122; x_wconf 84' lang='lat'>35</span> 
     </span>
    </p>
   </div>
   <div class='ocr_carea' id='block_1_12' title="bbox 1666 1921 1846 2002">
    <p class='ocr_par' dir='ltr' id='par_1_21' title="bbox 1666 1921 1836 2002">
     <span class='ocr_line' id='line_1_63' title="bbox 1698 1921 1777 1963; baseline -0.015 -11"><span class='ocrx_word' id='word_1_419' title='bbox 1698 1921 1732 1952; x_wconf 80' lang='grc' dir='ltr'>Ο.</span> <span class='ocrx_word' id='word_1_420' title='bbox 1725 1933 1777 1963; x_wconf 76' lang='lat' dir='ltr'>ap.</span> 
     </span>
     <span class='ocr_line' id='line_1_64' title="bbox 1666 1967 1846 2002; baseline 0.018 -3"><span class='ocrx_word' id='word_1_421' title='bbox 1666 1967 1846 2002; x_wconf 83' lang='lat' dir='ltr'>LXXXV</span> 
     </span>
    </p>
   </div>
  </div>
 </body>
</html>
