2056 3298
825 166 1082 198 PRAEFATro.
1685 181 1731 210 χι

184 254 393 309 λεγομένου
417 252 690 308 Ἀγκυρωτοῦ,
721 256 847 297 rubro
879 256 1017 297 colore
1048 259 1258 311 appicta'),
1290 271 1398 311 quae
1429 259 1577 301 eadem
1608 258 1734 299 etiam

183 330 226 371 in
257 330 376 371 codd.
399 341 499 370 mss.
522 329 848 371 Vratislaviensi
889 333 929 371 et
968 329 1182 381 Parisino,
1228 332 1459 384 eodemque
1498 331 1644 373 ordine
1674 332 1736 373 in-

184 405 301 444 serta
325 403 535 455 leguntur.
596 403 676 444 Sex
702 403 872 444 ultimas
895 403 1074 455 paginas
1100 405 1282 456 complet
1301 405 1526 457 Nicephori
1549 405 1735 457 episcopi

183 476 642 528 Constantinopolitani
675 476 1041 529 Clu-onographia,
1074 476 1126 517 ab
1158 478 1305 518 eadem
1338 490 1483 529 manu,
1529 479 1589 519 uti
1620 478 1735 519 vide-

183 552 270 600 1111,
301 561 555 602 quamquam
585 554 822 591 atramento
855 549 979 590 hodie
1010 549 1137 602 paulo
1169 551 1305 601 magis
1333 550 1607 603 flavescente,
1639 565 1735 593 0011-

185 622 345 675 scripta
370 635 478 675 quae
510 624 699 664 exaravit
730 624 915 676 reliquas
948 623 1104 664 codicis
1136 628 1292 675 partes.
1352 624 1499 675 Neque
1534 626 1627 677 ipsa
1649 639 1735 667 ma-

183 708 264 737 nus
295 697 520 738 correctrix
553 697 594 738 111
627 697 796 750 scriptis
828 697 1054 749 Epiplianii
1098 697 1257 748 passim
1299 697 1422 737 obvia
1454 710 1478 738 a
1509 699 1644 749 prima
1675 700 1734 740 vi—

183 769 309 811 detur
330 769 463 811 fuisse
490 771 670 812 diversa.
718 770 914 811 Ceterum
946 771 1128 823 priorem
1155 771 1311 812 codicis
1333 771 1524 812 lenensis
1556 776 1732 824 partem,

184 856 268 896 qua
306 856 401 886 eum
441 857 549 886 nunc
589 845 884 886 detruncatum
923 856 1018 885 esse
1062 844 1275 895 dolemus,
1318 845 1359 885 111
1401 845 1573 897 regione
1615 845 1735 886 Basi-

182 916 293 958 leam
329 918 650 960 circumiacente
687 918 871 959 fortasse
914 917 1068 958 adhuc.
1091 917 1224 959 latere
1263 918 1431 959 memini
1476 931 1541 959 me
1583 918 1735 960 alicubi

184 990 446 1044 adscriptum
469 991 640 1044 legisse.

295 1066 458 1108 Eadem
488 1066 613 1118 plane
645 1078 753 1118 quae
785 1067 916 1107 codex
947 1067 1159 1117 lenensis,
1191 1067 1424 1120 eodemque
1449 1068 1607 1118 ordine,
1639 1079 1735 1109 con-

183 1140 289 1182 tinet
328 1139 456 1182 etiam
497 1139 628 1180 codex
667 1140 1038 1191 Vratislaviensis,
1080 1140 1360 1182 bibliothecae
1399 1141 1734 1194 Rliedigeranae.¹

184 1214 256 1267 qui
282 1214 447 1267 integer
478 1216 673 1255 servatus
704 1216 781 1255 851.
842 1213 1034 1266 Scriptus
1075 1218 1138 1255 est
1179 1215 1221 1255 in
1262 1214 1595 1256 membranaceis
1627 1214 1738 1255 foliis

182 1288 422 1340 purissimis
454 1288 614 1329 formae
645 1287 852 1328 maximae
875 1300 1002 1328 mauu
1031 1288 1214 1340 eleganti
1241 1294 1280 1330 et
1306 1289 1491 1340 erudita,
1525 1289 1738 1330 characte-

183 1361 302 1402 ribus
334 1361 563 1403 admodum
594 1361 786 1413 minutis,
818 1362 980 1413 seculo⁷
1013 1363 1074 1403 uti
1106 1362 1285 1414 conicio,
1317 1362 1479 1403 decimo
1511 1363 1656 1414 quinto
1678 1362 1739 1405 in-

185 1439 323 1476 eunte.
383 1435 506 1476 Hunc
544 1434 730 1476 codicem
769 1434 927 1477 indicia
963 1436 1173 1488 quaedam
1202 1436 1329 1477 11118111
1360 1436 1520 1477 faciunt
1552 1450 1602 1477 ex
1631 1436 1738 1478 libro

184 1508 356 1550 Ienensi
397 1509 657 1561 descriptum
698 1521 814 1560 esse,
857 1509 1038 1561 primum
1071 1510 1183 1562 quod
1214 1510 1463 1562 plerumque
1495 1523 1588 1551 011111
1619 1514 1738 1551 vetu-

187 1582 306 1624 stiori
337 1582 408 1623 1110
440 1582 676 1635 conspirat,
707 1594 884 1635 cumque
914 1582 1071 1624 librarii
1106 1583 1214 1624 oculi
1245 1596 1293 1625 ac
1324 1596 1474 1624 manus
1499 1583 1614 1625 haud
1641 1596 1738 1625 raro

186 1656 320 1708 (locos
351 1656 422 1697 ubi
452 1656 496 1698 id
526 1655 683 1697 factum
724 1657 780 1697 sit
811 1669 955 1697 onmes
997 1657 1245 1709 singillatim
1278 1661 1426 1698 notare
1458 1669 1613 1709 operae
1644 1670 1738 1709 pre-

185 1729 289 1771 tium
319 1742 402 1771 non
434 1742 530 1771 esse
560 1730 696 1771 visum
729 1732 812 1783 est)
844 1729 1113 1782 peccaverint
1142 1730 1184 1770 111
1210 1730 1455 1771 01111118111115
1483 1730 1584 1771 totis
1609 1743 1739 1772 enun-

183 1803 301 1845 tiatis
333 1815 441 1856 quae
480 1804 681 1856 leguntur
718 1804 760 1845 in
791 1804 896 1845 libro
939 1803 1128 1855 lenensi,
1171 1816 1379 1856 nusquam
1421 1808 1564 1845 tamen
1603 1803 1738 1856 ipsius

184 1890 264 1930 ope
296 1889 440 1918 earum
473 1876 721 1918 lacunarum
760 1877 848 1918 ulla
886 1877 1025 1930 potuit
1063 1876 1223 1929 expleri
1254 1877 1405 1930 quibus
1449 1877 1520 1917 ille
1559 1876 1737 1927 laborat]

185 1950 339 1993 deinde
369 1950 482 2004 quod
513 1951 654 1992 omnia
685 1951 811 2003 plane
851 1951 999 1992 eadem
1039 1951 1185 1992 insunt
1216 1962 1325 2003 quae
1364 1950 1406 1991 111
1437 1951 1625 2002 lenensi,
1671 1964 1739 1992 80-

185 2025 365 2078 demque
397 2024 562 2075 ordine,
601 2029 643 2066 et
675 2025 787 2077 quod
818 2025 985 2077 utrique
1017 2025 1146 2066 etiam
1176 2024 1337 2077 pariter
1369 2024 1610 2077 subscripta
1641 2036 1737 2066 con-

185 2099 362 2153 spicitur
391 2099 497 2140 haec
527 2098 737 2140 clausula:
790 2097 906 2144 Τέλος
935 2101 1004 2149 τῆς
1035 2091 1111 2138 ὦδε
1142 2099 1292 2149 βίβλου.
1356 2095 1463 2146 Δόξα
1496 2111 1555 2138 σοι
1587 2095 1609 2138 ὁ
1640 2096 1737 2145 θεός

184 2169 297 2223 ἡμῶν
328 2169 423 2220 δόξα
455 2185 537 2219 σοι,
577 2172 779 2224 denique7
808 2172 853 2213 id
881 2172 994 2224 quod
1025 2172 1323 2224 gravissimum
1356 2175 1441 2223 est,
1473 2173 1585 2225 quod
1615 2184 1738 2214 voca-

183 2246 284 2288 bula
313 2246 697 2298 vocabulorumque
727 2245 963 2298 particulae
993 2245 1088 2287 libri
1119 2246 1172 2287 de
1204 2246 1467 2287 Ponderibus
1501 2250 1542 2287 et
1567 2246 1738 2288 Mensu-

183 2320 242 2362 ris
274 2332 382 2373 quae
412 2319 455 2361 in
487 2319 630 2361 codice
660 2319 830 2361 Ienensi
861 2320 946 2361 situ
977 2324 1104 2373 atque
1144 2320 1269 2362 tineis
1308 2332 1435 2362 exesa
1476 2320 1737 2365 interierunt.

184 2393 334 2436 eadem
362 2394 459 2447 ipsa
499 2394 670 2446 inquam
711 2393 918 2436 vocabula
957 2398 997 2435 et
1039 2394 1228 2446 syllabae
1267 2394 1319 2435 ab
1357 2406 1405 2434 eo
1445 2394 1515 2446 qui
1552 2394 1737 2436 codicem

182 2467 561 2510 Vratislaviensem
592 2468 765 2520 scripsit
800 2480 884 2509 non
916 2471 1016 2509 sunt
1047 2479 1261 2520 expressa.
1321 2467 1396 2508 Cui
1426 2471 1569 2509 tamen
1600 2468 1739 2521 suspi-

185 2541 294 2584 cioni
323 2554 376 2583 ne
398 2541 568 2583 incaute
592 2554 670 2583 nos
694 2541 982 2594 mancipemus
1009 2541 1182 2582 obstant
1205 2542 1285 2582 loci
1310 2554 1484 2583 numero
1507 2554 1590 2583 non
1614 2542 1738 2594 pauci

183 2615 335 2669 quibus
367 2615 653 2668 Rhedigerani
695 2618 737 2656 et
778 2615 972 2657 lenensis
1014 2615 1249 2668 scripturae
1294 2615 1561 2665 discordant,
1609 2615 1737 2657 veluti

184 2702 280 2742 pag.
306 2690 400 2731 621.
428 2689 492 2730 ed.
522 2689 687 2739 petav„
719 2689 790 2730 Ubi
813 2689 899 2730 Ien.
931 2686 1123 2739 πλάσματι
1146 2691 1236 2738 τῆς,
1270 2688 1446 2741 Rhedig.
1474 2686 1632 2739 πλάσμα
1656 2693 1737 2740 τῆς,

182 2775 280 2816 pag.
307 2763 422 2814 622„
465 2762 535 2803 ubi
563 2762 649 2804 Ien.
677 2760 951 2813 βοσκήματος,
992 2761 1170 2814 Rhedig.
1202 2758 1476 2811 κοσμήματος,
1508 2774 1604 2815 pag.
1629 2764 1735 2807 623..

183 2835 255 2878 ubi
283 2836 370 2878 Ien.
392 2832 501 2888 παρὰ
526 2838 621 2883 τοῦ,
662 2836 838 2889 Rhedig.
869 2833 934 2875 διὰ
965 2839 1056 2883 τοῦ,
1099 2847 1194 2888 pag.
1221 2836 1335 2885 651„
1376 2834 1447 2876 ubi
1477 2835 1562 2877 Ien.
1594 2833 1738 2884 φάσκει

182 2908 324 2961 λέγων,
376 2909 553 2963 Rhedig.
585 2905 753 2960 φάσκων
787 2908 906 2963 λέγει,
953 2922 1048 2962 pag.
1085 2909 1201 2959 680„
1242 2908 1312 2950 ubi
1349 2909 1435 2951 Ien.
1467 2906 1736 2960 δεσμεύουσιν,

183 2981 361 3037 Rhedig.
383 2984 615 3036 ὄεσμοῦσιν,
646 2995 742 3037 pag.
767 2983 882 3036 699„
914 2983 984 3025 ubi
1017 2983 1102 3024 Ien.
1134 2978 1212 3022 ἅπό
1236 2984 1305 3036 τῆς
1327 2980 1525 3037 κατάρας,
1556 2984 1733 3039 Rhedig.
