2030 3324
423 234 605 267 PANARH
630 235 712 266 [ΑΒ.
734 235 771 267 u.
796 235 904 267 Tou.
923 235 961 266 u.
988 234 1118 267 HAER.
1141 234 1295 268 vain.
1556 224 1638 266 587

84 313 306 356 xaudrinos
329 318 367 352 et
389 311 648 353 Athanasium
677 314 799 368 ipsum
827 314 950 354 literis
982 314 1198 354 didicimus.
1266 313 1320 354 lta
1351 314 1414 354 ille
1440 313 1520 354 sedi
1546 326 1640 353 suae

82 382 284 423 restitutus
317 389 401 432 est,
450 388 537 437 post
569 380 831 435 Gregorium,
877 396 990 436 quem
1034 382 1209 422 exulanti
1245 382 1463 422 Athanasio
1496 380 1635 422 Ariani

82 449 337 491 suffecerant.

195 517 272 557 Sed
305 531 458 557 rursum
493 531 617 557 novae
651 518 702 557 illi
736 518 870 558 turbae
903 533 947 558 ac
981 518 1197 558 calumniae
1230 518 1276 557 ab
1305 517 1506 572 Stephano
1535 518 1637 558 cius-

83 599 156 639 que
181 584 345 625 asseclis
379 585 475 639 apud
505 582 778 625 Constantium
813 587 1027 635 conflatae,
1064 586 1199 640 quibus
1223 587 1350 625 denuo
1383 586 1428 625 de
1452 587 1545 626 sede
1568 600 1637 626 sua

83 652 213 708 pulsus
241 660 316 693 est.
382 651 602 707 lterumque
626 652 819 694 Leontius
853 655 1054 694 eunuchus
1087 654 1190 693 illum
1226 668 1310 693 eum
1345 654 1426 693 suis
1459 653 1532 693 alia
1559 668 1637 693 ma-

84 720 307 760 chinatione
349 721 536 774 perculit,
585 735 653 776 per
692 736 803 775 quam
846 722 1016 771 eiectus,
1063 737 1107 761 ac
1140 722 1278 761 deinde
1318 722 1520 761 restitutus
1562 728 1635 761 est.

82 787 185 829 Nam
220 801 305 828 cum
341 788 539 841 Georgius
572 803 591 828 a
625 788 889 830 Constantino
923 790 1065 830 missus
1097 797 1226 839 esset,
1277 789 1515 829 Athanasius
1549 791 1636 843 suga

83 870 126 897 se
159 855 379 896 subducens
413 855 648 910 aliquamdiu
682 857 856 907 delituit,
901 858 1024 897 donec
1059 857 1257 911 Georgius
1290 857 1520 897 interfectus
1555 864 1636 900 est:

84 938 159 978 quo
200 931 374 978 tempore
418 921 590 964 lulianus
629 925 869 979 imperabat,
916 926 977 979 qui
1021 933 1108 980 post
1140 923 1365 965 Constantii
1405 924 1550 965 obitum
1594 925 1639 964 ad

83 991 285 1047 gentilium
331 992 650 1047 superstitionem
696 993 932 1033 desciverat.
1008 992 1163 1033 Etenim
1207 992 1469 1033 Alexandrini
1513 992 1641 1033 Geor-

83 1061 211 1115 gium,
247 1067 382 1099 vetere
416 1060 452 1099 iu
486 1060 590 1100 illum
618 1060 707 1100 odio
733 1068 947 1116 concepto,
983 1061 1156 1100 occisum
1185 1068 1502 1111 concremarunt,
1537 1060 1640 1100 eius-

83 1142 157 1182 que
190 1128 345 1167 cineres
377 1128 413 1167 iu
448 1135 588 1169 ventos
621 1136 865 1183 sparserunt.
930 1127 1075 1169 Postea
1108 1126 1256 1168 luliauo
1290 1129 1325 1168 in
1349 1127 1512 1169 Perside
1537 1144 1640 1169 mor-

85 1203 150 1236 tuo
184 1194 370 1236 lovianus
413 1196 538 1236 felicis
578 1196 789 1237 memoriae
829 1196 1037 1237 successit.
1103 1194 1179 1250 Qui
1214 1197 1638 1247 honorilicentissimis‚

83 1263 248 1318 lideique
281 1264 544 1319 plenissimis,
592 1264 714 1305 literis
755 1266 798 1304 ad
835 1265 1093 1305 Athanasium
1135 1265 1290 1320 seriptis
1334 1266 1379 1305 ad
1412 1279 1502 1306 sese
1535 1266 1638 1306 illum

84 1346 255 1373 evocans
289 1339 376 1386 post
408 1332 710 1373 tuunanissimos
743 1334 972 1388 complexus
1004 1334 1049 1373 ad
1074 1334 1204 1373 sedem
1229 1348 1338 1374 suam
1365 1333 1524 1374 dimisit.
1584 1332 1641 1374 lta

84 1407 222 1441 saneta
255 1400 420 1440 ecclesia
455 1401 640 1455 episcopo
673 1415 743 1440 suo
778 1408 936 1455 recepto
979 1401 1152 1441 nonnihil
1187 1402 1313 1442 solatii
1348 1401 1494 1442 habuit.
1560 1400 1641 1442 Ve-

85 1483 167 1510 rum
202 1476 356 1508 mortuo
384 1467 546 1509 loviano
573 1469 709 1509 iisdem
734 1483 887 1510 rursum
916 1469 1159 1510 Athanasius
1193 1470 1376 1525 periculis
1402 1484 1446 1510 ac
1478 1470 1644 1510 rumori-

84 1538 155 1578 bus
180 1545 218 1577 et
243 1537 366 1578 turbis
387 1537 601 1577 conflictari
629 1538 771 1592 coepit.
836 1536 1078 1592 Quamquam
1113 1539 1158 1578 de
1192 1538 1357 1578 ecclesia
1384 1552 1429 1577 ac
1455 1539 1548 1578 sede
1573 1552 1643 1579 sua

85 1605 244 1646 minime
279 1605 454 1645 deiectus
488 1613 562 1645 est.
625 1604 728 1645 Nam
753 1605 1112 1646 Alexandrinorum
1138 1606 1276 1646 civitas
1304 1606 1488 1646 universa
1520 1607 1642 1661 puhli-

86 1688 170 1714 cam
206 1688 274 1728 pro
307 1674 372 1714 itto
413 1674 648 1728 legationem
692 1688 736 1714 ac
769 1674 1090 1729 supplicationem
1124 1675 1322 1725 decrevit,
1368 1689 1452 1714 cum
1486 1674 1641 1714 interim

85 1741 235 1783 Lucius
268 1755 321 1781 ex
354 1742 501 1782 Ariana
537 1744 730 1791 factione,
774 1741 836 1795 qui
870 1742 1060 1796 hodieque
1093 1743 1226 1793 sedet,
1268 1743 1478 1797 peregriua
1511 1743 1547 1782 iu
1582 1757 1642 1782 re-

84 1811 224 1866 gione,
272 1825 317 1850 ac
351 1811 424 1850 nisi
467 1811 580 1851 fallor
612 1810 871 1858 Antiochiae,
918 1817 1073 1850 creatus
1113 1811 1319 1865 episcopus
1353 1811 1511 1851 multum
1544 1812 1643 1865 apud

84 1879 361 1935 imperatorem
388 1877 593 1919 Valentem
628 1879 815 1928 instaret,
850 1885 889 1918 ut
920 1878 1233 1919 Alexandrinam
1268 1879 1313 1918 ad
1347 1880 1480 1918 sedem
1515 1878 1642 1918 mitte-

85 1955 219 1998 retur,
263 1947 478 2002 imperator
509 1960 604 1986 vero
638 1947 861 2001 popularem
895 1947 1126 1987 seditionem
1159 1947 1310 1987 veritus
1342 1947 1542 2002 expellere
1575 1961 1645 1987 no-

86 2016 239 2057 luisset.
307 2015 486 2055 Tandem
522 2029 617 2055 vero
651 2022 735 2070 post
770 2014 976 2054 Athanasii
1018 2022 1181 2055 mortem
1218 2014 1438 2055 submissus
1471 2023 1532 2054 est
1562 2013 1644 2055 Lu-

86 2084 185 2135 cius,
219 2084 281 2138 qui
307 2084 530 2133 ecclesiam,
567 2083 780 2132 civitatem,
818 2083 986 2137 plebem,
1023 2083 1229 2138 episcopos
1257 2098 1301 2124 ac
1328 2083 1495 2123 elericos
1522 2084 1644 2123 Atha-

88 2152 186 2193 nasii
221 2153 417 2203 fautores,
466 2159 503 2191 et
537 2152 598 2205 qui
634 2152 670 2191 in
704 2151 868 2206 siugulis
901 2151 1080 2192 ecclesiis
1113 2152 1425 2192 communionem
1459 2166 1544 2190 cum
1577 2151 1643 2191 illo

86 2220 330 2270 retinebant,
379 2233 450 2259 uec
493 2234 568 2258 uon
612 2226 650 2259 et
680 2217 840 2260 Petrum
881 2220 1004 2274 ipsum
1040 2220 1245 2261 Athanasii
1281 2233 1552 2261 successorem
1585 2219 1643 2259 in-

87 2289 258 2329 numeris
291 2288 402 2328 malis
435 2288 581 2327 affecit.

201 2355 311 2396 Haec
344 2363 432 2396 suut
466 2369 563 2409 quae
597 2356 642 2396 ad
677 2355 905 2396 hodiernum
935 2370 1056 2410 usque
1084 2364 1234 2412 tempus
1261 2356 1531 2396 Alexandriae
1553 2363 1644 2396 sunt

86 2432 213 2480 gesta.
277 2423 350 2465 Ubi
389 2424 584 2479 episcopi,
620 2424 838 2479 presbyteri
872 2431 910 2465 et
942 2425 1117 2476 diaconi,
1162 2425 1298 2480 partim
1334 2424 1519 2478 relegati,
1557 2439 1643 2479 par-

88 2494 153 2534 tim
177 2492 331 2548 capitali
364 2492 553 2548 supplicio
587 2492 759 2542 multati,
805 2492 941 2548 partim
976 2494 1021 2534 ad
1055 2493 1199 2533 bestias
1233 2492 1426 2543 damnati,
1468 2493 1642 2546 virgines

88 2576 206 2617 porro
239 2574 377 2601 sacrae
416 2575 501 2600 cnm
536 2561 731 2615 plerisque
771 2561 857 2601 aliis
898 2561 1144 2602 interfectae.
1210 2559 1321 2614 Quae
1355 2561 1506 2615 quidem
1541 2562 1644 2601 cala-

88 2630 244 2670 mitates
282 2629 490 2669 etiamnum
534 2628 741 2669 ecclesiam
783 2629 841 2669 dei
882 2637 1096 2679 exercent,
1145 2643 1195 2669 ex
1237 2643 1282 2668 ea
1323 2643 1436 2682 quam
1476 2630 1642 2684 exposui

88 2696 393 2739 Meletianorum
417 2705 456 2737 et
479 2697 718 2737 Arianorum
743 2697 913 2738 coitione
937 2698 1171 2738 concitatae.
1227 2695 1304 2750 Qui
1327 2697 1479 2751 quidem
1504 2698 1643 2738 Ariani

134 2821 165 2856 6.
191 2822 223 2856 ἐν
242 2819 426 2866 'Axino-keini
446 2824 511 2854 eod.
526 2833 582 2854 ms.
598 2827 722 2862 uterque
745 2827 770 2855 et
790 2824 837 2854 ed.
888 2825 974 2855 Libri
997 2825 1090 2863 vulyo
1113 2824 1223 2854 habent
1245 2821 1508 2864 διαδεξαμένοις.
1546 2825 1642 2855 Prae-

85 2870 209 2909 princ.,
259 2872 292 2900 ut
332 2870 447 2899 mirum
490 2870 528 2899 sit
563 2869 645 2907 qnod
679 2869 839 2907 Petamus,
886 2871 999 2909 positio
1030 2865 1085 2901 διὰ
1106 2869 1245 2899 videlicet
1278 2870 1412 2900 accrevit
1433 2879 1488 2909 per
1511 2879 1643 2901 errorem

89 2924 108 2945 a
132 2916 220 2946 cuius
244 2915 374 2945 editione
396 2915 586 2953 praepositio
614 2912 644 2945 ἐν
670 2915 774 2954 abest,
810 2916 840 2945 in
886 2917 1014 2954 repetita
1039 2923 1077 2945 ex
1105 2915 1320 2944 terminatione
1345 2915 1399 2947 σΤα
1424 2916 1568 2946 vocabuli
1589 2913 1642 2947 ἐκ·

89 2969 188 2999 mary.
210 2961 281 2990 libri
301 2961 350 2991 sui
369 2969 438 2990 eam
458 2960 667 2999 supplendam
688 2968 749 2991 esse
770 2969 840 2991 cen·
888 2959 1041 3001 κλησίας.

88 3006 194 3035 suerit.
933 3012 962 3034 e.
990 3003 1047 3036 καὶ
1072 3001 1258 3046 >nepotata-1⁸12
1282 3005 1348 3035 cod.
1371 3006 1499 3046 Rhediy.
1525 3008 1557 3038 in
1583 3016 1642 3046 qno

135 3048 163 3082 7.
200 3047 392 3093 δεξαμένοις
426 3051 600 3082 emendatio
634 3053 677 3081 est
707 3051 838 3083 Petavii.
888 3051 1083 3082 desideratur
1105 3058 1170 3082 voc.
1198 3045 1419 3084 ὑποστάντων.

1665 517 1741 560 Cap.
1766 516 1826 547 Xt.
