2056 3298
189 294 254 322 pag.
273 287 331 314 412.

176 894 263 935 Κεφ.
289 889 340 925 ια’.

199 2608 264 2637 pag.
285 2599 344 2627 413.

357 191 409 231 30
917 196 1077 228 SANCTI
1099 196 1320 228 EPIPHANII

989 270 1000 285 e·
1054 271 1064 286 ι·
1091 273 1112 287 et

360 274 525 328 Λάμψει
551 271 662 326 ὑμῶν
686 271 733 313 τά
755 271 945 328 πρόςωπα
969 290 1022 321 ως
1042 291 1062 314 ο
1086 279 1202 326 ηλιος.
1262 274 1315 313 Εἰ
1343 274 1474 314 τοίνυν
1497 270 1520 314 ό
1548 274 1642 326 ἔχων
1671 272 1741 326 τήν
1770 275 1877 323 ἐξου-

356 347 442 384 σίαν
466 343 532 382 καὶ
555 340 715 394 άληθῶς
737 338 923 395 ὖπάρχων
945 341 1134 394 δεσπότης
1157 342 1219 382 καὶ
1245 339 1380 395 κύριος
1403 338 1515 392 ἡμῶν
1535 338 1684 393 Ἰησοῦς
1710 339 1879 396 Χριστὸς

357 409 409 458 ὥς
431 407 454 450 ό
476 409 584 461 ἥλιος
607 409 703 463 λέγει
735 407 781 449 τά
805 407 994 463 πρόςωπα
1027 415 1104 450 τῶν
1129 411 1290 450 δικαίων
1321 407 1510 460 λάμψειν,
1551 413 1635 457 πῶς
1667 407 1878 457 Μοντανὸς

356 478 620 531 ἐπαγγέλλεται
641 475 908 531 περιττότερον
929 477 1322 525 ἑκατονταπλασίονα,
1354 477 1389 516 εἰ
1407 474 1460 528 μή
1479 475 1554 528 ἄρα
1575 476 1709 530 ὅμοιος
1732 474 1768 517 εἶ
1786 478 1878 517 ἐκεί-

354 563 408 602 νῳ
442 549 494 601 τῷ
525 545 832 601 ἐπαγγειλαμένῳ
864 550 945 593 τοῖς
977 546 1066 598 περὶ
1093 543 1162 585 τόν
1186 542 1307 596 Ἀδάμ
1339 542 1418 594 ὅτι,
1461 543 1662 585 3”Εσεσθε
1692 542 1744 592 ὥς
1773 544 1876 594 θεοὶ,

355 611 536 665 φήσαντι,
567 614 635 653 καὶ
658 610 735 653 άπὸ
756 616 824 665 τῆς
845 610 1097 666 ’ὑπαρχούσης
1119 610 1252 659 αὐτοῖς
1274 615 1295 639 4
1309 612 1424 663 δόξης
1444 612 1510 653 καὶ
1532 614 1771 666 παραδείσου
1791 628 1878 666 τρυ-

355 685 436 733 φῆς
464 679 801 735 παρασκευάσαντι
835 678 967 729 αὐτοῖς
1002 679 1073 733 τήν
1103 678 1265 733 ἐκβολήν
1295 679 1497 733 γενέσθαι,
1536 681 1601 720 καὶ
1630 681 1685 728 εἰς
1718 677 1879 734 φθοράν

354 747 533 790 θανάτου
563 752 851 801 κατενεχθῆναι.

423 890 429 896 “
460 883 557 925 ”En
584 884 624 925 δὲ
653 886 909 938 προςτίθησιν
936 881 957 924 ὁ
981 880 1099 931 αὐτὸς
1122 880 1355 933 Μοντανὸς,
1387 881 1490 924 οὕτω
1511 882 1649 937 λέγων·
1679 880 1785 937 Ἐγῶ
1809 880 1877 923 κύ-

357 970 439 1008 ριος
469 951 491 995 ὁ
522 950 618 1000 θεὸς
650 949 672 993 ὁ
698 950 976 1005 παντοκράτωρ
1009 949 1309 1005 καταγινόμενος
1343 951 1383 991 ἐν
1416 948 1630 1007 ἀνθρώπῳ.
1676 948 1778 1005 ’Ἀρα
1807 944 1878 991 οὖν

355 1026 482 1069 καλῶς
501 1018 605 1074 ἡμᾶς
626 1018 651 1072 ἦ
677 1022 766 1060 θεία
788 1017 920 1073 γραφὴ
947 1020 1258 1070 ἐπασφαλίζεται,
1289 1018 1355 1059 καὶ
1379 1016 1405 1071 ἡ
1429 1016 1651 1066 άκόλουθος
1672 1022 1742 1058 τοῦ
1765 1015 1876 1072 ἁγίου

354 1088 575 1141 πνεύματος
607 1089 853 1137 διδασκαλία,
884 1091 1128 1128 νουθετοῦσα
1156 1084 1278 1139 ἡμᾶς,
1309 1087 1373 1127 ἵνα
1402 1084 1650 1140 γινώσκωμεν
1675 1083 1770 1126 ποῖά
1800 1086 1878 1126 ἐστι

355 1155 402 1198 τά
432 1154 575 1209 μιμηλοέ
599 1159 668 1196 τοῦ
693 1152 892 1208 άλλοτρίου
919 1153 1159 1207 πνεύματος,
1189 1155 1255 1194 καὶ
1277 1153 1323 1194 τά
1349 1151 1532 1194 Ιάντίθετα
1560 1151 1660 1208 πρὸς
1689 1150 1759 1205 τήν
1789 1149 1877 1206 άλή-

355 1232 480 1266 θειαν.
527 1223 621 1264 ”Ότε
643 1221 714 1277 γάρ
739 1220 860 1270 εὐθύς
880 1227 994 1264 τοῦτο
1020 1220 1102 1263 εἷπε
1123 1219 1356 1272 Μοντανός,
1387 1219 1576 1262 ’ὑπόνοιαν
1599 1219 1688 1274 ἡμῖν
1710 1221 1877 1261 δέδωκεν

357 1291 660 1345 ἀναμνησθῆναι
683 1289 728 1330 τά
753 1288 832 1331 ὑπὸ
856 1295 926 1331 τοῦ
951 1292 1091 1345 κυρίου
1115 1290 1304 1344 εἰρημένα.
1367 1288 1479 1330 Οὕτω
1507 1288 1580 1344 γάρ
1612 1302 1732 1341 φησιν
1756 1285 1779 1330 ὅ
1807 1286 1875 1329 κύ·

357 1378 440 1415 ριος
467 1361 507 1401 ἐν
540 1363 592 1415 τῷ
627 1357 848 1414 εὐαγγελίῳ·
886 1355 994 1412 Ἐγώ
1021 1352 1148 1410 ἦλθον
1179 1358 1218 1398 ἐν
1247 1361 1299 1413 τῷ
1332 1355 1491 1409 ὀνόματι
1518 1359 1588 1398 τοῦ
1617 1354 1780 1411 πατρὸς,
1810 1355 1877 1397 καὶ

358 1426 430 1469 οὐκ
462 1428 646 1476 ἐδέξασθέ
671 1443 734 1479 με·
768 1424 881 1474 ἄλλος
910 1424 1097 1467 ἐλεύσεται
1129 1425 1192 1466 ἐπὶ
1217 1429 1269 1481 τῷ
1294 1426 1378 1481 ἰδίω
1403 1423 1581 1477 ὀνόματι,
1610 1425 1677 1466 καὶ
1706 1424 1878 1473 δέξονται

355 1494 423 1537 τὸν
444 1499 633 1537 τοιοῦτον.
689 1492 944 1546 Ἀσύμφωνος
971 1495 1101 1534 τοίνυν
1125 1491 1372 1533 παντάπασιν
1396 1490 1418 1533 ὁ
1444 1496 1621 1540 τοιοῦτος
1650 1495 1727 1533 τῶν
1755 1493 1877 1533 θείων

356 1568 520 1618 γραφῶν
547 1560 701 1616 ηὑρέθη
711 1595 721 1612 ,
756 1558 808 1609 ὥς
836 1563 952 1602 παντί
975 1578 1027 1618 τῳ
1061 1561 1183 1612 σαφές
1208 1561 1282 1601 ἐστι
1310 1564 1364 1616 τῷ
1386 1564 1578 1612 νουνεχῶς
1601 1558 1877 1615 ἐντυγχάνοντι.

357 1633 413 1672 Εἰ
437 1633 569 1672 τοίνυν
603 1628 840 1683 ἀσύμφωνος
868 1626 1052 1683 ὑπάρχει,
1092 1626 1287 1682 άλλοτριός
1320 1628 1397 1668 ἐστι
1426 1632 1495 1680 τῆς
1526 1625 1638 1682 ἆγίας
1665 1631 1880 1680 καθολικῆς

357 1700 580 1751 ἐκκλησίας,
611 1698 677 1739 καὶ
700 1695 727 1750 ἦ
748 1694 829 1738 κατ’
853 1694 971 1738 αὐτόν
999 1694 1171 1749 αὕχοῦσα
1196 1697 1342 1750 αἵρεσις
1366 1693 1573 1750 προφήτας
1598 1695 1695 1748 ἔχειν
1719 1695 1784 1736 καὶ
1813 1711 1876 1748 χα-

358 1769 540 1822 ρίσματα,
572 1764 595 1805 ἃ
620 1763 672 1818 μὴ
697 1766 875 1817 εἴληφεν,
906 1762 998 1805 άλλά
1022 1765 1066 1805 ἐκ
1090 1762 1238 1805 τούτων
1270 1761 1425 1816 ἀπέστη.
1490 1765 1556 1811 Τίς
1578 1765 1709 1804 τοίνυν
1737 1760 1876 1815 τολμή-

358 1848 432 1875 σειε
455 1836 769 1888 παρακολουθῶν
788 1830 951 1879 τούτους
972 1830 1178 1887 προφήτας
1199 1835 1341 1881 καλεῖν,
1371 1831 1438 1872 καὶ
1463 1828 1515 1884 μὴ
1541 1834 1681 1883 μᾶλλον
1704 1829 1876 1878 πλάνους

357 1899 456 1943 εἶναι
474 1899 565 1949 τούς
584 1898 807 1950 τοιούτους,-
842 1897 1010 1953 Χριστός
1030 1898 1101 1954 γάρ
1120 1897 1222 1952 ἡμᾶς
1244 1900 1391 1948 ἐδίδαξε
1407 1899 1526 1953 λέγων
1548 1897 1620 1949 ὅτι,
1650 1897 1701 1940 Τὸ
1722 1903 1876 1952 πνεῦμα

354 1968 397 2011 vo*
434 1968 680 2024 παράκλητον
715 1965 934 2009 ἀποστέλλω
968 1965 1083 2019 ὑμῖν·
1124 1967 1190 2008 καὶ
1223 1965 1269 2007 τά
1307 1971 1443 2019 σημεῖα
1480 1964 1614 2015 διδους
1647 1967 1772 2021 ἔλεγεν
1801 1964 1873 2017 ὅτι,

352 2036 532 2086 Ἐκεῖνος
558 2036 624 2089 ἐμὲ
649 2034 818 2085 δοξάσει·
851 2033 903 2084 ὥς
924 2033 970 2076 τά
996 2033 1125 2088 άληθῆ
1149 2036 1249 2076 ἔστιν
1277 2035 1373 2074 ἰδεῖν
1402 2033 1462 2075 ὅτι
1486 2035 1526 2075 οἱ
1546 2033 1649 2089 ἅγιοι
1670 2032 1875 2075 άπόστολοι

355 2105 398 2147 τό
423 2105 671 2160 παράκλητον
693 2108 844 2156 πνεῦμα
867 2102 1049 2156 λαβόντες
1076 2100 1245 2156 Χριστόν
1274 2101 1479 2152 ἐδόξασαν,
1510 2096 1625 2150 οὗτος
1653 2101 1695 2143 δὲ
1717 2099 1741 2143 ὁ
1760 2106 1872 2143 Μον-

355 2172 471 2222 τανός
501 2171 638 2214 ἑαυτὸν
662 2172 818 2221 δοξάζει.
876 2169 919 2211 Ὁ
945 2162 1080 2225 κύριος
1107 2169 1175 2211 τόν
1206 2170 1352 2224 πατέρα
1387 2167 1508 2211 αὐτοῦ
1543 2168 1718 2220 ἐδόξασε,
1756 2169 1823 2210 καὶ
1852 2166 1875 2210 ὅ

355 2241 493 2297 κύριος
514 2241 631 2281 πάλιν
656 2237 678 2281 ὁ
702 2238 869 2294 Χριστός
894 2237 936 2280 τὸ
967 2243 1119 2292 πνεῦμα
1143 2236 1318 2287 ἐδόξασε,
1348 2238 1467 2292 λέγων
1493 2236 1587 2279 αὕτὸ
1617 2241 1766 2290 πνεῦμα
1786 2234 1874 2289 άλη-

355 2312 490 2359 θείας,
521 2306 543 2350 ὁ
567 2305 780 2356 Μοντανὸς
811 2307 851 2348 δὲ
882 2305 1018 2348 ἑαυτὸν
1039 2305 1186 2356 δοξάζει
1213 2304 1358 2358 μόνον,
1388 2305 1455 2346 καὶ
1480 2305 1577 2360 λέγει
1602 2303 1700 2346 εἶναι
1727 2305 1874 2359 πατέρα

357 2375 654 2431 παντοκράτορα
672 2376 739 2416 καὶ
759 2376 800 2417 ἐν
823 2372 926 2430 αὐτῷ
950 2376 1168 2427 ἐνοικῆσαι,
1198 2375 1262 2415 ἵνα
1282 2371 1526 2425 πανταχόθεν
1551 2375 1687 2430 δειχθῇ
1712 2370 1784 2414 οὐκ
1807 2369 1870 2413 αὖ·

355 2444 423 2493 τὸς
449 2443 525 2495 ὢν,
557 2442 647 2485 οὐδὲ
673 2441 739 2484 ὑπ’
764 2444 911 2484 ἐκείνου
940 2440 1244 2494 άπεσταλμένος,
1275 2438 1366 2482 οὐδὲ
1391 2439 1480 2495 παρ’
1503 2438 1623 2482 αὐτοῦ
1652 2438 1871 2493 λαμβάνων.

357 2511 432 2553 Ἐν
454 2510 527 2567 γάρ
550 2515 601 2568 τῷ
620 2512 741 2568 κυρίῳ
765 2508 959 2563 ηὖδόκησε
982 2514 1061 2550 πᾶν
1082 2508 1124 2550 τὸ
1145 2508 1334 2563 πλήρωμα
1353 2513 1422 2562 τῆς
1440 2507 1627 2561 θεότητος
1646 2511 1873 2560 κατοικῆσαι

363 2583 612 2633 σωματικῶς,
642 2580 709 2620 καὶ
733 2576 810 2620 άπὸ
834 2582 904 2619 τοῦ
928 2576 1183 2631 πληρώματος
1213 2575 1333 2618 αὐτοῦ
1362 2575 1500 2624 πάντες
1526 2577 1566 2617 οἰ
1595 2579 1794 2630 προφῆται
1823 2575 1873 2615 εἶ-

359 2647 524 2701 λήφασι,
553 2645 651 2687 κατὰ
680 2645 748 2688 τὸν
772 2650 840 2688 τοῦ
866 2643 978 2700 ἁγίου
1000 2642 1183 2686 Ἰωάννου
1207 2643 1331 2699 λόγον.
1392 2645 1470 2685 Καὶ
1500 2641 1594 2700 ὁρᾷς
1620 2647 1704 2691 πῶς
1733 2641 1873 2691 πάντες

362 2717 402 2758 οἷ
422 2715 578 2757 παλαιοὶ
604 2713 773 2768 Χριστόν
801 2717 1071 2768 κατήγγελλον,
1109 2712 1175 2753 καὶ
1200 2712 1240 2752 οἵ
1267 2712 1464 2764 μετέπειτα
1490 2709 1657 2766 Χριστὸν
1686 2709 1872 2759 ἐδόξασαν

360 2785 426 2825 καὶ
457 2780 576 2823 αὐτόν
606 2780 864 2837 ώμολόγησαν.
922 2777 1134 2828 Μοντανός
1157 2779 1197 2820 δὲ
1220 2780 1440 2833 εἰςέφρησεν
1463 2777 1601 2820 ἑαυτόν
1624 2795 1708 2819 τινα
1737 2778 1868 2832 λέγων,

362 2850 472 2899 ὅπως
504 2853 640 2907 δειχθῇ
671 2849 730 2891 ὅτι
755 2848 842 2891 οὔτε
873 2850 994 2900 ἔστιν,
1032 2845 1118 2889 οὕτε
1142 2844 1206 2887 ἄπ’
1233 2844 1352 2888 αὐτοῦ
1384 2844 1612 2888 ἀπέσταλται
1621 2879 1632 2897 ,
1663 2843 1750 2887 οὔτε
1777 2850 1869 2898 παρ’

361 2918 484 2961 αὐτοῦ
513 2919 678 2970 εἴληφεν.

406 3011 438 3045 3.
466 3009 604 3044 ἕσεσξῑαι
626 3010 691 3041 cod.
712 3010 839 3050 Rhediy.
1185 3004 1214 3038 4.
1239 3008 1310 3038 Post
1328 3007 1511 3038 vocabulum
1531 3004 1633 3046 δόξης
1654 3006 1687 3037 in
1707 3005 1778 3037 edit.
1795 3005 1868 3037 Cor-

1139 3053 1222 3085 narii
1244 3053 1379 3084 asterisci
1401 3054 1473 3083 nota
1495 3053 1687 3092 conspicitur.
