2066 3319
191 2193 259 2222 pag.
278 2185 337 2214 500.

345 125 421 165 184
903 128 1062 160 SANCTI
1088 129 1310 162 EPIPHANH

459 208 536 247 Καὶ
561 212 607 263 τῇ
631 207 699 258 μὲν
723 204 916 262 ἱερωσύνῃ
938 203 982 247 τὸ
1007 208 1162 260 πρῶτον
1183 205 1309 260 τάγμα
1337 207 1404 248 καὶ
1426 205 1452 260 ἡ
1475 208 1563 263 περὶ
1587 206 1744 248 πάντων
1765 205 1870 261 ἄκρι-

345 277 525 328 βολογία,
557 278 610 330 τῷ
634 275 674 315 δὲ
701 278 780 330 λαῷ
803 272 846 314 τό
877 271 1092 327 σύμμετρον
1114 275 1182 314 καὶ
1202 272 1243 315 τὸ
1269 275 1529 330 συγγνωστόν·
1560 276 1624 316 ἵνα
1649 273 1790 323 πάντες
1818 277 1872 316 δι-

346 340 561 382 δάσκωνται
583 342 648 382 καὶ
673 346 934 382 κατελεῶνται.
991 339 1185 394 Ἐλεήμων
1206 341 1279 396 γάρ
1305 344 1405 385 ἐστιν
1426 341 1448 385 ὁ
1473 341 1683 396 δεσπότης,
1713 343 1779 383 καὶ
1805 344 1872 383 δυ-

347 408 462 458 νατός
494 408 642 457 πάντας
676 408 809 460 σώζειν
841 413 889 466 τῇ
920 409 999 465 ἰδίᾳ
1029 406 1151 450 αὐτοῦ
1175 407 1333 467 εὐνομίᾳ
1365 412 1431 452 καὶ
1456 409 1624 467 ἀληθινῇ
1653 412 1776 451 πίστει
1807 414 1875 462 τῆς

347 481 417 518 τοῦ
441 476 687 532 κηρύγματος
707 476 990 531 καθαρότητος.
1050 474 1183 525 Αὐτός
1206 475 1278 532 γάρ
1301 477 1420 531 μόνος
1443 480 1519 520 ε’στὶ
1543 476 1734 533 καθαρός.
1798 472 1874 518 Οὗ-

347 562 406 586 τοι
442 545 483 585 δὲ
514 544 679 593 ἑαυτούς
713 544 904 597 φήσαντες
931 543 1150 598 Καθαρούς
1181 543 1246 586 ἄπ’
1268 544 1389 598 αὐτῆς
1419 551 1490 600 τῆς
1524 544 1753 594 ὑποθέσεως
1783 543 1874 586 ἄκα-

347 611 525 662 θάρτους
549 611 710 660 ἓαυτοῦς
733 610 974 653 ἀποτελοῦσι.
1036 616 1126 661 Πᾶς
1148 611 1220 668 γάρ
1250 611 1272 655 ὁ
1298 612 1436 656 ἑαυτὸν
1457 613 1668 668 ἀποφήνας
1697 611 1876 669 καθαρόν

348 678 578 736 ἀκάθαρτον
608 679 747 723 ἑαυτὸν
777 684 926 728 τελείως
955 680 1165 736 κατέκρινε.

468 884 600 938 Πολλή
634 886 675 926 δὲ
708 883 823 927 &vom
852 889 930 927 τῶν
965 883 1153 927 τοιούτων
1186 883 1419 938 νομιζόντων
1452 883 1550 926 εἷναί
1581 903 1636 936 τι,
1675 886 1802 927 εἶκαὶ
1831 880 1881 938 ἦν

350 950 497 1006 άληθὲς
521 951 563 994 τό
590 952 793 1008 κήρυγμα,
824 954 913 1008 περὶ
944 952 1090 1002 παντὸς
1121 957 1191 995 τοῦ
1219 958 1315 994 λαοῦ
1340 952 1464 1002 οὕτως
1490 952 1655 1005 φάσκον.
1699 951 1810 994 ’Έδει
1840 953 1882 994 δὲ

350 1026 487 1076 γνῶμα
511 1020 570 1062 ὅτι
601 1019 649 1062 οὐ
679 1023 767 1076 περὶ
791 1026 859 1074 τῆς
884 1019 1114 1070 ὑποθέσεως
1144 1019 1287 1074 ταύτης
1307 1020 1431 1074 μόνον
1454 1020 1497 1062 τό
1524 1023 1694 1076 ἔγκλημα
1717 1018 1882 1075 ὑπάρχει

351 1094 482 1146 ψυχῇ,
514 1088 540 1143 ἢ
561 1088 602 1131 τὸ
626 1088 690 1130 διά
716 1094 829 1131 τοῦτο
856 1088 1035 1144 ἐνάρετον
1059 1091 1242 1145 γενέσθαι
1271 1088 1413 1142 μόνον,
1445 1087 1536 1130 ἄλλα
1558 1090 1624 1131 καὶ
1651 1087 1694 1131 τὸ
1726 1087 1777 1142 μὴ
1807 1094 1883 1130 λοι-

352 1160 500 1211 δορεῖν,
540 1156 593 1211 μή
624 1156 791 1210 ὀμνύναι
827 1157 967 1211 ὅρκον,
1008 1157 1100 1211 μήτε
1130 1160 1170 1200 ἐν
1201 1156 1384 1214 ἀληθεία,
1417 1156 1511 1211 μήτε
1536 1159 1577 1199 ἐν
1599 1155 1759 1209 ψεύδει,
1791 1154 1884 1198 ἄλλά

354 1227 460 1276 Ναὶ,
493 1227 579 1277 ναὶ,
620 1227 686 1267 καὶ
717 1224 797 1275 Of),
835 1223 883 1267 οὗ
909 1226 1051 1280 λέγειν,
1089 1225 1142 1279 μή
1172 1224 1435 1276 δολιεύεσθαι,
1474 1224 1526 1279 μὴ
1555 1224 1792 1279 διαβάλλειν,
1829 1222 1883 1277 μὴ

353 1295 539 1346 κλέπτειν,
572 1294 625 1348 μή
656 1300 669 1322 ¹
686 1292 986 1348 ἐμπορεύεσθαι.
1036 1292 1103 1335 Ἐκ
1122 1292 1269 1335 τούτων
1293 1293 1364 1349 γάρ
1386 1292 1542 1335 πάντων
1565 1292 1770 1347 συνάγεται
1791 1290 1884 1345 ’ἡμῖν

354 1360 401 1403 τά
424 1361 530 1416 ῥύπη
555 1367 632 1404 τῶν
656 1360 952 1416 ἁμαρτημάτων.
1012 1359 1080 1410 Ὡς
1102 1360 1197 1416 γάρ,
1229 1363 1371 1414 φησὶν,
1403 1359 1424 1402 ὁ
1447 1360 1644 1410 πάσσαλος
1668 1359 1743 1402 ἄνα
1766 1361 1884 1413 μέσον

353 1435 431 1471 τῶν
455 1429 525 1471 δύο
558 1433 682 1471 λίθων
712 1432 975 1483 συντρίβεται,
1007 1428 1131 1478 οὕτως
1153 1427 1180 1482 ἦ
1203 1427 1371 1483 ἁμαρτία
1395 1427 1469 1470 α’νᾶ
1490 1430 1607 1482 μέσον
1629 1427 1885 1484 ἀγοράζοντος

353 1499 419 1539 καὶ
443 1503 678 1546 πωλοῦντος.
720 1498 799 1538 Καὶ
821 1496 880 1539 ὅτι
899 1499 940 1539 ἐκ
960 1501 1031 1538 τοῦ
1054 1497 1237 1551 πλήθους
1255 1496 1412 1545 πάντως
1431 1498 1498 1538 καὶ
1519 1497 1683 1550 μέθυσοι
1705 1498 1772 1538 καὶ
1789 1495 1883 1552 πόρ-

354 1584 415 1608 νοι
447 1567 513 1607 καὶ
545 1567 769 1608 πλεονέκται
799 1568 868 1606 καὶ
897 1566 1090 1615 τοκισταὶ,
1131 1566 1197 1607 καὶ
1226 1564 1384 1613 πάντως
1407 1564 1466 1607 ὅτι
1496 1563 1542 1606 τά
1569 1569 1729 1606 τοιαῦτα
1759 1566 1887 1619 ἔχουσι

355 1637 422 1677 καὶ
453 1636 605 1684 τούτοις
637 1634 777 1688 ὅμοια,
820 1633 878 1676 ὅτι
908 1635 974 1675 καὶ
1003 1632 1209 1687 ψεύσματα
1240 1632 1388 1691 ἑκάστῳ
1421 1631 1550 1674 αὐτῶν
1585 1638 1887 1689 παρακολουθεῖ.

360 1707 456 1751 Πῶς
484 1698 554 1745 οὖν
581 1702 767 1744 δύνανται
793 1700 956 1751 ἒαυτοῦς
980 1700 1201 1757 Καθαροῦς
1227 1700 1459 1753 άποκαλεῐν,
1491 1700 1556 1743 διὰ
1579 1706 1649 1754 τῆς
1671 1706 1764 1754 μιᾶς
1791 1699 1888 1743 ὖπο-

359 1773 522 1824 σχέσεως
546 1776 616 1827 τῆς
637 1770 765 1824 πάσης
789 1770 886 1812 κατά
911 1769 1008 1812 θεὸν
1033 1773 1296 1826 πραγματείας
1322 1771 1410 1824 περὶ
1437 1768 1594 1811 πάντων
1614 1773 1690 1811 τῶν
1713 1770 1888 1823 σφαλμά-

358 1857 435 1880 των
457 1837 782 1892 οἷσφαλιζομένης,
820 1837 902 1880 Οὔκ
927 1837 1100 1894 ἕγνωσάν
1119 1855 1158 1879 τε
1178 1833 1288 1880 οῦτοι
1308 1836 1354 1879 τά
1375 1836 1518 1893 άκριβῆ
1539 1843 1609 1879 τοῦ
1628 1836 1888 1894 κηρύγματος,

361 1905 451 1949 οὐδὲ
480 1910 554 1949 τίνι
585 1907 760 1963 άφώρισε
790 1906 832 1948 vd
865 1905 1087 1963 άκρίβασμα
1115 1911 1230 1948 τοῦτο
1260 1911 1329 1959 τῆς
1358 1909 1547 1962 διγαμίας.

475 2179 594 2221 Ἀλλά
617 2181 683 2221 καὶ
705 2181 745 2221 οἱ
765 2178 843 2221 άπὸ
871 2184 941 2221 τοῦ
966 2182 1142 2235 διωγμοῦ
1165 2177 1520 2234 παραπεπτωκότες
1550 2180 1617 2221 καὶ
1640 2179 1792 2230 ἓαυτοὶ,
1824 2177 1892 2221 ἐάν

363 2250 605 2298 ἐνδείξωνται
634 2250 779 2289 τελείαν
807 2246 877 2300 τήν
906 2247 1131 2301 μετάνοιαν,
1163 2249 1203 2290 ἐν
1228 2247 1359 2305 σάκκῳ
1385 2248 1450 2289 καὶ
1474 2250 1609 2305 σποδῷ
1630 2247 1893 2296 καθεσθέντες

362 2317 428 2358 καὶ
450 2315 685 2365 κλαύσαντες
709 2314 877 2358 ἐνώπιον
900 2319 1052 2371 κυρίου,
1085 2315 1251 2364 δύνατός
1275 2317 1377 2358 ἐστιν
1398 2314 1421 2358 ὁ
1441 2314 1640 2371 εὐεργέτης
1660 2317 1726 2357 καὶ
1749 2313 1894 2364 αὐτοῦς

364 2386 522 2438 ἐλεῆσαι.
584 2383 642 2426 Οὐ
662 2383 735 2439 γάρ
757 2402 794 2425 τι
813 2388 964 2435 φαῦλον
988 2387 1130 2439 γίνεται
1153 2382 1231 2426 ἀπὸ
1257 2387 1469 2438 μετανοίας.
1529 2385 1688 2437 Δέχεται
1709 2377 1780 2424 οὖν
1802 2382 1894 2432 τούς

365 2458 649 2506 μετανοοῦντας
674 2450 697 2493 ὅ
715 2451 852 2508 κύριος
875 2453 940 2492 καὶ
961 2450 988 2504 ἦ
1010 2450 1131 2494 αὐτοῦ
1154 2454 1345 2506 ἐκκλησία.
1402 2451 1470 2501 Ὡς
1495 2453 1705 2506 ἐπέστρεψε
1728 2455 1893 2492 Μανασ-

365 2526 435 2575 σῆς
458 2520 480 2563 ὁ
502 2520 588 2570 υἱὸς
609 2520 780 2570 Ἐζεκίου
810 2521 877 2562 καὶ
905 2520 1044 2573 ἐδέχθη
1073 2519 1151 2562 ὑπὸ
1175 2523 1337 2575 κυρίου,
1367 2522 1434 2562 καὶ
1459 2518 1482 2562 ὁ
1506 2518 1772 2575 ἀρνησάμενος
1795 2518 1895 2575 πρός

368 2589 474 2644 ὥραν
503 2590 614 2644 ἅγιος
644 2590 816 2642 Πέτρος,
847 2589 914 2630 καὶ
940 2588 1251 2643 κορυφαιότατος
1283 2593 1358 2630 τῶν
1389 2586 1636 2638 ἀποστόλων,
1667 2586 1712 2636 ὃς
1740 2589 1895 2643 γέγονεν

367 2656 460 2710 ἡμῖν
485 2656 647 2710 α’ληθῶς
672 2655 804 2712 στερεά
831 2657 952 2712 πέτρα
983 2662 1214 2709 θεμελιοῦσα
1239 2656 1309 2710 τὴν
1337 2659 1465 2698 πίστιν
1489 2660 1559 2697 τοῦ
1589 2658 1763 2711 κυρίου,
1782 2654 1844 2708 ἔφ’
1870 2651 1895 2714 ᾗ

370 2723 598 2782 ᾠκοδόμητο
620 2724 646 2779 ἦ
666 2727 846 2779 ἐκκλησία
866 2723 964 2767 κατά
986 2724 1112 2766 πάντα
1131 2725 1295 2780 τρόπον·
1327 2729 1483 2781 πρῶτον
1504 2724 1574 2776 μὲν
1592 2723 1650 2766 ὅτι
1672 2722 1896 2779 ὦμολόγησε

374 2793 545 2847 Χριστὸν
567 2793 633 2836 τόν
654 2793 744 2836 υἱὸν
765 2799 835 2835 τοῦ
855 2799 957 2835 θεοῦ
977 2798 1046 2835 τοῦ
1072 2798 1233 2844 ζῶντος,
1264 2794 1330 2835 καὶ
1354 2792 1522 2846 ’ἤκουσεν
1543 2791 1623 2843 ὅτι,
1651 2790 1739 2834 Ἐπὶ
1760 2797 1806 2850 τῇ
1828 2792 1893 2833 πέ-

370 2880 441 2918 τρᾳ
457 2861 578 2920 ταύτῃ
600 2867 667 2916 τῆς
686 2860 864 2915 άσφαλῆς
884 2865 1047 2911 πίστεως
1065 2860 1311 2915 οἰκοδομήσω
1334 2879 1410 2914 μου
1429 2859 1499 2913 τὴν
1520 2861 1738 2914 ἐκκλησίαν,
1759 2858 1895 2913 ἐπειδὴ

415 2953 491 2987 Cap.
513 2956 583 2988 VII.
609 2975 648 2980 —
700 2956 728 2988 1.
753 2952 995 2998 &mom-:deffleat
1017 2956 1089 2987 edic.
1111 2957 1210 2995 princ.
1256 2951 1517 2998 ἐμπορνεύεσὲαι
1539 2954 1610 2985 edit.
1633 2955 1738 2986 Pelav.
