2066 3319
188 929 255 957 pag.
275 921 331 950 4⁴19.

172 2694 260 2737 Κεφ.
285 2692 326 2727 α’.

354 216 431 255 148
915 221 1076 254 SANCTI
1099 222 1325 255 EPIPHANH

356 299 505 355 γόντων
527 296 649 340 πολλα
679 302 691 326 ¹
711 295 846 349 εἷπον,
877 299 1050 340 ἐνταῦθα
1072 316 1120 341 ου
1142 298 1285 353 πολλὴν
1314 304 1506 354 ποιοῦμαι
1527 318 1598 355 την
1627 301 1715 357 περὶ
1743 299 1885 343 τούτου

354 365 561 422 διαλογην,
594 364 669 407 ἄλλ’
694 364 746 415 οἷς
768 367 810 408 ἐν
831 364 1049 421 ὑπομνήσει
1076 372 1146 410 τοῦ
1171 365 1283 423 άγίου
1314 367 1533 411 αποστόλου
1560 370 1783 422 φάσκοντος
1812 368 1884 419 ότι,

351 432 464 488 Ἡμῖν
487 432 541 483 εἷς
563 433 659 483 θεος
681 452 702 476 ο
727 432 870 489 πατὴρ,
902 436 941 484 ἐξ
967 437 1015 477 οὗ
1037 435 1083 477 τὰ
1105 435 1245 487 πάντα,
1277 437 1343 477 καὶ
1363 434 1473 490 ημεῖς
1499 439 1553 486 εἰς
1575 436 1711 479 αὐτόν·
1743 439 1809 479 καὶ
1831 434 1887 486 εἷς

350 502 487 558 κύριος
506 501 665 556 Ἰησοῦς
687 501 877 558 Χριστὸς,
909 501 958 545 δι’
980 498 1029 545 οὑ
1051 502 1098 545 τά
1121 503 1267 555 πάντα,
1297 505 1364 546 καὶ
1391 502 1503 558 ημεῖς
1526 503 1574 546 δι’
1595 503 1728 547 αὐτοῦ.
1791 509 1887 554 Πῶς

351 573 424 613 οὖν
453 574 650 613 πολυθεΐα
681 572 808 622 ε’σται,
839 572 904 612 καὶ
935 573 1071 614 πολλαὶ
1101 570 1236 627 ἆρχαὶ,
1269 573 1336 613 καὶ
1365 569 1420 621 εἷς
1449 571 1587 628 κύριος
1609 571 1765 626 Ἰησοῦς
1790 577 1885 628 Χρι-

350 638 463 690 στὸς,
503 637 550 680 δι’
573 638 619 681 ὃν
647 657 693 680 τα
724 638 873 691 πάντα,
909 640 977 681 καὶ
1011 639 1058 682 δι’
1089 642 1136 682 οὑ
1170 658 1217 681 τα
1243 639 1391 691 πάντα,
1425 641 1493 682 καὶ
1528 639 1637 694 ημεῖς
1667 639 1715 682 δι’
1746 639 1885 692 αὐτοῦς

352 706 455 763 ’Ἀρά
475 702 547 749 οὗν
571 705 625 757 εἷς
648 709 751 750 ἐστιν
772 706 793 750 ὁ
814 707 993 762 ποιητὴς,
1023 710 1087 750 καὶ
1111 707 1200 750 οὔτε
1222 709 1355 750 πολλοὶ
1376 711 1481 760 θεοὶ,
1514 708 1602 750 οὔτε
1626 710 1761 750 πολλοὶ
1780 710 1885 750 Ales-

350 792 421 825 νες.
471 775 580 830 Ἔφη
612 774 685 831 γάρ
717 775 797 827 ὅτι,
830 779 957 831 Εἴπερ
991 778 1062 818 εἶσὶ
1093 777 1225 819 πολλοὶ
1253 777 1340 818 θεοὶ
1368 775 1588 832 λεγόμενοι,
1629 775 1670 817 τό
1697 777 1739 818 δὲ
1761 775 1884 831 Λεγό-

350 861 460 898 μενοι
481 842 534 894 ὥς
554 842 625 898 οὐχ
644 843 903 900 ὑπαρχόντων
925 843 1174 898 ἀπεφήνατο,
1206 843 1269 886 διά
1292 845 1333 886 δὲ
1356 843 1449 893 τούς
1470 849 1548 886 τῶν
1567 842 1759 898 Ἑλλήνων
1782 849 1884 900 λεγο·

353 914 495 967 μένους
517 911 588 962 οὓς
611 915 894 966 ἐθεοποίησαν,
924 913 1034 966 ἥλιον
1054 914 1122 955 καὶ
1145 912 1328 967 σελήνην,
1360 911 1482 968 ι’»ἱστρα
1508 929 1556 968 τε
1573 913 1641 954 καὶ
1665 911 1711 954 τά
1733 911 1888 962 τούτοις

351 979 491 1035 ὅμοια,
524 979 831 1035 ἀποφηνάμενος
856 980 1056 1024 ἀπέκλεισε
1079 980 1238 1024 πάντων
1267 986 1344 1023 τῶν
1374 982 1679 1035 πεπλανημένων
1707 979 1778 1034 τὴν
1803 980 1885 1023 διά·

349 1067 472 1093 νοιαν.

468 1260 547 1309 Τῆς
580 1255 622 1296 δὲ
644 1252 784 1310 υγιοῦς
810 1257 975 1303 πίστεως
1006 1253 1254 1307 πανταχόθεν
1286 1254 1505 1308 σωζομένης
1539 1255 1736 1309 ἑδραίωμα
1766 1252 1887 1308 οὔσης

348 1325 414 1365 καὶ
437 1325 631 1377 σωτηρίας
649 1327 727 1364 τῶν
746 1327 907 1373 πιστῶν,
939 1324 1086 1405 ρᾳδίως
1106 1340 1129 1375 η
1151 1326 1285 1364 πασῶν
1304 1340 1384 1364 των
1401 1323 1586 1377 αἱρέσεων
1607 1323 1886 1376 ἐπινενοημένη

348 1394 550 1446 κενολογία
573 1389 893 1446 προςανετράπη·
926 1408 979 1439 ως
1003 1408 1068 1431 και
1097 1392 1213 1438 οὗτος
1233 1388 1491 1445 ἀνατραπεὶς,
1521 1392 1588 1432 καὶ
1612 1388 1776 1433 ἐλεεινόν
1798 1392 1884 1432 ἑαυ-

348 1477 418 1501 τον
439 1473 704 1512 καταστησας,
736 1459 802 1499 καὶ
826 1456 964 1500 ἑαυτόν
987 1456 1238 1507 αποξενώσας
1259 1463 1329 1512 τῆς
1351 1463 1463 1512 ζωῆς.
1527 1460 1633 1512 Φησὶ
1651 1477 1724 1515 γαρ
1747 1457 1770 1501 ὅ
1789 1476 1886 1514 προ-

349 1527 478 1581 φήτης
498 1527 599 1583 πρός
624 1525 694 1581 τῆν
717 1524 832 1582 άγίαν
855 1531 925 1569 τοῦ
945 1530 1055 1582 θεοῦ,
1071 1527 1275 1580 ἐκκλησίαν
1303 1525 1383 1578 ὅτι,
1418 1525 1595 1580 Θήσομαι
1615 1526 1798 1583 ἄνθρακα
1819 1524 1887 1569 τόν

348 1599 465 1638 λίθον
487 1610 580 1647 σου,
610 1596 677 1638 καὶ
700 1593 794 1644 τούς
822 1597 1029 1648 θεμελίους
1061 1609 1132 1637 σου
1164 1593 1405 1651 σάπφειρον,
1437 1596 1505 1637 καὶ
1535 1593 1582 1637 τά
1609 1598 1712 1650 τείχη
1735 1610 1808 1637 σου
1831 1597 1884 1636 λί-

349 1670 454 1713 θους
486 1663 709 1715 ἐκλεκτούς,
742 1664 810 1705 καὶ
838 1662 907 1712 τάς
935 1662 1110 1713 ἐπάλξεις
1142 1677 1215 1705 σου
1245 1665 1390 1705 ἴασπιν.
1450 1660 1552 1705 Εἶτα
1582 1663 1745 1720 ὕστερόν
1774 1678 1886 1718 φησι,

351 1736 471 1774 Πᾶσα
493 1732 607 1786 φωνὴ
629 1731 655 1786 ἢ
682 1730 986 1785 ἐπαναστήσεται
1014 1733 1078 1774 ἐπὶ
1100 1732 1161 1783 σὲ,
1192 1731 1341 1781 πάντας
1363 1730 1507 1781 αὐτούς
1529 1729 1726 1786 ἦττήσεις,
1757 1733 1822 1774 ἐπὶ
1845 1731 1887 1774 δὲ

349 1800 390 1842 σὲ
413 1798 460 1842 οὗ
482 1799 858 1854 κατευοδωθήσεται.
909 1798 1036 1842 Οὐδὲν
1059 1798 1132 1856 γάρ
1154 1800 1374 1855 κατισχύσει
1397 1799 1497 1857 πρὸς
1518 1799 1590 1855 τήν
1607 1806 1676 1855 τῆς
1700 1798 1886 1854 ἀληθείας

351 1871 501 1920 πίστιν,
542 1867 751 1923 ἐπειδηπερ
786 1869 851 1910 ἐπὶ
882 1866 953 1922 τὴν
978 1870 1124 1924 πέτραν
1156 1867 1424 1927 ωκοδόμηται,
1462 1870 1530 1911 καὶ
1558 1868 1678 1911 πύλαι
1705 1868 1807 1926 ᾅδου
1838 1865 1886 1911 οὗ

348 1938 648 1991 κατισχύσουσιν
673 1935 814 1990 αὐτῆς,
847 1955 900 1986 ως
923 1938 1170 1993 ἐπηγγείλατο
1196 1935 1296 1996 αυτῇ
1322 1955 1342 1979 ο
1368 1937 1478 1993 άγιος
1500 1935 1596 1986 θεὸς
1614 1935 1742 1992 λόγος,
1773 1934 1796 1979 ἆ
1816 1939 1884 1990 βα-

349 2003 476 2054 σιλευς
500 2003 621 2058 αὕτης
642 2023 708 2047 και
731 2008 923 2089 νυμφίος,
954 2024 1020 2047 και
1042 2005 1179 2060 κύριος
1205 2004 1327 2060 αὐτῆς
1348 2007 1415 2048 καὶ
1439 2005 1643 2059 δεσπότης,
1675 2008 1705 2063 ᾠ
1726 2024 1751 2059 η
1776 2004 1884 2056 δόξα,

348 2072 456 2127 τιμὴ,
485 2072 648 2129 κράτος,
681 2074 798 2128 πατρὶ
821 2074 861 2114 ἐν
885 2076 970 2130 υἱῷ,
1003 2072 1074 2115 σῦν
1099 2073 1195 2132 άγίῳ
1218 2073 1422 2128 πνεύματι,
1453 2091 1506 2123 εις
1526 2072 1618 2124 τούς
1640 2075 1787 2122 αἰῶνας
1806 2077 1886 2115 τῶν

350 2141 528 2193 αἰώνων,
558 2139 673 2195 άμήν.
740 2140 890 2195 Ταύτης
917 2142 959 2183 δὲ
990 2143 1058 2183 καὶ
1082 2141 1204 2196 αὐτῆς
1234 2145 1577 2196 καταπατηθείσης
1605 2147 1673 2196 τῆς
1703 2143 1886 2197 αἱρέσεως

349 2207 419 2262 (ὥς
441 2207 519 2252 άπὸ
541 2214 661 2264 τομῆς
685 2207 816 2261 ὄφεως
840 2204 939 2251 οὖσα
961 2210 1133 2264 κεφαλὴ,
1162 2212 1229 2253 καὶ
1251 2212 1305 2253 ἔτι
1328 2213 1584 2265 σκαρίζουσα,
1615 2215 1668 2269 τῷ
1693 2209 1794 2268 ξύλῳ
1816 2215 1885 2264 τῆς

351 2283 451 2333 ζωῆς
475 2284 495 2308 2
510 2283 736 2331 πιασθεῖσα)
768 2275 878 2319 αὐτοὶ
899 2283 981 2335 θεῷ
1010 2276 1322 2335 εὐχαριστοῦντες
1343 2279 1408 2321 ἐπὶ
1430 2277 1499 2328 τάς
1519 2277 1635 2328 ἄλλας
1655 2278 1774 2320 πάλιν
1801 2280 1883 2320 δια·

351 2351 593 2396 σκοποῦντες
621 2348 760 2400 ἰ’ωμεν,
793 2340 823 2387 ὦ
856 2344 1058 2401 ἀγαπητοί.

788 2511 973 2556 ΚΑΤΑ
1011 2513 1453 2569 ΝΟΗΤΙΑΝΩΝ,

541 2587 778 2652 τριακοστὴ
817 2587 1000 2650 ἑβδόμη,
1036 2588 1064 2650 ἡ
1101 2591 1180 2636 καὶ
1214 2587 1488 2650 πεντηκοστὴ
1524 2587 1697 2651 ἑβδόμη.

450 2685 622 2741 ’Έτερος
643 2686 758 2729 πάλιν
781 2685 874 2740 μετά
897 2691 1037 2729 τοῦτον
1058 2687 1215 2741 Νοητός
1240 2686 1402 2742 ὀνόματι
1426 2685 1587 2741 ἐνέστη,
1619 2685 1667 2729 οὐ
1686 2686 1762 2743 πρὸ
1785 2688 1883 2730 ἐτῶν

352 2753 558 2806 πλειόνων,
590 2753 667 2796 ἄλλ’
693 2754 745 2804 ὥς
776 2754 850 2810 πρὸ
877 2754 1019 2809 χρόνου
1051 2760 1128 2797 τῶν
1162 2755 1311 2798 τούτων
1343 2754 1480 2798 ἑκατὸν
1504 2753 1734 2810 τριάκοντα,
1765 2758 1882 2798 πλείω

350 2820 377 2875 ἢ
401 2821 557 2874 ἐλάσσω,
588 2821 785 2873 Ἀσιανὸς,
816 2828 885 2877 τῆς
904 2821 1071 2876 Ἐφέσου
1094 2822 1244 2873 πόλεως
1263 2822 1462 2880 ὑπάρχων,
1494 2823 1538 2872 ὃς
1560 2821 1742 2880 άλλοτρίῳ
1766 2822 1878 2866 πνεύ-

353 2908 442 2943 ματι
472 2890 687 2945 φερόμενος
710 2890 901 2945 ἠθέλησεν
925 2890 993 2944 ἀφ’
1016 2893 1157 2934 ἑαυτοῦ
1182 2891 1207 2932 ἃ
1228 2891 1321 2946 μήτε
1348 2897 1567 2948 προφῆται,
1598 2890 1693 2945 μήτε
1716 2889 1882 2934 ἀπόστο-

343 2963 431 3017 κλοι,
463 2958 556 3012 μήτε
579 2961 616 3009 ἐξ
639 2958 816 3015 ’ὑπαρχῆς
838 2961 1018 3014 κατέσχεν
1041 2958 1067 3014 ἡ
1093 2961 1294 3014 ἐκκλησία,
1325 2959 1421 3014 μήτε
1452 2958 1664 3013 ἐνενοήθη,
1694 2960 1816 3015 λέγειν
1843 2977 1882 3002 τε

398 3050 475 3083 eff.
499 3052 556 3083 111.
580 3069 624 3075 -
671 3051 700 3085 1.
726 3054 823 3094 Vulgo
847 3051 1004 3092 εἰπόντες.
1186 3053 1217 3086 2.
1241 3054 1299 3086 Ed.
1321 3055 1429 3087 Petav.
1452 3052 1641 3087 πιεσθεῖσα.
