2056 3298
474 205 651 237 PANARII
679 205 760 236 LIB.
780 206 820 236 II.
846 205 953 237 ToM.
976 207 998 236 I.
1026 206 1155 237 HAER.
1175 206 1331 237 XLVIII.
1624 197 1672 236 17

137 299 208 339 que
238 283 502 339 perficiuntur.
565 284 618 324 At
649 284 710 324 illa
745 292 828 338 post
859 298 901 324 se
930 298 1057 324 rernm
1086 286 1252 325 omnium
1282 285 1428 325 exitum
1455 285 1535 324 sore
1562 298 1673 339 prae-

136 353 255 402 deit,
301 353 398 406 quod
433 352 619 392 bactenns
650 354 816 392 nondum
845 352 1034 393 accidisse
1061 354 1282 403 cernimus,
1330 353 1554 408 praesertim
1589 367 1672 392 cum

137 428 192 461 tot
212 421 282 461 sibi
308 421 564 474 imperatores
585 421 864 471 successerint,
893 434 937 460 ac
963 427 1104 459 tantum
1128 421 1176 458 sit
1198 422 1379 475 temporis
1404 422 1670 475 interlapsum.

135 489 239 530 Anni
267 489 456 543 siqnidem
493 490 537 529 ad
575 489 646 529 boc
676 497 847 542 tempus,
892 489 953 543 qni
982 495 1039 527 est
1070 486 1332 527 Valentiniani
1361 504 1404 528 ao
1435 488 1611 529 Valentis
1639 496 1677 529 et

136 556 313 598 Gratiani
344 557 609 611 imperationis
642 572 764 597 annus
792 555 909 605 XII„
946 557 1027 611 plus
1060 557 1184 596 minus
1219 555 1371 596 (30th
1405 565 1672 606 nunu-rantur,

135 633 173 665 et
201 632 327 666 tamen
362 625 421 665 bio
454 626 517 665 illc
543 626 761 680 praedictus
793 625 838 666 ab
865 624 968 664 inani
998 638 1162 678 seseque
1189 631 1407 664 ostentante
1435 625 1675 679 prophetissa

134 695 300 734 nondum
328 708 455 733 rerum
481 693 611 734 exitus
635 693 812 744 advenit3
858 708 954 746 qnae
979 694 1129 746 quidem
1158 693 1255 732 diem
1285 693 1411 732 obitus
1437 694 1494 733 sui
1522 694 1674 733 minime

135 769 372 817 compertum
401 761 545 802 babuit.
611 761 709 801 IIint·¹
734 762 821 801 illud
847 762 979 801 videre
1006 761 1115 810 licet,
1153 775 1287 801 omnes
1313 761 1373 814 qui
1398 775 1439 800 se
1463 776 1483 801 a
1511 763 1675 801 veritato

133 837 368 885 segregant,
404 830 544 870 nnllam
568 830 605 870 in
631 830 874 870 sermonibus
904 829 1045 869 babere
1069 830 1348 879 constantiam,
1383 829 1448 869 scd
1475 828 1676 869 inl'antinm

133 913 240 939 more
271 898 316 939 ab
344 899 554 953 impostore
581 905 761 952 serpente
792 899 972 952 deceptos
1001 899 1100 938 ultro
1129 912 1171 938 se
1198 898 1234 937 in
1262 897 1422 937 exitium
1448 898 1678 951 perniciem-

133 982 205 1022 que
231 967 489 1007 committere.
552 965 654 1007 Nam
681 981 791 1017 cum,
827 974 908 1006 uta
937 967 1024 1021 lupo
1049 968 1309 1016 devorentur,
1344 980 1364 1005 a
1390 966 1499 1006 caula
1526 967 1677 1019 longius

133 1036 316 1076 aberrare
347 1050 392 1076 ac
425 1034 553 1090 perire
585 1036 801 1086 voluerint,
845 1050 920 1075 non
953 1044 1095 1074 relento
1120 1038 1330 1086 pm'nee'lu'o,
1377 1036 1442 1074 sed
1477 1036 1674 1088 repudiata
1698 1039 1811 1100 (ζιοῑῗῧε.

132 1104 321 1155 veritate,
365 1105 402 1144 in
428 1104 671 1157 naufragium
699 1117 953 1157 errorumque
978 1104 1146 1143 omnium
1175 1110 1441 1157 tempestatem
1469 1117 1557 1143 sese
1586 1118 1676 1142 con-
1734 1104 1737 1109 ’
1790 1096 1796 1102 ’

133 1173 323 1214 iecerunt.
386 1171 488 1213 Nam
516 1172 546 1212 si
575 1172 645 1212 boc.
669 1170 888 1212 Maximilla
913 1172 1081 1222 dixerit,
1117 1172 1341 1226 proplietam
1368 1172 1531 1226 amplius
1558 1171 1678 1211 nemi-

133 1256 219 1282 nem
247 1243 437 1291 l'uturum,
473 1240 643 1281 divinum
670 1241 740 1280 boc
764 1241 839 1280 illis
865 1255 1002 1281 munus
1028 1240 1195 1280 funditus
1221 1239 1358 1294 eripit,
1394 1247 1434 1280 ut
1456 1241 1501 1280 ad
1527 1240 1678 1279 liodier-

132 1324 220 1350 num
253 1317 403 1365 tempus
431 1309 586 1349 minime
615 1316 855 1364 perseveret.
921 1308 1033 1361 Quod
1066 1309 1097 1348 si
1127 1309 1171 1348 ad
1200 1309 1300 1348 illam
1332 1323 1476 1362 usqne,
1520 1317 1559 1348 ut
1588 1316 1677 1349 ante

131 1379 325 1429 diximus,
370 1379 503 1418 eadem
531 1386 736 1433 propagata
763 1379 886 1432 gratia
915 1385 997 1429 est,
1042 1392 1090 1418 ne
1114 1377 1194 1431 ipsa
1219 1377 1369 1432 quidem
1398 1378 1585 1418 eiusmodi
1612 1378 1678 1417 do-

131 1461 268 1488 norum
301 1461 458 1501 compos
490 1454 550 1487 est
581 1448 696 1487 l'aota.

246 1514 323 1557 Sed
352 1515 529 1555 nimirum
561 1515 813 1555 veliementer
840 1522 958 1555 errat.
1025 1513 1177 1554 Etenim
1209 1515 1302 1555 deus
1329 1514 1534 1554 ecclesiam
1563 1529 1670 1554 suam
1700 1524 1780 1567 Cap.
1807 1526 1863 1557 tlt.

132 1585 236 1626 velut
265 1584 509 1637 obsignavit,
555 1598 598 1622 ac
627 1583 754 1623 divina
786 1584 846 1623 illa
879 1598 1037 1623 munera
1065 1583 1287 1637 complosit.
1353 1582 1546 1635 Quamdiu
1575 1583 1676 1622 eniin

133 1653 330 1708 prophetis
366 1666 461 1706 opus
499 1652 565 1691 l'uit
602 1659 640 1691 et
671 1652 752 1691 veri
787 1651 944 1706 spiritus
976 1653 1184 1701 instinctu,
1232 1666 1316 1691 cum
1350 1651 1466 1690 aniini
1499 1651 1678 1691 firmitate

133 1729 247 1775 atque
276 1721 495 1761 constantia
528 1727 566 1760 et
594 1735 726 1760 eorum
759 1734 856 1774 qnae
883 1720 1135 1774 loquerentur
1159 1719 1414 1773 intelligentia
1443 1719 1678 1759 sanctissimi

134 1790 205 1828 viri
233 1803 302 1829 sua
329 1788 457 1828 omnia
481 1803 668 1843 responsa
693 1796 731 1828 et
756 1789 910 1828 oracula
937 1789 1146 1837 dederunt,
1181 1787 1373 1841 iidemque
1400 1802 1468 1842 pro
1494 1788 1680 1841 cuiusque

134 1871 411 1898 concessorum
445 1872 466 1897 a
493 1865 627 1896 sancto
654 1856 789 1910 spiritu
816 1857 1001 1896 donorum
1035 1871 1079 1897 ac
1107 1855 1192 1896 lidei
1219 1855 1392 1906 ratione,
1438 1870 1679 1895 communem

135 1928 179 1966 ad
205 1925 408 1966 utilitatem
435 1925 498 1965 illo
522 1925 604 1979 Ipso
628 1925 765 1979 spiritu
790 1925 924 1979 repleti
949 1932 1052 1965 sunt.
1117 1923 1217 1978 Quid
1243 1924 1360 1977 igitur
1381 1924 1426 1964 ab
1451 1925 1525 1964 illis
1551 1932 1610 1963 est
1633 1925 1678 1964 ad

134 1994 330 2035 bominum
357 1994 558 2034 utilitatem
586 1994 846 2048 praedictum,
881 2000 945 2033 aut
971 2007 1067 2047 quae
1094 1993 1219 2033 habita
1246 1993 1330 2032 Iidci
1355 1993 1478 2032 ratio?
1535 1991 1682 2033 Nonne

135 2062 323 2104 eiusmodi
362 2062 487 2115 potius
524 2061 685 2101 habendi
721 2062 772 2101 illi
806 2069 896 2101 sunt
933 2062 978 2101 do
1015 2061 1152 2115 quibus
1189 2061 1340 2101 Iocutus
1377 2067 1438 2101 est
1477 2061 1677 2101 dominus:

132 2133 331 2171 Attendite
359 2145 381 2170 a
408 2132 520 2183 [ἰώ-ὠ·
542 2133 754 2182 prophetis,
802 2133 869 2182 qm'
893 2133 1042 2169 υεηίιιηί
1065 2133 1115 2169 ad
1139 2145 1201 2168 vos
1226 2133 1262 2169 in
1289 2133 1513 2168 vestimentis
1539 2133 1672 2176 ovium,
1690 2139 1832 2176 Matthfl,
1843 2141 1882 2169 15.

133 2203 360 2239 intrinsecus
383 2207 503 2238 autem
525 2207 615 2238 snut
635 2201 716 2250 lupe·
736 2203 920 2250 rapaces?
978 2198 1066 2252 Age
1092 2212 1186 2238 vero
1214 2213 1309 2252 quae
1332 2199 1378 2238 ab
1404 2198 1478 2238 illiS
1502 2197 1681 2237 dicuntur

133 2283 216 2308 eum
249 2267 296 2308 iis
331 2282 428 2321 quae
459 2268 494 2307 in
528 2274 691 2321 utroque
724 2265 978 2307 Teste-mento
1014 2281 1153 2306 revera
1188 2269 1457 2316 continentur,
1504 2279 1678 2319 quaeque

133 2335 350 2377 certissime
375 2343 485 2389 gesta
518 2350 560 2376 ac,
586 2336 780 2390 praedicta
807 2343 919 2385 sunt,
955 2342 1249 2390 comparantes,
1291 2335 1558 2374 discernamus
1582 2347 1678 2388 quae

132 2405 182 2445 sit
215 2418 308 2445 vera
342 2418 517 2458 quaeque
551 2405 645 2444 I'alsa
677 2403 886 2457 prophetis.
952 2402 1081 2444 Verus
1115 2404 1251 2458 quippe
1284 2403 1468 2457 propbeta
1500 2416 1585 2442 cum
1617 2401 1678 2442 sui

133 2488 314 2527 compos,
357 2480 433 2512 tuni
460 2486 504 2512 ea
530 2487 626 2526 quae
652 2472 802 2511 dicebat
823 2471 1067 2525 inteIIIgens,
1112 2474 1237 2511 l'utura
1266 2471 1487 2522 nuntiabat,
1532 2485 1677 2533 proque

133 2555 179 2582 eo
214 2555 258 2581 ac
291 2541 449 2596 spiritus
484 2548 642 2581 sanctus
676 2540 902 2594 impulerat,
948 2540 1154 2595 praecipuo
1187 2541 1350 2594 quodam
1383 2539 1498 2579 animi
1533 2540 1674 2580 robore

129 2609 334 2651 vaticinari
364 2609 528 2650 solebat.
591 2608 658 2650 Sic
687 2624 817 2647 Sel‘t'etS
846 2611 910 2647 ille
939 2612 1002 2648 dez·
1028 2612 1197 2660 Moyses,
1241 2624 1284 2647 ae
1302 2611 1435 2659 Jt'tlelz's
1467 2612 1504 2648 in
1536 2612 1654 2648 domo.
1685 2618 1772 2648 Num.
1788 2621 1830 2657 12,
1854 2622 1880 2650 τ.

132 2677 243 2721 Unde
274 2685 313 2719 et
342 2681 466 2718 videns
492 2678 529 2717 in
560 2675 704 2717 Vetere
729 2676 986 2717 Testamento
1014 2678 1196 2732 propbeta
1229 2677 1381 2716 dicitur.
1445 2680 1567 2725 l‘e‘sae'o,
1613 2678 1670 2718 in-
1691 2691 1713 2718 1.
1727 2691 1837 2726 Rogo,
1850 2692 1877 2719 9.

133 2747 236 2802 quit,
269 2762 376 2800 quam
400 2749 491 2786 vidit
511 2749 630 2786 Isal‘ns
648 2748 757 2798 silius
781 2749 898 2785 Amos
915 2749 1112 2798 propheta.
1177 2748 1264 2784 l‘sde'
1283 2748 1465 2784 domitmm
1489 2749 1670 2786 setlelzlem
1691 2759 1877 2802 lsai.1,1.ct

132 2831 245 2868 snper
269 2818 441 2855 thronum
463 2817 648 2854 excelsum
675 2823 713 2853 et
735 2817 928 2854 elevatum.
992 2817 1043 2853 El
1069 2817 1146 2853 mle·
1167 2815 1360 2865 Seraphim
1385 2822 1421 2853 el
1448 2816 1667 2864 Cherubim,-
1714 2796 1740 2828 b*
1761 2795 1850 2830 lsqq.

134 2892 175 2924 et
193 2887 324 2924 audivi
341 2899 462 2924 vocem
483 2887 624 2924 domini
640 2886 819 2923 dicentem
841 2885 892 2922 ad
908 2898 976 2922 me.
1036 2885 1135 2921 Vade
1155 2884 1214 2919 die
1230 2884 1368 2933 popello
1389 2885 1494 2923 huic.
1491 2900 1499 2909 ·
1525 2887 1672 2923 Audita

179 2986 210 3018 2.
236 2988 360 3026 Repono
383 2985 442 3020 καὶ
465 2984 506 3020 τὰ
530 2984 617 3020 κατὰ
640 2984 700 3027 τήν
724 2990 790 3018 cett.
927 2995 1032 3017 nerum
1058 2981 1074 3017 ὁ
1095 2981 1222 3027 βὶέπων
1238 2982 1377 3037 ἐλέγετο
1401 2981 1419 3018 0‘
1439 2997 1615 3028 προῳητης
1639 2984 1672 3019 ἐν

179 3030 211 3064 3.
235 3032 269 3064 1η
297 3033 382 3062 librt’s
404 3041 567 3071 perperam
595 3033 771 3064 distinctum
799 3033 882 3063 incc-
927 3030 969 3073 τῇ
994 3032 1094 3062 παὶα.
1098 3031 1117 3073 afr.
1143 3031 1220 3063 διαὶ·
1222 3040 1306 3072 ‘127ss-
1342 3026 1380 3064 0¹:
1387 3041 1459 3069 εισις
1483 3035 1549 3063 cett.

205 3085 321 3120 Corpus
342 3084 520 3113 Πειρη-ωσι
541 3085 577 3112 tt.
597 3086 622 3112 2.
1374 3091 1398 3128 2
