2066 3319
226 1672 293 1700 pag.
312 1665 370 1692 717.

382 153 461 192 5(ἱῖ
948 158 1109 191 SANCTI
1132 159 1356 192 EPIPHANII

381 255 432 293 τῳ
461 237 527 276 καὶ
552 241 635 283 τοῖς
660 233 811 287 ὁμοίοις
833 232 955 276 αὐτοῦ
978 239 1191 290 πληροῦται
1214 236 1279 288 τό,
1312 238 1716 292 Κεκαυτηριασμένων
1738 236 1809 291 τὴν
1834 251 1923 279 συν-

382 305 550 354 είδησιν,
581 303 647 343 καὶ
674 301 907 343 κωλυόντων
931 308 1086 357 γαμεῖν,
1118 301 1331 357 ἀπέχεσθαι
1365 304 1603 360 βρωμάτων,
1645 304 1670 345 ἃ
1694 302 1718 345 ὅ
1744 303 1841 353 θεὸς
1870 306 1924 354 εἰς

383 368 599 421 μετάληψιν
623 371 813 422 ἐποίησεν.
871 367 1081 424 Ἀγιάζεται
1111 370 1178 422 μὲν
1202 370 1266 411 διὰ
1295 371 1444 427 ι’λόγου
1465 377 1565 413 θεοῦ
1596 376 1738 422 ζῶντος
1771 372 1840 413 καὶ
1866 373 1925 414 ἐν·

383 435 566 486 τεύξεως,
605 435 662 478 ὅτι
687 436 814 478 πάντα
844 435 942 477 καλεὶ
969 438 1033 478 καὶ
1057 436 1174 491 ἡδέα,
1204 439 1270 479 καὶ
1292 437 1407 480 οὐδὲν
1432 438 1656 492 ἀπόβλητον
1689 438 1798 493 παρα
1828 443 1923 496 θεῷ.

389 502 652 553 Χλευάζονται
683 505 724 545 δὲ
750 503 966 546 τελειότατα
993 503 1042 546 δι’
1063 504 1110 553 ἃς
1134 506 1337 558 κέκτηνται
1361 507 1520 556 ἕκαστος
1551 505 1824 555 συνειςάκτους
1857 524 1926 561 γυ-

385 577 536 621 ναῖκας,
572 570 644 620 2ὸῖς
667 574 816 613 εἷ’ωθαν
836 577 1128 625 φιλοτιμεῖσθαι
1147 574 1245 625 ἔχειν
1271 574 1325 621 εἷς
1347 571 1572 629 ὑπηρεσίαν.
1611 573 1724 615 Ἀλλά
1748 575 1815 615 καὶ
1840 572 1928 615 τού-

385 655 472 690 του,
506 636 559 687 ω”ς
582 640 704 692 ἔφην,
736 638 804 688 τοὶς
829 641 1023 694 πτέρυγας
1042 639 1377 691 κατασπάσαντες,
1421 643 1486 682 καὶ
1511 640 1581 694 τὴν
1609 639 1784 695 κεφαλὴν
1811 658 1926 682 κατα-

385 704 601 754 θλάσαντες
628 711 682 763 τῷ
713 707 813 764 ξύλῳ
839 712 908 759 τῆς
941 712 1061 760 ζωῆς,
1103 709 1273 749 τουτέστι
1307 712 1360 765 τῷ
1384 713 1539 765 σταυρῷ
1562 713 1632 750 τοῦ
1654 711 1795 764 κυρίου
1816 707 1930 762 ἡμῶν

383 772 509 825 Ἰησοῦ
538 778 733 829 Χριστοῦ,
766 776 830 816 ἐπὶ
853 774 921 823 τας
945 776 1034 827 ἑξῆς
1065 776 1206 828 ἰ’ωμεν,
1250 774 1549 828 ἐπικαλούμενοι
1583 773 1704 817 αὐτόν
1735 775 1804 818 τὸν
1832 774 1930 818 θεόν

387 839 564 893 βοηθόν,
595 840 695 895 πρὸς
716 841 786 895 τὴν
808 846 886 883 τῶν
907 847 1056 883 λοιπῶν
1080 843 1264 897 αἱρέσεων
1289 839 1514 897 α’ντίρρησίν
1547 859 1585 883 τε
1614 843 1682 884 καὶ
1703 841 1930 899 ἀνατροπὴν

389 913 466 949 τῶν
496 907 586 964 παρ’
617 908 754 958 αὐτοῖς
785 912 958 962 ματαίως
988 914 1041 967 τῷ
1071 909 1205 968 κόσμῳ
1242 908 1613 966 3ύποβαλλομένων.

455 1061 569 1105 ΤΟΥ
605 1058 949 1107 *ΜΕΔΗΤΙΟΥ
984 1063 1336 1108 ΣΧΙΣΜΑΤΟΣ
1373 1063 1487 1107 ΤΟΥ
1528 1063 1847 1119 ΑΙΓΥΠΤΙΟΥ,

582 1139 917 1201 τεσσαρακοστὴ
957 1139 1114 1200 ὄγδοη,
1149 1138 1178 1200 ἡ
1215 1141 1294 1186 καὶ
1331 1139 1551 1199 ἑξηκοστή
1586 1138 1732 1200 ὀγδόη.

507 1251 791 1299 1Μελητιανῷν
815 1265 851 1288 τι
872 1246 996 1301 τάγμα
1021 1250 1061 1300 ἐν
1085 1252 1131 1305 τῇ
1160 1252 1237 1289 τῶν
1259 1249 1491 1302 Αἰγυπτίων
1511 1247 1618 1305 χώρᾳ
1643 1245 1822 1303 ὑπάρχει,
1854 1247 1934 1291 ἀπὸ

389 1316 593 1365 Μελητίου
628 1312 734 1362 τινός
766 1314 982 1356 ἐπισκόπου
1012 1317 1053 1356 ἐν
1084 1319 1131 1372 τῇ
1173 1317 1344 1368 Θηβαΐδι
1379 1316 1590 1370 γενομένου
1618 1319 1688 1368 τῆς
1720 1321 1937 1371 καθολικῆς

390 1381 596 1432 ἐκκλησίας
624 1382 690 1421 καὶ
726 1386 794 1434 τῆς
828 1380 956 1436 ὀρθῆς
991 1386 1173 1431 πίστεως·
1216 1381 1263 1423 οὗ
1301 1381 1372 1437 γάρ
1400 1401 1436 1423 τι
1472 1381 1723 1436 μετήλλαττεν
1750 1381 1777 1436 ἦ
1809 1386 1937 1433 πίστις

392 1445 548 1488 ἳαύτοῦ
575 1449 615 1489 ἐν
636 1453 763 1505 καιρῷ
792 1467 864 1490 τινι
893 1455 961 1502 τῆς
985 1448 1098 1505 ἇγίας
1121 1454 1336 1503 καθολικῆς
1370 1452 1585 1503 ἐκκλησίας.
1650 1445 1779 1500 Οὗτος
1801 1448 1824 1492 o‘
1848 1456 1935 1492 Με-

388 1512 519 1566 λήτιος
548 1514 764 1570 σύγχρονος
796 1512 845 1570 ἧν
869 1519 935 1558 καὶ
961 1517 1235 1571 συνακμαστής
1257 1522 1328 1559 τοῦ
1355 1519 1643 1573 προειρημένου
1679 1516 1866 1573 3Ἵέρακᾶ
1896 1535 1935 1560 τε

388 1583 454 1622 καὶ
476 1586 649 1636 καθεξῆς
669 1583 963 1638 διαδεξάμενος,
996 1585 1041 1634 ὃς
1064 1580 1114 1639 ἧν
1136 1587 1203 1627 καὶ
1225 1590 1296 1627 τοῦ
1320 1584 1433 1640 ἁγίου
1461 1586 1619 1640 Πέτρου
1651 1590 1723 1627 τοῦ
1743 1590 1813 1639 τῆς
1834 1584 1932 1645 Ἀλε-

391 1651 594 1705 ξανδρείας
619 1650 838 1694 ἐπισκόπου
865 1652 1086 1708 σύγχρονος.
1150 1655 1230 1694 Καὶ
1259 1648 1367 1695 οῦτοι
1394 1652 1537 1702 πάντες
1568 1655 1630 1695 ἐπὶ
1658 1658 1728 1695 τοῦ
1760 1653 1936 1709 διωγμοῦ

390 1712 491 1769 ἦσαν
522 1723 593 1759 τοῦ
626 1720 836 1774 γενομένου
869 1721 932 1762 ἐπὶ
955 1726 1243 1774 Διοκλητιανοῦ
1275 1722 1341 1762 καὶ
1367 1723 1635 1774 Μαξιμιανοῦ.
1692 1719 1743 1762 Ἡ
1767 1722 1808 1763 δὲ
1837 1719 1936 1763 κατα

390 1783 458 1826 τόν
490 1785 691 1840 Μελήτιον
721 1785 916 1837 ὑπόθεσις
945 1793 1083 1830 τοῦτον
1113 1790 1195 1842 ἔσχε
1226 1788 1293 1830 τόν
1324 1790 1483 1843 τρόπον.

504 1856 656 1906 Σχίσμα
679 1855 880 1908 ἐποίησεν,
923 1854 971 1897 οὕ
997 1855 1073 1909 μὴν
1100 1857 1439 1911 4μετηλλαγμένος
1465 1856 1536 1910 τήν
1569 1859 1697 1898 πίστιν
1726 1857 1934 1912 γεγένηται.

397 1915 524 1969 Οὗτος
542 1922 583 1962 ἐν
604 1927 728 1978 καιρῷ
752 1927 822 1964 τοῦ
847 1926 1023 1978 διωγμοῦ
1043 1923 1125 1977 ἅμα
1151 1926 1290 1981 Πέτρῳ
1316 1927 1369 1981 τῷ
1392 1922 1488 1981 ἁγίῳ
1514 1922 1714 1981 ἐπισκόπῳ
1746 1925 1812 1965 καὶ
1839 1923 1936 1978 μάρ-

392 2007 479 2043 τυρι
500 1990 567 2029 καὶ
588 1995 670 2037 τοῖς
693 1988 820 2039 ἄλλοις
846 1990 1010 2046 μάρτυσι
1038 1993 1276 2045 συλληφθεὶς
1310 1990 1388 2033 ὑπὸ
1412 1996 1488 2032 τῶν
1514 1993 1578 2033 ἐπὶ
1603 1990 1727 2049 τούτῳ
1758 1989 1836 2033 ὑπὸ
1867 1995 1936 2033 τοῦ

392 2057 578 2109 βασιλέως
601 2057 905 2112 ἐπιτεταγμένων
928 2064 1005 2100 τῶν
1029 2058 1112 2100 κατ’
1135 2061 1258 2101 ἐκεῖνο
1283 2064 1425 2111 καιροῦ
1448 2057 1650 2114 ἡγεμόνων
1677 2064 1746 2112 τῆς
1761 2058 1936 2108 Ἀλεξαν-

392 2126 523 2177 δρείας
558 2125 624 2165 καὶ
656 2124 874 2179 Αἰγύπτου.
939 2126 1218 2176 5Κουλκιανός
1247 2128 1316 2180 μὲν
1347 2122 1397 2180 ἦν
1429 2129 1597 2181 ἔπαρχος
1626 2131 1696 2180 τῆς
1721 2129 1936 2179 Θηβαΐδος,

386 2191 676 2246 Ἀλεξανδρείας
707 2193 747 2233 δὲ
774 2190 982 2247 Ἱεροκλῆς.
1046 2196 1126 2236 Καὶ
1153 2192 1176 2236 ό
1200 2195 1268 2248 μὲν
1301 2194 1503 2248 Μελήτιος
1532 2196 1574 2236 ἐν
1607 2199 1660 2252 τῷ
1687 2196 1936 2250 δεσμωτηρίῳ

391 2260 674 2314 καθειργμένος
711 2255 779 2313 ἧν,
821 2259 941 2309 αὐτός
971 2279 1010 2302 τε
1038 2264 1105 2303 καὶ
1139 2265 1180 2303 οἱ
1205 2264 1483 2318 προειρημένοι
1513 2261 1728 2317 μάρτυρες,
1772 2262 1853 2314 ἅμα
1882 2266 1937 2318 τῷ

393 2328 665 2384 προειρημένῳ
695 2328 833 2384 Πέτρῳ
865 2332 917 2385 τῷ
947 2334 1015 2381 τῆς
1037 2327 1322 2385 Ἀλεξανδρείας
1352 2329 1653 2387 ἆρχιεπισκόπῳ.
1708 2328 1864 2371 Ἐδόκει
1893 2329 1935 2370 δὲ

393 2395 460 2434 καὶ
482 2392 504 2435 ό
527 2394 727 2448 Μελήτιος
763 2400 873 2437 6τῷν
905 2396 1003 2437 κατά
1034 2396 1106 2450 τήν
1123 2400 1330 2453 Αἴγυπτον
1354 2397 1563 2452 προήκων,
1604 2398 1670 2439 καὶ
1701 2395 1938 2452 δευτερεύων

393 2466 444 2517 τῷ
473 2463 611 2519 Πέτρῳ
639 2461 736 2503 κατοὶ
766 2462 838 2516 τὴν
868 2463 1198 2518 ἀρχιεπισκοπην,
1241 2463 1294 2514 ὥς
1313 2463 1362 2506 δι’
1385 2463 1629 2518 ἀντιλήψεως
1661 2462 1782 2506 αὐτοῦ
1810 2463 1935 2519 χάριν,

393 2526 458 2569 ὑπ’
487 2528 610 2571 αὐτόν
634 2530 675 2570 δὲ
699 2529 765 2581 ὧν,
797 2532 863 2572 καὶ
889 2529 986 2572 7ύπ’
1014 2530 1132 2573 αὐτὸν
1155 2531 1200 2574 τοὶ
1224 2532 1519 2586 ἐκκλησιαστικᾶ
1545 2531 1763 2588 ἄναφέρων.
1813 2535 1935 2574 Τοῦτο

440 2631 515 2664 CAP.
540 2633 626 2664 V111.
661 2651 704 2656 —
763 2634 788 2666 1.
816 2632 911 2677 λόγον
935 2636 1045 2666 habent
1070 2637 1141 2666 libri
1231 2638 1259 2668 2.
1288 2633 1398 2669 αὐτῶν
1424 2638 1573 2668 librorum
1596 2646 1667 2668 mss.
1694 2639 1828 2675 uterque.

395 2686 505 2707 omnes.
1231 2680 1260 2712 3.
1291 2678 1441 2722 Ἱέρακος
1464 2683 1596 2713 correxit
1619 2683 1676 2713 Ios.
1701 2681 1848 2720 scaliyer.
1897 2682 1935 2711 At

439 2722 469 2752 2.
495 2722 543 2752 Ila
557 2726 684 2755 correxi.
710 2726 797 2755 Libri
809 2727 889 2756 enim
899 2726 1008 2756 habent
1025 2721 1067 2758 δι’
1086 2720 1137 2761 ἃς.
1185 2727 1381 2765 Epiphanius
1412 2730 1542 2766 utraque
1568 2727 1701 2757 nominis
1727 2726 1829 2764 forma
1861 2734 1935 2764 pro-

394 2806 400 2813 .
439 2765 470 2796 3.
496 2761 828 2812 ὑπολαμβανομένων.
865 2769 971 2807 Τέλος
993 2767 1034 2802 τὰ
1054 2767 1140 2803 κατὰ
1184 2773 1300 2802 miscue
1328 2772 1434 2801 utitur.
1491 2772 1583 2801 Haer.
1609 2770 1669 2809 55,
1695 2770 1726 2801 5.
1757 2770 1935 2808 appellatur

404 2809 595 2849 Ιερακιτῶν.
625 2815 690 2843 cod.
714 2815 843 2854 Rhediy.
1185 2812 1306 2855 Ἱέραξ,
1332 2819 1437 2846 contra
1458 2816 1540 2846 haer.
1555 2813 1610 2853 67,
1628 2814 1654 2845 1.
1674 2817 1701 2845 et
1721 2812 1749 2845 3.
1773 2814 1861 2845 habet
1879 2823 1935 2845 no-

439 2856 455 2870 *
479 2853 716 2889 ΜΕΛΙΤΙΟΥ
739 2860 828 2890 codd.
854 2869 925 2891 mss.
1186 2862 1371 2891 minaticum
1393 2857 1568 2901 Ἱέρακοις,
1593 2859 1666 2890 ibid.
1691 2856 1721 2890 4.
1741 2861 1767 2889 et
1786 2859 1815 2889 h.
1841 2859 1860 2888 l.
1881 2868 1934 2898 96-

417 2898 520 2973 δβᾼν.
543 2901 567 2931 Ι.
592 2919 634 2924 —
674 2903 700 2934 1.
728 2902 934 2938 Μελιτιανῶν
956 2906 1045 2937 codd.
1066 2914 1139 2936 mss.
1186 2907 1322 2936 necin-um
1344 2901 1501 2945 Ἱέρακα,
1536 2905 1619 2935 haer.
1642 2901 1696 2942 67,
1721 2902 1749 2934 5.
1775 2900 1934 2934 'accusati-

395 2953 414 2973 u
437 2951 512 2982 tque.
