2066 3319
203 1563 289 1607 Κεφ.
312 1559 379 1607 μα’.

234 1717 301 1746 pag.
317 1710 375 1739 854.

399 188 478 227 466
958 191 1118 224 SANcT1
1142 193 1365 225 EPIPHANII

401 272 480 311 Καὶ
505 268 576 324 γάρ
602 267 656 318 εἷς
678 273 754 310 τῶν
777 266 1048 323 εύαγγελιστῶν
1069 270 1163 323 λέγει
1190 267 1250 311 ὅτι
1275 272 1314 311 οἷ
1338 270 1472 326 λῃσταὶ
1504 270 1544 310 οἱ
1564 270 1920 324 συνεσταυρωμένοι

400 336 677 391 ἐβλασφήμουν
707 334 847 386 αὐτόν,
879 333 901 377 ὁ
926 336 966 377 δὲ
994 334 1104 384 ἄλλος
1132 335 1217 390 ούχὶ
1246 336 1305 378 ὅτι
1330 336 1450 390 μόνον
1480 335 1552 378 οὐκ
1577 335 1854 390 ἐβλασφήμουν
1884 340 1925 379 οἱ

398 403 635 459 ἀμφότεροι,
667 403 761 445 ἄλλα
784 405 850 444 καὶ
873 401 1083 458 άπολογίαν
1107 409 1176 445 τοῦ
1202 403 1287 453 ἒνὸς
1308 407 1494 457 σημαίνει.
1555 405 1635 444 Καὶ
1660 402 1732 459 γάρ
1764 406 1922 458 ἐπετίμα

398 477 450 530 τῷ
476 474 613 530 ἑτέρῳ,
643 473 709 513 καὶ
733 473 853 526 ἔλεγεν
874 470 955 520 ὅτι,
991 469 1050 512 Ού
1072 474 1179 530 φοβῇ
1200 470 1246 513 σύ
1267 470 1334 514 τὸν
1355 470 1465 522 θεόν,
1496 470 1555 513 ὅτι
1577 472 1618 512 ἐν
1638 476 1691 528 τῷ
1713 471 1819 529 αὐτῷ
1841 475 1919 528 κρί-

396 544 485 594 ματί
507 542 629 593 ἐσμεν,
662 535 777 588 οὗτος
799 539 838 580 δὲ
857 536 879 580 ὁ
903 538 1013 594 ἅγιος
1033 537 1146 581 οὐδὲν
1169 540 1342 593 ἐποίησε,
1373 541 1439 580 καὶ
1460 537 1559 594 πρὸς
1580 539 1643 580 ἐπὶ
1665 538 1816 589 τούτοις
1837 541 1918 582 ἐπε-

396 610 520 661 φώνει
540 610 672 663 λέγων,
705 605 924 660 Μνήσθητί
947 624 1035 660 μου,
1067 605 1208 660 Ἰησοῦ,
1239 606 1332 649 ὅταν
1360 609 1482 665 ἔλθῃς
1504 608 1544 649 ἐν
1564 611 1611 665 τῇ
1634 609 1805 664 βασιλείᾳ
1835 621 1920 659 σου,

395 678 460 719 καὶ
489 681 558 718 τοῦ
586 680 761 731 σωτῆρος
786 673 888 730 πρὸς
918 673 1038 716 αὐτόν
1063 674 1240 724 εἰπόντος
1263 675 1344 727 ὅτι,
1372 673 1494 728 Ἀμήν
1516 675 1612 729 λέγω
1641 688 1724 726 σοι,
1755 674 1922 730 σήμερον

397 743 474 798 μετ’
498 746 595 797 ἐμοῦ
619 746 686 802 ἔσῃ
711 744 752 784 ἐν
775 748 827 800 τῷ
851 745 1083 800 παραδείσῳ.
1111 741 1247 785 ’Έοικε
1270 744 1310 785 δὲ
1332 748 1452 784 ταῦτα
1473 741 1525 791 ῶς
1548 745 1768 795 διαφωνίαν
1789 744 1922 797 ἔχοντα

397 814 437 854 ἐν
461 817 508 870 τῇ
535 817 680 870 γραφῇ.
737 809 847 852 Ἀλλοέ
875 809 1003 853 πάντα
1035 816 1115 852 λεῖα
1148 809 1321 865 ὑπάρχει.
1382 809 1479 852 Κόίν
1495 828 1534 852 τε
1560 810 1631 866 γάρ
1663 812 1704 853 ἐν
1732 815 1784 868 τῷ
1809 816 1922 852 Ματ-

395 883 500 937 θαίῳ
526 880 596 922 δύο
624 881 693 921 εἰσὶ
721 878 1048 932 δαιμονιζόμενοι,
1079 877 1185 931 παρὰ
1216 883 1269 936 τῷ
1293 882 1437 936 Λουκᾷ
1466 880 1506 920 οἷ
1531 877 1640 920 αὐτοὶ
1667 877 1920 933 ὑπάρχουσιν.

391 946 485 989 Ἀλλ’
508 946 640 1001 ἐπειδὴ
664 945 846 1000 εἶ’ωθενή
868 946 1001 1002 γραφὴ
1025 945 1241 1001 προφάσεις
1263 946 1416 988 διδόναι
1437 951 1513 988 τῶν
1533 948 1804 1002 εἰργασμένων,
1834 945 1922 988 τού-

393 1033 464 1057 του
489 1017 601 1058 &vena
631 1014 678 1057 οῦ
707 1013 938 1068 μνημονεύει
959 1019 1122 1063 Λουκᾶς
1151 1019 1228 1055 τῶν
1252 1014 1344 1066 δύο,
1376 1012 1469 1056 ἄλλα
1489 1019 1558 1056 τοῦ
1582 1014 1678 1063 ἑνός.
1737 1013 1822 1056 Δύο
1853 1014 1922 1068 μὲν

393 1083 465 1139 γάρ
501 1079 598 1137 ἦσαν
629 1085 668 1125 οἷ
695 1081 772 1124 ἀπὸ
797 1089 874 1125 τῶν
905 1088 917 1110 ¹
935 1085 1148 1136 δαιμονίων
1178 1083 1527 1137 τεθεραπευμένοι,
1566 1080 1621 1131 εἷς
1648 1082 1689 1123 δὲ
1718 1082 1922 1135 παρέμεινε

393 1156 439 1209 τῇ
467 1155 611 1202 πίστει,
643 1149 665 1193 ὁ
689 1151 730 1192 δὲ
760 1153 885 1203 ἕτερος
916 1150 1096 1200 ἐξώκειλε.
1157 1149 1235 1191 Aac}
1257 1153 1389 1191 τοίνυν
1413 1149 1481 1202 τὴν
1506 1149 1739 1204 παραμονὴν
1762 1155 1831 1203 τῆς
1859 1152 1920 1190 πί-

394 1235 511 1268 στεως
532 1218 742 1273 ἠκολούθει
766 1223 819 1274 τῷ
841 1216 989 1271 Ἰησοῦ,
1021 1216 1073 1265 ῶς
1098 1219 1170 1270 ἔχει
1195 1215 1236 1258 τὸ
1268 1216 1511 1272 εὐαγγέλιον,
1543 1219 1596 1266 εἰς
1619 1216 1703 1259 οἷον
1729 1216 1920 1271 άπήρχετο

394 1287 528 1329 τόπον.
595 1286 746 1328 Τούτου
778 1287 890 1327 ἕνεκα
921 1284 987 1326 τὸν
1018 1286 1085 1326 ἕνα
1112 1285 1318 1339 παρέλιπε,
1354 1286 1420 1326 καὶ
1443 1289 1512 1326 τοῦ
1538 1284 1624 1334 ἑνὸς
1646 1289 1716 1327 τοῦ
1749 1286 1788 1326 ἐν
1815 1287 1920 1338 βασι-

393 1358 474 1411 λείᾳ
499 1359 575 1395 τῶν
600 1353 780 1408 οὐρανῶν
807 1352 1047 1407 ἐπεμνήσθη.
1110 1353 1189 1394 Καὶ
1218 1350 1333 1394 οῦδὲν
1356 1354 1598 1395 ἐναντιοῦται
1626 1351 1727 1408 πρός
1754 1350 1824 1406 την
1851 1357 1922 1406 τῆς

393 1421 579 1476 άληθείας
609 1421 770 1477 εὕρεσιν.

494 1556 597 1610 ’Ἠδη
622 1558 662 1599 δὲ
691 1558 757 1598 καὶ
785 1557 916 1610 ἑτέραν
945 1554 1146 1610 πρόφασιν
1177 1554 1315 1609 ὁμοίαν
1347 1555 1489 1609 ταύτης
1519 1560 1587 1609 τῆς
1617 1553 1846 1605 ὑποθέσεως
1874 1554 1918 1598 τὸ

394 1625 618 1681 εὐαγγέλιον
649 1628 855 1680 διηγεῖται,
888 1622 940 1672 ὥς
964 1622 1043 1665 ὑπὸ
1071 1622 1168 1673 ἑνός.
1225 1621 1268 1664 ‘O
1292 1623 1427 1678 κύριος
1456 1625 1548 1665 δέκα
1577 1622 1746 1679 λεπροῦς
1775 1622 1919 1666 ἐκαθά-

397 1710 498 1748 ρισε,
529 1695 593 1735 καὶ
624 1695 663 1735 οἷ
685 1694 793 1735 ἐννέα
819 1691 1056 1740 ἀπελθόντες
1081 1690 1152 1734 οὐκ
1178 1693 1329 1733 ἔδωκαν
1353 1691 1469 1741 δόξαν
1491 1697 1544 1748 τῷ
1569 1697 1664 1749 θεῷ.
1720 1689 1764 1733 ‘O
1794 1692 1835 1734 δὲ
1865 1688 1921 1740 εἷς

392 1761 645 1817 ὑποστρέψας
674 1762 840 1814 ἔμεινεν,
880 1758 902 1802 ό
932 1761 998 1801 καὶ
1026 1758 1104 1802 ὑπὸ
1139 1762 1277 1815 κυρίου
1310 1758 1660 1815 ἐγκωμιαζόμενος,
1690 1757 1794 1801 meod
1828 1761 1918 1812 ἔφη,

393 1832 500 1872 Δέκα
531 1831 666 1883 λεπροὶ
698 1830 1041 1883 ἐκαθαρίσθησαν,
1081 1826 1145 1869 διᾶ
1176 1831 1210 1868 τί
1241 1825 1364 1869 1ου’-δὲ
1396 1825 1450 1876 εἷς
1482 1829 1520 1877 ἐξ
1545 1826 1674 1869 αὐτῶν
1703 1825 1919 1883 ὑπέστρεψε

393 1901 531 1940 δοῦναι
556 1897 675 1947 δόξαν
693 1901 747 1954 τῷ
769 1901 874 1953 θεῷ,
906 1894 997 1937 ἄλλα
1021 1894 1141 1949 μόνος
1166 1890 1282 1943 οὗτος
1303 1893 1325 1937 ὅ
1347 1893 1570 1950 άλλογενήςς
1631 1896 1711 1936 Καὶ
1734 1893 1831 1952 ὁρᾷς
1859 1893 1919 1937 ὅτι

393 1965 457 2008 διά
481 1964 524 2007 vd
549 1963 782 2017 εὐαίσθητον
807 1965 873 2005 καὶ
890 1968 958 2016 τῆς
979 1961 1277 2018 εὐγνωμοσύνης
1297 1964 1408 2018 ἔργον
1429 1966 1498 2004 τοῦ
1519 1961 1605 2011 ἕνὸς
1627 1961 1712 2004 άντὶ
1730 1967 1806 2004 τῶν
1825 1963 1920 2004 δέκα

395 2032 635 2088 μνημονεύει.
679 2031 876 2080 Ὡςαύτως
900 2032 939 2073 δὲ
963 2030 1098 2084 ἐπειδὴ
1123 2029 1145 2072 ὁ
1167 2029 1220 2080 εἷς
1241 2029 1504 2086 εύαγγελιστής
1525 2031 1612 2086 περὶ
1633 2034 1782 2088 λῃστῶν
1805 2032 1918 2084 ἐμνη-

395 2101 592 2155 μόνευσεν.
652 2099 869 2152 Εἰώθαμεν
898 2098 970 2155 γάρ
999 2099 1045 2140 τά
1070 2097 1179 2141 ἑνικά
1206 2097 1452 2151 πληθυντικά
1480 2099 1620 2154 λέγειν,
1649 2099 1716 2140 καὶ
1747 2097 1795 2140 τά
1823 2103 1918 2152 πλη-

395 2167 564 2211 θυντικά
588 2167 706 2210 ἑνικά.
754 2167 961 2221 Φάσκομεν
981 2166 1053 2222 γάρ
1076 2166 1149 2218 ὅτι,
1181 2165 1463 2222 Διηγησάμεθα
1485 2164 1623 2219 2ύμῖν,
1653 2167 1719 2208 καὶ
1746 2163 1917 2220 3Ἑωρά-

397 2254 519 2290 καμεν
542 2235 664 2290 ὑμᾶς,
695 2238 762 2278 καὶ
778 2235 952 2287 ’“Ήκομεν
975 2233 1075 2289 πρὸς
1095 2232 1206 2288 ὑμᾶς.
1268 2236 1348 2276 Καὶ
1370 2233 1419 2276 οὗ
1443 2233 1514 2276 δύο
1542 2236 1583 2276 οἵ
1603 2235 1796 2289 λέγοντες,
1826 2232 1919 2275 ἄλλά

397 2303 452 2354 εἷς
473 2303 495 2347 ὁ
518 2303 668 2360 παρών.
725 2301 768 2344 ‘O
791 2304 831 2344 δὲ
852 2301 906 2351 εἷς
926 2301 1023 2344 κατα
1043 2301 1114 2356 τήν
1135 2301 1348 2355 συνήθειαν
1367 2307 1436 2356 τῆς
1453 2301 1623 2356 χρήσεως
1643 2303 1684 2344 ἐκ
1705 2301 1917 2358 προςῶπου

395 2377 547 2415 πολλῶν
569 2376 842 2424 πληθυντικῶς
863 2373 1059 2425 διηγεῖται.
1105 2369 1217 2412 Οὕτω
1240 2375 1515 2423 πληθυντικῶς
1535 2372 1779 2425 περιείληφεν
1799 2368 1827 2424 ἦ
1847 2374 1918 2411 τοῦ

399 2445 419 2469 4
435 2438 656 2495 εὐαγγελίου
681 2437 886 2488 ὑπόθεσις,
919 2436 940 2479 ὁ
966 2438 1006 2478 δὲ
1027 2439 1153 2492 ἕτερος
1176 2441 1360 2493 διηγεῖται
1385 2437 1445 2480 ὅτι
1467 2436 1521 2486 εἷς
1541 2438 1612 2491 μὲν
1631 2432 1681 2490 ἦν
1700 2435 1723 2480 ὅ
1744 2437 1917 2491 βλάσφη-

397 2525 487 2561 μος,
520 2505 543 2549 ὅ
565 2508 605 2548 δὲ
630 2505 684 2556 εἷς
708 2509 977 2561 ἐξωμολογεῖτο
1007 2507 1073 2546 καὶ
1096 2507 1200 2559 ἔτυχε
1222 2509 1422 2561 σωτηρίας.
1483 2506 1562 2547 Καὶ
1587 2503 1681 2562 ὁρᾷς
1712 2503 1744 2546 co‘

395 2574 442 2617 τά
461 2581 530 2628 τῆς
551 2573 735 2628 άληθείας-
753 2579 860 2627 σαφῆ
879 2571 1055 2627 ὑπάρχει,
1085 2574 1151 2614 καὶ
1171 2571 1286 2615 οὐδὲν
1305 2575 1477 2615 ἐναντίον
1497 2575 1538 2615 ἐν
1555 2578 1602 2631 τῇ
1621 2577 1765 2630 γραφῇ.
1804 2570 1916 2613 Ἀλλά

396 2642 524 2685 πάντα
550 2647 701 2684 5ταῦτα
724 2641 794 2694 τήν
821 2639 975 2697 γραφὴν
1003 2639 1206 2689 διεξιόντες
1228 2643 1282 2689 εἰς
1301 2640 1442 2689 πλάτος
1465 2639 1679 2694 ἥλάσαμεν,
1711 2637 1764 2688 ῶς
1793 2637 1914 2692 οἶμαι,

396 2716 465 2753 τοῦ
493 2710 611 2766 λόγου
635 2709 677 2753 τὸ
702 2709 882 2766 διήγημα.
943 2709 1022 2750 Καὶ
1049 2709 1194 2762 γένοιτο
1220 2709 1289 2761 μὲν
1313 2706 1416 2762 ἡμᾶς
1436 2707 1597 2762 κάμνειν
1618 2712 1672 2765 τῷ
1694 2705 1826 2749 πλάτει
1845 2711 1915 2750 τοῦ

1745 2523 1764 2553 ς
1791 2503 1917 2546 πάντα

445 2859 521 2890 CAP.
543 2860 619 2892 XL.
643 2878 688 2884 —-
735 2862 764 2891 1.
789 2856 954 2901 δαιμόνων
975 2858 1041 2890 cod.
1054 2858 1133 2889 Rhe·
1221 2857 1252 2889 2.
1278 2855 1366 2899 ὑμᾶς
1388 2859 1492 2889 vitiose
1515 2860 1557 2889 est
1579 2858 1611 2888 in
1646 2857 1692 2888 ed.
1718 2857 1825 2888 Petav.
1851 2857 1911 2889 Col.

399 2905 521 2980 ‘hydam
545 2949 636 2980 XLI.
662 2966 705 2973 —
753 2948 781 2981 1.
815 2943 924 2985 οὐδεὶς
951 2943 1007 2981 ἀπ’
1029 2943 1136 2981 αὐτῶν
1175 2906 1267 2979 apg·
1284 2949 1388 2979 Verba.
1403 2943 1598 2987 ἑωράκαμεν
1619 2942 1729 2987 ὑμᾶς,
1756 2944 1815 2980 καὶ
1834 2947 1914 2979 desi-

398 2994 464 3025 cod.
485 2995 610 3034 Rhediy.
1180 2993 1329 3024 derantur
1350 2994 1383 3024 in
1406 2993 1452 3024 ed.
1473 2992 1603 3023 petavii.
1632 2991 1732 3025 colon.
1754 2994 1846 3031 repet.
