2066 3319
515 185 691 218 PANARn
718 185 799 217 Lm.
826 187 866 217 n.
893 187 998 218 Tou.
1022 189 1045 218 t.
1073 188 1201 220 misti.
1223 190 1346 223 thv.
1621 182 1701 222 243

173 266 332 320 argutiis
357 264 639 305 circumvenire
664 278 734 304 nos
757 265 854 315 suis,
889 280 933 305 ae
959 267 1087 307 dicere
1111 268 1281 308 nonnulli
1307 269 1456 318 volunt,
1490 270 1589 309 idem
1614 283 1703 310 esse

173 329 353 388 γεννητόν
372 347 456 372 eum
478 334 645 387 γεννητῷ
667 346 751 372 eum
775 333 820 373 de
842 334 913 373 deo
934 335 1074 387 agitur,
1110 350 1349 390 nequaquam
1373 338 1602 377 audiendum
1627 345 1701 388 est,

173 402 238 442 sed
268 400 408 441 creatis
433 400 618 440 duntaxat
647 400 683 440 in
710 400 840 440 rebus.
902 401 1018 442 Aliud
1055 405 1153 443 enim
1191 411 1250 443 est
1279 402 1459 457 γενητὸν,
1491 406 1592 445 aliud
1623 420 1705 458 γεν-

171 465 298 520 νητόν.
358 466 471 521 Quod
507 468 624 522 igitur
654 468 700 507 ab
736 482 782 507 eo
819 469 958 509 dietum
992 478 1050 510 est
1078 468 1256 524 γενητόν,
1299 472 1368 511 ltoe
1401 481 1459 512 est
1483 477 1704 525 productum

171 540 295 584 deum,
334 537 494 590 primum
520 536 609 576 illud
635 536 894 577 sciscitemur.
959 538 1127 591 Quinam
1161 539 1285 579 creari
1317 541 1438 593 potuit
1464 541 1495 581 is
1527 542 1587 595 qui
1616 556 1634 581 a
1669 550 1705 582 te

171 604 358 645 eiusmodi
382 604 572 644 vocabulo
608 604 765 645 lionoris
802 620 939 645 caussa
970 608 1132 646 afficitur
1163 607 1284 647 deus?
1343 607 1578 649 Adorandus
1611 624 1705 650 vero

172 672 360 727 quomodo
388 672 538 712 tandem
567 673 662 723 erit,
695 673 727 712 si
754 675 876 714 l'aetus
908 676 994 714 est?
1055 674 1155 714 Volo
1182 674 1282 714 enim
1311 675 1412 715 illam
1449 677 1611 731 apostoli
1646 693 1706 718 re-
1726 688 1909 723 nom.1‚25.

171 741 466 795 prehensionem
490 754 694 780 removeas
721 756 793 795 qua
818 755 885 782 eos
909 742 1156 796 prosequitur
1181 743 1241 796 qui
1266 745 1408 783 creatis
1430 744 1545 784 rebus
1570 745 1707 785 ‹livini-

171 816 286 849 tatem
313 807 541 848 tribuerent.
605 810 665 849 Ae
692 810 805 849 talem
829 810 918 849 mihi
944 810 1054 849 deum
1078 810 1255 851 exbiberi
1278 811 1367 851 volo
1393 812 1455 865 qui
1480 813 1707 854 adoratione

170 876 307 931 dignus
340 877 413 927 sit,
458 877 519 930 qui
553 876 651 916 idem
688 884 796 918 reeta
829 877 1060 932 sinceraque
1094 879 1190 929 tide,
1232 893 1330 933 quae
1357 879 1507 933 quidem
1541 882 1707 921 creatori

169 945 265 994 soli,
307 959 383 984 non
413 947 502 985 item
530 945 670 986 creatis
705 945 752 985 ab
781 945 845 985 illo
873 945 988 985 rebus
1024 947 1288 987 adorationem
1322 948 1513 1003 impertit,
1556 957 1710 990 creatus

172 1012 378 1066 aliquando
422 1020 645 1053 censeatur.
710 1012 795 1053 Hoe
829 1013 861 1053 si
898 1014 1166 1055 demonstrare
1202 1016 1398 1070 potueris,
1443 1023 1520 1057 tum
1558 1018 1708 1058 demum

171 1081 339 1121 mendax
371 1081 462 1121 illud
497 1088 600 1121 tuum
637 1082 918 1136 eonfietumque
951 1083 1087 1136 dogma
1112 1084 1249 1123 rationi
1277 1092 1602 1136 consentaneum,
1638 1100 1710 1127 nec

170 1149 216 1189 ab
241 1149 484 1203 antiquorum
511 1157 655 1203 patrum
684 1150 826 1204 pietate
850 1150 1034 1201 alienum,
1069 1165 1157 1191 esse
1181 1151 1388 1192 videbitur.
1439 1151 1587 1193 Verum
1612 1168 1709 1194 nuu-

170 1232 281 1272 quam
307 1218 398 1258 illud
426 1217 536 1258 nobis
562 1220 760 1258 ostendes.
822 1218 883 1258 Ae
913 1219 1066 1259 tametsi
1099 1219 1358 1260 intervertere
1389 1222 1575 1275 quaedam
1604 1229 1642 1262 et
1665 1223 1710 1263 ad

171 1292 272 1326 tuam
306 1286 538 1326 sententiam
574 1301 774 1341 perperam
805 1288 1099 1328 accommodare
1129 1302 1247 1328 ausus
1281 1290 1424 1339 fueris,
1461 1304 1535 1330 non
1570 1291 1606 1330 in
1640 1290 1710 1332 boc

173 1361 298 1394 tamen
325 1355 595 1408 religiosorum
621 1355 864 1395 coniunctam
889 1370 973 1396 eum
998 1363 1104 1397 reeta
1128 1357 1278 1397 ratione
1302 1358 1534 1398 sententiam
1560 1359 1604 1398 ad
1629 1366 1711 1399 tan-

172 1429 246 1462 tam
283 1424 536 1477 pravitatem,
572 1423 766 1463 hominnm
799 1424 1078 1473 furiosissime,
1114 1426 1347 1479 detorquere
1384 1426 1544 1479 poteris.
1608 1426 1710 1468 Nam

173 1498 212 1531 et
235 1504 374 1531 sensus
402 1491 467 1531 tibi
491 1492 710 1545 refragatur
732 1498 769 1532 et
792 1492 904 1532 ratio.
960 1491 1114 1532 Etenim
1140 1493 1317 1547 quicquid
1342 1501 1515 1534 creatum
1537 1501 1611 1545 est,
1645 1497 1711 1536 ad-

174 1559 292 1610 orari,
326 1566 367 1599 ut
392 1559 488 1609 dixi,
524 1573 598 1599 nou
625 1566 765 1614 potest.
830 1558 899 1600 Sin
926 1560 1152 1601 adoratione
1178 1561 1332 1614 dignum
1358 1563 1515 1602 omnino
1540 1563 1708 1614 videtur,

173 1641 258 1667 eum
294 1626 367 1667 alia
395 1628 672 1682 quamplurima
700 1635 828 1668 ereata
864 1627 962 1679 siut,
1003 1630 1177 1684 profecto
1205 1630 1298 1669 nibil
1331 1630 1516 1681 interest,
1551 1632 1641 1686 quin
1674 1639 1713 1673 et.

174 1709 245 1735 nos
271 1709 355 1735 cum
390 1696 503 1735 unico
535 1703 713 1736 creatore
742 1704 871 1737 cetera
898 1698 1104 1737 adoremus
1136 1697 1263 1737 omnia
1297 1712 1393 1752 quae
1420 1699 1553 1739 servili
1581 1700 1713 1742 nobis-

174 1777 258 1803 cum
292 1763 537 1813 conditione,
572 1766 783 1819 eademque
816 1765 983 1805 nominis
1014 1765 1165 1805 ratione
1198 1767 1461 1806 continentur.

287 1831 375 1887 Age
397 1846 492 1873 vero
515 1833 715 1873 videamus
740 1834 778 1873 in
804 1840 969 1888 quatuor
987 1834 1217 1887 evangeliis,
1252 1834 1388 1888 quibus
1412 1835 1529 1875 vitam
1555 1850 1707 1877 omnem
1736 1841 1816 1886 Cap.
1840 1843 1900 1877 IX.

175 1908 347 1942 nosti-am
383 1901 542 1941 verbum
579 1902 673 1942 deus
700 1902 745 1941 ad
778 1916 849 1942 nos
882 1902 1043 1942 veniens
1073 1902 1333 1942 administrari
1367 1903 1507 1954 voluit,
1544 1905 1713 1946 nuncubi

176 1966 357 2010 Cltristus
386 1971 438 2010 ita
469 1970 621 2010 locutus
647 1969 719 2010 sit:
763 1974 864 2010 Deus
895 1986 950 2010 me
983 1974 1144 2018 creavit,
1180 1972 1265 2022 vel,
1299 1974 1412 2011 Patet·
1440 1987 1541 2011 meus
1571 1978 1717 2013 creavit

174 2042 260 2077 me?
290 2045 356 2078 aut
379 2045 503 2078 utrum
532 2045 642 2092 pater
670 2038 706 2078 in
741 2039 817 2079 ullo
842 2053 1007 2093 unquam
1033 2039 1237 2094 evangelio
1263 2041 1595 2094 pronuntiaverit,
1628 2045 1713 2095 Ego

176 2108 472 2158 creave‘filae'um,
507 2115 545 2146 et
568 2110 655 2146 misi
672 2110 721 2146 ad
744 2122 818 2146 vos.
884 2105 961 2147 Sed
987 2108 1032 2148 de
1060 2107 1116 2148 his
1141 2108 1342 2149 haetenus.
1404 2108 1506 2150 Nam
1535 2111 1633 2164 quod
1667 2111 1713 2152 ad

178 2175 398 2215 testimonia
423 2174 612 2230 pertinet,
648 2190 718 2215 nos
743 2175 1019 2230 quamplurima
1043 2190 1160 2231 saepe
1192 2177 1379 2217 adversus
1406 2178 1492 2219 illos
1517 2179 1713 2219 attulimus

177 2244 238 2298 qui
264 2251 482 2284 ereaturam
511 2243 621 2284 nobis
651 2244 923 2301 obtrudebaut.
985 2243 1094 2285 Nihil
1119 2252 1243 2285 tamen
1274 2245 1310 2285 in
1337 2246 1555 2300 praesentia
1589 2246 1712 2301 palam

179 2313 306 2352 l'aeere
330 2312 473 2367 pigebit
499 2327 609 2366 quam
637 2313 748 2352 facile
778 2313 955 2366 redargui
981 2327 1092 2353 error
1111 2313 1172 2353 ille.
1196 2314 1338 2369 possit,
1373 2321 1486 2368 atque
1515 2314 1565 2353 ita
1592 2314 1713 2355 homi-

178 2394 263 2420 nem
293 2380 419 2430 illum,
463 2380 525 2434 qui
561 2380 715 2435 sapiens
748 2380 818 2421 sibi
846 2381 1020 2431 videtur,
1057 2383 1232 2436 aggredi.
1295 2380 1455 2433 Potest,
1498 2381 1548 2422 ini
1581 2382 1710 2434 bomo,

177 2454 331 2488 creatus
355 2448 418 2488 ille
441 2462 529 2489 esse
552 2449 612 2502 qui
639 2449 751 2498 dixit,
785 2452 869 2501 Ego
890 2453 927 2488 ia
945 2458 1057 2502 patre
1076 2458 1114 2489 et
1126 2458 1238 2502 pater
1260 2454 1297 2489 in
1323 2466 1378 2489 me
1399 2459 1467 2498 est,
1503 2457 1556 2501 et,
1588 2453 1713 2492 Ambo

178 2532 288 2557 unum
319 2521 476 2556 sumus?
533 2515 671 2557 Potest
700 2531 795 2557 vero
831 2518 1008 2558 diversus
1040 2532 1126 2558 esse
1162 2519 1223 2572 qui
1255 2519 1452 2573 aequalem
1487 2533 1571 2559 cum
1605 2527 1713 2575 patre

178 2585 363 2626 honorem
387 2584 585 2625 obtineat?
642 2587 758 2625 Nemo
784 2589 878 2625 enim
902 2590 1004 2626 novit
1021 2588 1152 2638 filium
1178 2577 1257 2625 mse·
1271 2595 1394 2638 pater,
1429 2602 1545 2639 neque
1564 2596 1710 2640 patrem
1725 2596 1915 2629 toann.14,10.

178 2657 255 2694 πίει·
268 2655 393 2706 filius,
455 2652 555 2693 Tum
587 2654 700 2704 illud,
737 2656 811 2704 Qui
838 2657 937 2694 videt
959 2670 1034 2703 me,
1070 2658 1170 2694 videt
1191 2664 1229 2694 et
1247 2663 1407 2707 putrem.
1473 2654 1583 2709 Quae
1616 2670 1710 2697 vero
1734 2635 1898 2696 §laiilss'w'

179 2723 366 2762 adversus
390 2722 716 2762 resurrectionem
740 2722 785 2762 ab
812 2723 945 2763 eodem
970 2723 1159 2778 disputata
1183 2730 1286 2774 sunt,
1319 2730 1476 2763 servato
1500 2725 1634 2765 ordine
1659 2703 1915 2773 ex1¹22¹5..f‚².·14‚9.

180 2790 353 2845 ipsismet
379 2789 479 2830 illius
507 2790 638 2830 verbis
665 2791 775 2845 paulo
805 2798 888 2845 post
913 2792 1149 2842 adferemus,
1183 2798 1295 2844 atque
1323 2804 1373 2831 ex
1398 2791 1509 2833 unica
1535 2807 1630 2833 voce
1656 2801 1713 2833 to-

183 2864 256 2897 tam
283 2858 384 2898 illius
406 2858 638 2898 sententiam
664 2859 904 2914 aperiemus,
937 2866 975 2900 et
997 2867 1175 2913 quantum
1201 2859 1253 2898 sit
1275 2858 1312 2899 in
1345 2853 1391 2899 e'o
1424 2860 1602 2913 dogmate
1629 2861 1713 2901 inti-

182 2925 347 2966 delitatis
385 2925 700 2967 monstrabimus.
764 2925 1002 2981 Quamquam
1027 2935 1154 2967 autem
1192 2927 1262 2967 boc
1294 2935 1562 2981 argumentum
1595 2943 1711 2984 saepe

184 2993 245 3032 ille
267 2993 421 3048 copiose
444 2994 690 3046 tractaverit,
725 2997 921 3049 variisque
953 2995 989 3034 in
1022 2995 1126 3034 libris
1152 2995 1328 3049 ingentes
1355 3010 1477 3049 nugas
1509 2997 1710 3048 effutierit,

1356 3064 1440 3106 16*
