2066 3319
462 193 643 225 PANARu
667 193 748 227 Llss.
771 195 811 225 u.
841 195 951 226 ToM.
969 196 994 227 ῐ.
1018 196 1291 228 HAER.LX1V.
1567 189 1648 230 289

110 270 226 310 vitam
259 269 371 310 homo
401 285 485 312 cum
517 286 682 327 corpore
717 274 917 314 traducat?
978 274 1043 315 Sic
1072 275 1171 316 enim
1202 276 1421 316 interdictio
1454 277 1515 317 illa
1548 278 1650 318 edita

109 345 191 389 est,
224 345 405 392 tanquam
432 339 510 379 vita
538 340 601 380 ille
627 341 830 394 degustata
856 350 1017 383 mortem
1045 351 1177 398 posset
1203 345 1388 398 cll'ugrre.
1454 343 1521 386 Sic
1545 346 1647 385 enim

108 406 181 446 ait:
228 409 335 446 Fecit
356 411 481 460 itaque
507 411 676 448 dominns
706 413 796 449 (leus
821 414 944 450 Adam
973 420 1009 450 el
1034 416 1151 451 amori
1174 415 1253 451 eius
1281 418 1426 452 tunicas
1451 416 1643 465 pelliceas,
1668 422 1742 451 Gen.
1762 425 1787 459 3,
1809 424 1852 452 21.

107 482 145 513 et
170 477 292 514 ebulm‘t
323 478 434 514 illos:
479 485 515 515 el
547 480 646 516 (Ιιζτίί
677 480 788 525 deus,
831 482 930 518 Ecce
951 482 1086 531 sac-lus
1116 488 1172 519 esc
1194 484 1318 520 Adam
1349 486 1447 520 sicul
1477 497 1572 521 emas
1603 498 1651 521 cx

106 544 232 591 nobis,
268 552 311 583 ut
330 554 534 596 cognoseat
563 547 693 585 bonum
718 555 757 585 et
778 550 936 587 malam.-
978 557 1015 587 el
1045 563 1143 588 mmo
1168 563 1213 587 ne
1241 550 1343 600 forle
1366 553 1543 589 eoetemlat
1573 566 1649 590 ma-

106 627 214 660 num,
255 621 294 652 et
314 622 437 652 suma!
466 617 510 653 de
545 616 648 666 legno
679 618 797 663 vilae,
839 625 874 655 et
901 620 1068 655 comedat
1096 625 1133 655 et
1158 620 1256 655 vival
1287 620 1323 656 1⁶12
1355 626 1570 658 aelernam:
1615 628 1652 659 ec

106 684 229 720 emisit
249 684 354 720 illum
380 685 548 722 dominus
571 685 660 722 deus
680 699 699 721 e
724 687 904 723 Paradz'so
931 687 1144 736 voluplalt's,
1181 693 1224 723 ut
1247 695 1468 737 operaretur
1492 695 1645 735 terram,

106 764 154 788 ex
177 764 250 802 qna
269 759 482 803 assumptas
503 759 572 799 est,
610 760 646 790 et
667 755 775 791 eiecit
793 755 931 792 Adam.
998 752 1262 807 Quamobrem
1287 762 1438 808 poterat
1461 755 1496 794 iu
1523 763 1650 795 acter-

107 832 194 857 num
221 818 356 859 vivere
389 834 529 873 corpus
557 826 593 860 et
620 819 838 860 immortale
874 821 981 870 fieri,
1025 821 1098 861 nisi
1136 821 1182 861 ab
1216 823 1406 875 gustanda
1439 824 1516 863 vita
1552 826 1651 864 l'oret

106 886 354 941 prohibitum.
418 887 491 928 Est.
516 895 643 929 autem
677 889 821 929 idcirco
854 889 1110 944 prohibitum,
1154 896 1195 930 ut
1224 897 1260 930 et
1288 898 1484 945 peccatum
1519 893 1649 932 extin-

105 962 206 995 ctum
238 970 312 996 uua
338 971 422 996 cum
449 971 613 1012 corpore
639 965 881 1008 moreretur,
916 965 954 998 et
981 973 1122 1013 corpus
1149 965 1308 1012 peccato
1334 967 1486 999 mortuo
1518 974 1650 1000 resur-

104 1031 230 1076 geret.
294 1022 417 1078 lgitur
450 1039 497 1066 ne
529 1025 747 1066 immortale
777 1027 965 1081 quoddam
993 1041 1037 1067 ac
1062 1027 1339 1082 sempiternum
1373 1029 1511 1068 malum
1546 1036 1652 1069 esset

106 1093 240 1142 homo,
285 1100 325 1133 ut
354 1093 428 1133 iam
461 1094 654 1145 diximus,
697 1109 741 1135 ac
772 1096 918 1150 peccati
957 1096 992 1136 in
1029 1109 1117 1135 sese
1143 1096 1443 1136 dominationem
1480 1098 1647 1147 foveret,

104 1167 236 1216 utpote
261 1162 360 1216 quod
385 1162 594 1203 immortali
621 1164 659 1203 in
685 1178 849 1219 corpore
873 1164 1078 1219 pullularet
1098 1171 1135 1204 et
1162 1164 1368 1205 immortali
1398 1165 1556 1220 perinde
1582 1166 1650 1206 ali-

106 1237 234 1270 mento
259 1231 459 1285 glisceret,
495 1239 699 1287 propterea
723 1233 923 1273 mortalem
952 1233 1056 1273 illum
1082 1233 1176 1273 deus
1199 1247 1288 1273 esse
1312 1234 1434 1274 voluit
1457 1248 1502 1274 ac
1525 1242 1649 1274 morte

105 1299 313 1340 damnavit.
378 1299 463 1340 Hoc
490 1301 590 1340 enim
620 1308 799 1342 scorteae
828 1302 916 1342 illae
944 1301 1097 1341 tunicae
1131 1301 1425 1356 significabant,
1460 1309 1501 1342 ut
1525 1303 1650 1343 disso-

105 1369 250 1409 lutione
278 1369 546 1424 divisioueque
571 1370 746 1425 corporis
774 1384 887 1410 omne
911 1385 961 1410 ex
983 1371 1059 1410 imo
1086 1379 1284 1425 peccatum
1312 1370 1487 1425 stirpitus
1511 1385 1650 1412 eneca-

106 1445 235 1488 retur,
270 1453 313 1478 ac
339 1452 386 1478 ne
412 1438 663 1478 tenuissimae
687 1439 836 1492 quidem
862 1439 981 1479 fibrae
1008 1446 1273 1490 remanerent,
1308 1440 1408 1479 unde
1435 1454 1534 1480 nova
1559 1440 1649 1480 sub-

104 1506 192 1546 inde
223 1506 398 1560 germina
430 1514 674 1561 peccatorum
708 1507 1013 1547 efflorescereut.
1705 1544 1785 1586 Cap.

218 1573 271 1616 Ut
305 1575 406 1615 enim
441 1589 461 1614 e
493 1575 784 1629 magnificorum
819 1576 1047 1628 templorum
1087 1582 1281 1616 structura
1315 1576 1522 1631 caprificus
1556 1591 1646 1618 eua—
1671 1589 1822 1623 XXXtt.

105 1657 244 1694 scens,
279 1651 394 1698 atque
421 1643 457 1683 iu
489 1644 696 1684 maximam
730 1644 1016 1699 amplitudinem
1052 1645 1280 1684 adolescens
1308 1652 1346 1684 et
1373 1645 1646 1701 multiplicibus
1672 1635 1819 1680 (XXV.)

104 1712 275 1752 radicum
312 1711 480 1752 brachiis
515 1726 584 1767 per
624 1727 758 1752 omnes
799 1712 962 1767 lapidum
1002 1712 1141 1752 diffusa
1179 1727 1384 1767 compages
1424 1728 1501 1754 non
1541 1716 1647 1770 prius

104 1794 340 1821 excrescere
365 1780 506 1820 desinit
534 1795 644 1835 quam
672 1781 841 1821 disiectis
867 1795 917 1821 ex
944 1794 990 1820 eo
1015 1781 1114 1821 uude
1139 1781 1326 1836 prodierit
1346 1782 1431 1822 loco
1455 1783 1645 1837 lapidibus

104 1856 181 1890 tota
218 1851 396 1905 poenitus
428 1850 657 1890 labefactata
685 1849 862 1890 concidat
902 1852 1001 1901 (tum
1032 1848 1132 1889 enim
1168 1849 1320 1891 sublata
1352 1851 1533 1905 caprifico
1566 1852 1646 1892 suis

103 1918 199 1959 locis
221 1919 373 1960 restitui
403 1918 565 1958 redivivi
587 1918 730 1972 lapides
756 1925 931 1972 possunt,
967 1925 1006 1957 ut
1032 1924 1070 1957 et
1098 1918 1277 1972 templum
1303 1919 1426 1973 ipsum
1453 1920 1647 1960 incolume

103 1994 307 2039 servetur,
344 2002 427 2028 cum
454 1987 597 2028 nullum
620 1986 782 2041 amplius
809 2001 858 2027 ex
882 1986 929 2026 iis
953 1986 1089 2040 quibus
1113 1987 1364 2027 evertebatur
1390 1987 1644 2029 incommodis

103 2056 265 2108 habeat,
300 2057 503 2112 caprificus
531 2069 625 2095 vero
650 2055 696 2095 ab
725 2055 811 2096 imis
838 2055 1031 2095 radicibus
1055 2055 1188 2095 evulsa
1214 2057 1439 2109 moriatur),
1475 2058 1520 2097 ad
1549 2071 1645 2097 enn-

103 2125 189 2166 dem
212 2125 324 2181 plane
347 2125 499 2166 modum
520 2125 663 2165 artifex
685 2124 748 2164 ille
768 2125 862 2164 deus
887 2124 1066 2179 templum
1092 2138 1202 2164 suum
1225 2124 1436 2177 hominem,
1471 2126 1533 2180 qui
1555 2140 1645 2181 pec-

104 2201 228 2235 catum
279 2194 446 2249 caprifici
493 2193 689 2233 cuiusdam
733 2192 856 2233 instar
905 2193 1167 2246 produxerat,
1220 2192 1425 2245 dissolvit,
1479 2209 1643 2249 eumque

103 2263 238 2303 mortis
268 2264 314 2304 ad
342 2270 492 2318 tempus
518 2261 775 2316 impressione
806 2269 922 2316 atque
946 2261 1091 2316 impetu
1117 2261 1280 2317 opprimi
1305 2277 1444 2317 passus
1476 2270 1536 2303 est
1566 2263 1643 2318 pri-

103 2346 229 2383 mum,
264 2332 317 2372 uti
341 2331 525 2386 scriptum
549 2337 631 2381 est,
666 2329 804 2370 dehinc
830 2331 875 2370 ad
898 2330 1017 2370 vitam
1050 2330 1263 2382 excitavit,
1298 2338 1337 2371 ut
1364 2331 1498 2372 iisdem
1532 2345 1644 2386 prae-

104 2400 181 2442 dita
213 2400 384 2456 partibus
417 2415 509 2441 caro
535 2398 735 2439 exsiccato
763 2397 1099 2453 intermortuoque
1131 2406 1291 2454 peccato
1322 2399 1428 2439 velut
1461 2400 1641 2455 templum

104 2470 292 2524 quoddam
314 2469 568 2510 instauratum
593 2467 819 2508 immortalis
838 2481 881 2507 ac
904 2467 988 2508 sine
1010 2468 1088 2508 ullo
1114 2469 1253 2508 damno
1279 2474 1518 2521 resurgeret,
1552 2469 1643 2509 sub-

103 2537 181 2579 lato
212 2552 232 2578 a
259 2538 518 2579 fundamentis
550 2536 830 2592 profligatoque
862 2544 1037 2592 peccato.
1102 2536 1258 2577 Etenim
1278 2536 1470 2590 ‚quamdiu
1502 2551 1641 2592 corpus

102 2606 214 2657 vivit,
249 2621 320 2647 nec
345 2606 466 2647 adhuc
489 2613 681 2647 mortuum
703 2612 777 2657 est,
812 2620 897 2646 cum
924 2619 969 2646 eo
992 2606 1129 2646 vivere
1153 2612 1351 2660 peccatum
1377 2618 1540 2646 necesse
1565 2613 1639 2657 est,

104 2683 141 2716 et
167 2675 339 2716 occultas
364 2675 402 2716 in
426 2675 536 2715 nobis
559 2675 652 2730 ipsis
678 2674 829 2714 radices
851 2688 986 2729 agere,
1021 2672 1268 2729 quantumvis
1291 2673 1516 2727 quibusdam
1538 2674 1643 2715 velut

105 2743 399 2799 castigationum
427 2743 852 2799 reprehensionumque
882 2743 1145 2798 putationibus
1177 2748 1419 2782 coerceatur.
1482 2742 1641 2797 Alioqui

151 2891 183 2925 6.
206 2893 299 2927 πᾶσα
320 2904 381 2925 non
402 2893 491 2925 habet
512 2894 660 2925 Galland.
895 2888 1042 2934 οἷπῆνων,
1066 2892 1149 2931 quod
1170 2892 1301 2922 correxit
1324 2892 1389 2922 iam
1410 2892 1555 2924 Gatoker.
1577 2892 1640 2924 Ad-

150 2939 181 2972 7.
205 2935 389 2973 διεκώλυσε
416 2940 562 2971 Galland.
587 2941 606 2971 l.
629 2941 670 2978 l.,
699 2939 782 2979 quod
801 2941 850 2971 in·
895 2947 989 2969 verss.
1012 2937 1136 2968 miscell.
1162 2945 1230 2976 cap.
1251 2935 1305 2967 34.
1328 2946 1403 2976 pay.
1423 2937 1498 2970 'tt-53.

106 2987 288 3024 terpretatur
313 2984 524 3016 fruticatioue
547 2984 696 3016 inhibuit.
939 2981 971 3014 9.
998 2981 1176 3024 συμφορῶν
1200 2982 1266 3013 cod.
1288 2983 1395 3022 Rupis.
1417 2992 1469 3023 ap.
1494 2984 1642 3015 Galland.

152 3032 182 3062 ὅ.
207 3030 290 3060 Edita·
321 3031 390 3061 libri
416 3034 537 3069 praeter
564 3031 712 3062 Gallund.
742 3032 848 3062 vitiose
896 3030 914 3059 l.
944 3029 963 3058 l.

177 3083 293 3119 Corpus
312 3083 490 3111 Haereseol.
511 3084 547 3112 u.
565 3084 591 3112 2.
1318 3088 1369 3128 19
