2066 3319
427 233 437 239 ,
463 204 643 236 PANARH
667 204 750 236 Lm.
772 205 813 236 11.
837 204 944 236 ToM.
962 205 986 236 1.
1024 204 1153 237 HAER.
1173 204 1265 235 LXI.
1554 193 1633 233 205

103 292 206 335 erat,
240 297 289 324 ne
318 283 400 337 quis
433 283 545 323 filiam
578 297 686 323 suam
714 283 904 337 virginem
936 282 1089 324 ludaeis
1122 284 1158 323 in
1191 282 1475 323 matrimonium
1509 281 1633 331 daret,

101 353 168 394 sed
196 349 432 393 Christianis
466 351 678 402 duntaxat,
718 352 781 405 qui
816 351 947 391 eadem
982 352 1169 406 religione
1203 359 1336 391 essent
1366 365 1411 391 ac
1442 350 1636 390 sententia

101 420 312 461 coniuncti.
377 417 552 473 Cumque
576 433 677 459 nova
701 427 789 459 tunc
813 427 919 459 esset
945 420 1136 473 evangelii
1162 419 1421 473 praedicatio,
1456 433 1533 459 non
1559 432 1637 458 ma-

100 503 176 543 gna
217 488 356 543 ubique
393 485 707 528 Christianorum
751 494 859 538 erat,
909 485 1235 540 christianaeque
1272 488 1471 527 doctrinae
1510 487 1634 541 copia.

102 554 235 611 Quare
258 556 394 610 quibus
422 556 521 596 filiae
545 555 718 609 virgines
740 563 873 606 erant,
908 570 992 595 cum
1018 554 1281 596 Christianum
1310 556 1368 595 cui
1401 555 1638 595 collocarent

102 624 293 665 neminem
320 624 523 673 haberent,
559 624 713 664 easdem
738 624 822 664 illas
845 624 1018 677 virgines
1045 623 1258 663 diutissime
1282 623 1506 673 servabant,
1541 637 1636 677 qnae

101 699 289 733 maturam
318 700 482 733 aetatem
514 699 833 746 praetergressae
859 691 1099 731 naturalibus
1134 691 1179 730 ad
1208 698 1340 745 stupra
1372 691 1539 730 libidinis
1571 692 1638 731 sti-

102 761 214 802 mulis
238 761 511 801 incitabantur.
575 758 686 800 Unde
711 768 749 800 et
772 760 986 814 apostoluS‚
1021 773 1106 799 cum
1129 772 1179 798 ex
1202 766 1381 799 accurata
1402 759 1463 798 illa
1488 760 1638 800 ratione

102 829 320 870 detrimenti
348 828 552 884 plurimum
577 828 710 868 afferri
736 828 907 877 videret,
942 827 987 867 iis
1009 827 1139 867 verbis
1166 827 1344 867 indulsit:
1381 830 1486 877 Quod
1504 831 1541 866 si
1558 832 1841 879 wistan-,nze

102 901 284 950 virginem
306 912 410 937 suam
435 899 535 936 velit.
599 895 690 936 Non
721 896 820 936 dixit
842 899 1093 947 virginitatem
1118 910 1236 934 suam.
1299 894 1440 949 Neque
1466 896 1566 935 enim
1594 897 1640 935 de

103 965 258 1021 proprio
281 979 467 1021 corpore,
501 965 569 1005 sed
602 965 648 1004 de
674 971 779 1019 patre
803 964 1037 1018 virginitatis
1060 965 1219 1004 custode
1251 963 1496 1018 loquebatur.
1562 962 1638 1003 Sed

103 1034 136 1075 si
162 1037 342 1086 virginem
370 1048 474 1073 suam
509 1033 704 1088 proprium
733 1047 872 1088 corpus
900 1032 1092 1087 appellare
1115 1032 1352 1082 dixerimus,
1387 1032 1479 1072 nihil
1511 1033 1641 1071 admo-

103 1103 190 1143 dum
214 1102 326 1143 nobis
349 1102 506 1142 obstare
533 1108 675 1156 potest.
723 1099 859 1155 Pergit
879 1115 1018 1156 porro:
1054 1103 1328 1152 Statfirmiter
1351 1104 1388 1139 in
1411 1104 1532 1139 animo
1555 1115 1636 1147 suo,

102 1179 140 1210 et
163 1173 232 1210 lzoe
253 1172 361 1210 debet
369 1172 526 1225 faeere:
560 1171 710 1217 Nubat,
745 1169 890 1224 inquit,
923 1184 996 1208 non
1014 1178 1160 1222 peceat.
1223 1171 1353 1209 Nubat
1377 1173 1414 1208 ei
1434 1184 1641 1221 quemeum-

103 1255 173 1293 que
202 1248 313 1280 nacta
334 1242 482 1293 suerit,
516 1254 589 1278 non
620 1246 766 1290 peccat.
830 1238 961 1292 Atque
994 1237 1162 1289 idcireo,
1204 1240 1402 1289 Alligatus
1433 1253 1471 1277 es
1502 1242 1643 1277 uacari?

103 1310 185 1348 noli
202 1323 382 1361 quaerere
407 1310 640 1347 solutionem.
705 1309 861 1346 Solutus
889 1322 927 1345 es
950 1308 996 1346 ab
1023 1312 1170 1346 uoeore?
1230 1309 1323 1346 Nola·
1349 1321 1528 1359 quaerere
1551 1321 1643 1345 atro-

103 1392 194 1416 rem.
258 1377 388 1430 Atque
413 1376 476 1416 ille
501 1377 563 1430 qui
587 1376 705 1416 dixit:
743 1378 831 1414 Volo
854 1390 976 1414 omnes
997 1390 1077 1414 esse
1097 1379 1196 1414 sieut
1221 1379 1418 1428 meipsum,
1452 1376 1542 1416 illud
1569 1388 1643 1416 uua

105 1445 226 1486 dixit:
262 1448 310 1484 Si
335 1460 408 1484 non
438 1448 647 1492 comittem,
682 1446 835 1484 nubant.

217 1511 431 1553 Praeterea
463 1526 549 1553 cum
581 1513 750 1567 innuptis
782 1520 986 1568 praecepta
1013 1512 1144 1563 daret,
1188 1515 1280 1551 Dico
1311 1520 1455 1560 autem,
1498 1512 1636 1566 inquit,
1666 1518 1744 1560 Cup.
1768 1519 1821 1549 Vt.

106 1585 272 1634 innuptis
297 1590 333 1620 et
361 1584 479 1620 vidente
505 1583 636 1620 bonum
659 1589 716 1620 est
735 1584 846 1633 ipsis,
881 1584 919 1619 si
939 1589 1112 1620 maneant
1132 1589 1172 1619 ut
1195 1595 1277 1632 ego.
1343 1578 1548 1634 Quomodo
1570 1580 1642 1634 igi-

107 1657 170 1690 tur
201 1650 302 1690 istud
336 1649 559 1704 usurpavit:
601 1651 800 1700 Alligatus
833 1664 871 1688 es
903 1653 1037 1696 uoeorz‘,
1077 1652 1159 1689 noli
1185 1664 1365 1702 quaerere
1393 1652 1643 1688 solutionem?

106 1716 250 1758 Nonne
287 1718 520 1758 contrariam
554 1717 696 1757 domini
729 1718 786 1758 sui
816 1718 973 1758 decreto
999 1719 1123 1772 legem
1159 1725 1331 1758 statuere
1361 1718 1537 1767 videtur,
1582 1717 1644 1771 qui

105 1787 157 1826 ita
189 1786 483 1842 pronuntiaret:
531 1789 606 1836 Qui
633 1801 706 1825 non
739 1788 920 1839 relinquit
944 1794 1091 1838 putrem
1119 1794 1157 1825 et
1186 1794 1338 1825 matrem
1370 1794 1407 1825 ec
1433 1788 1577 1838 fratres
1606 1793 1642 1824 et
1659 1796 1732 1824 Luc.
1746 1797 1786 1829 1⁴,
1804 1798 1847 1824 26.

106 1869 261 1894 uxorem
283 1863 319 1893 et
338 1856 449 1906 filios
470 1862 507 1893 et
526 1856 659 1906 filias,
694 1869 766 1894 non
789 1863 847 1893 est
865 1870 965 1894 meus
989 1857 1207 1907 discipulus.
1272 1855 1334 1895 Ad
1362 1855 1457 1895 haec
1482 1854 1544 1909 qui
1577 1854 1644 1895 llo-

106 1930 256 1964 nestam
283 1923 486 1976 coniugem
513 1931 738 1978 patremque
760 1924 981 1978 relinquere
1003 1923 1132 1973 iubet,
1166 1924 1358 1977 quomodo
1380 1923 1480 1964 idem
1504 1923 1580 1963 alio
1606 1923 1643 1963 in

106 1991 192 2032 loco
228 1991 341 2042 dicit,
387 1993 461 2041 Qui
481 1994 640 2031 honorat
661 2000 808 2044 patrem
835 2000 873 2031 et
892 1999 1067 2039 matrem,
1109 1994 1178 2030 lzoc
1209 1995 1304 2031 enim
1335 2001 1391 2031 est
1413 1995 1575 2044 primum
1606 1995 1846 2053 z'nExodgoqz

101 2063 348 2112 promissione
381 2063 613 2108 mandatum,
657 2068 716 2111 et,
753 2063 859 2111 Quod
887 2063 976 2100 deus
1009 2064 1209 2100 coniunxit
1239 2063 1345 2100 lzomo
1375 2076 1448 2101 non
1478 2068 1638 2113 separet.
1654 2036 1847 2103 {igit'nf'fnssn

106 2127 254 2170 Verum
285 2128 415 2169 divina
441 2129 567 2169 omnia
593 2128 712 2169 verba
745 2143 821 2168 non
847 2129 894 2169 ad
920 2129 1127 2183 allegorias
1157 2130 1389 2180 referenda,
1433 2130 1500 2170 sed
1534 2137 1573 2169 ut
1602 2142 1643 2170 se

108 2196 251 2237 habent
272 2197 497 2251 accipienda
521 2205 624 2238 sunt.
688 2195 1014 2238 Consideratione
1036 2211 1131 2239 vero
1155 2212 1199 2238 ac
1223 2212 1340 2238 sensu
1364 2212 1459 2253 opus
1484 2197 1641 2246 habent,

107 2272 148 2306 ut
172 2266 391 2320 argumenti
423 2266 610 2320 cuiusque
635 2266 694 2305 vis
728 2280 773 2306 ac
806 2273 977 2321 potestas
1010 2266 1263 2321 intelligatur.
1325 2265 1403 2307 Sed
1437 2266 1644 2306 traditione

107 2347 258 2388 quoque
296 2348 392 2389 opus
426 2342 500 2374 est.
562 2333 704 2389 Neque
739 2335 839 2374 enim
876 2348 926 2375 ex
959 2335 1162 2390 seripturis
1195 2335 1272 2390 peti
1304 2342 1468 2390 possunt
1498 2333 1641 2375 omnia.

107 2401 257 2443 Idcirco
288 2403 361 2443 alia
385 2403 555 2458 scripto,
590 2402 796 2443 traditione
823 2403 897 2443 alia
920 2403 1156 2444 sanctissimi
1191 2404 1354 2458 apostoli
1386 2403 1641 2457 reliquerunt.

109 2469 222 2525 Quod
248 2471 369 2526 ipsum
397 2471 450 2511 ita
473 2469 617 2512 Paulus
643 2472 826 2512 affirmat:
869 2474 1175 2522 Quemadmodum
1203 2475 1345 2511 lradicli
1368 2473 1480 2511 vobis.
1546 2470 1641 2511 Item
1664 2475 1846 2538 ξ-ἓὲξῗὲξ

109 2539 184 2580 alio
206 2539 316 2579 loco:
349 2542 409 2578 lta
434 2542 559 2588 doceo,
593 2544 701 2580 etita
723 2543 866 2579 tradedi
885 2544 922 2579 in
944 2543 1123 2580 ecclesiis.
1189 2539 1202 2580 l
1211 2548 1308 2581 tem:
1343 2543 1391 2579 Si
1410 2544 1638 2588 meministis,
1682 2531 1688 2538 ⁵
1755 2531 1760 2536 ’
1807 2532 1814 2546 ’
1841 2531 1847 2538 ’

107 2611 184 2648 nisi
199 2608 591 2664 frustra-credidistis.
636 2606 715 2648 lam
737 2623 831 2649 vero
852 2609 942 2649 illud
965 2609 1011 2650 ab
1033 2609 1218 2665 apostolis
1240 2616 1374 2649 sancta
1396 2608 1455 2648 dei
1477 2609 1643 2649 ecclesia

110 2676 289 2716 traditum
324 2677 496 2732 accepit,
540 2684 625 2732 post
657 2678 851 2718 decretam
885 2677 1146 2730 virginitatem
1175 2677 1220 2716 ad
1248 2678 1399 2731 nuptias
1431 2691 1520 2718 sese
1551 2692 1643 2718 con-

111 2745 237 2795 ferre,
280 2745 430 2785 scelere
468 2745 702 2800 implicatum
739 2745 878 2786 videri.
940 2746 1099 2786 Atenim
1136 2745 1334 2799 apostolus
1369 2746 1549 2800 scripsit:
1600 2750 1648 2785 Si

108 2816 277 2865 nupserit
296 2816 416 2865 vergo,
452 2829 524 2854 non
542 2817 724 2867 peccavit.
778 2812 947 2868 Quinam
971 2814 1089 2868 igitur
1112 2814 1223 2853 ambo
1246 2813 1340 2854 haee
1362 2813 1464 2855 inter
1487 2828 1530 2855 se
1551 2830 1644 2855 con-

159 2937 236 2971 Cn‘.
259 2939 314 2970 VI.
341 2958 382 2963 —
432 2939 459 2971 1.
489 2935 642 2982 ἀγάμους
674 2942 855 2980 suspicaba-
945 2939 976 2970 2.
1002 2935 1086 2971 ἀλλὰ
1101 2934 1147 2975 ὦς
1162 2936 1229 2982 ἔχει
1251 2937 1319 2982 ἔχει
1339 2949 1404 2980 09⁰·
1437 2941 1522 2973 Libri
1534 2942 1644 2973 hubent

109 2986 159 3014 tur
180 2985 335 3016 Pelavius.
380 2986 483 3016 Possis
501 2987 606 3017 eodem
627 2988 712 3026 iure,
745 2989 856 3018 retento
902 2982 984 3017 ἀλλὰ
1010 2980 1057 3021 ὠς
1082 2982 1161 3027 ἔχει.

111 3025 257 3071 γάμους,
282 3033 402 3062 mutare
426 3026 703 3073 ἀποτρεπόμενος.
