2066 3319
494 199 675 232 PANAan
702 199 784 232 Lm.
803 201 841 232 n.
867 201 976 233 ToM.
999 203 1037 233 n.
1063 202 1193 234 HAER.
1215 202 1335 234 vat.
1609 192 1690 231 539

141 292 212 319 nec
235 278 274 318 in
295 278 462 333 propriis
483 278 639 319 sedibus
664 279 723 318 ius
747 280 862 320 ullum
888 280 1051 321 obtinet.
1116 279 1296 334 Quonam
1322 281 1440 334 igitur
1466 281 1579 321 modo
1604 296 1687 333 ope·
1708 295 1825 331 Ephe,
1841 296 1868 323 ².

140 355 251 386 ratur
276 348 431 397 insilias·
453 348 746 394 inobedetmte'ae,
784 348 885 387 sicut
909 349 1093 403 scriptum
1121 350 1204 388 est?
1258 348 1336 389 Sed
1362 349 1540 389 nimirum
1566 363 1690 403 neque

140 415 332 469 quomodo
357 428 428 454 nos
451 412 633 454 Christus
660 415 893 466 redemerit,
930 417 1194 471 redemptiquc
1218 417 1288 470 ipsi
1322 417 1532 467 fuerimus,
1568 430 1693 471 neque

141 482 333 537 quomodo
366 481 610 522 maledictum
646 497 714 537 pro
750 483 861 523 nobis
895 484 1094 534 extiterit,
1141 484 1310 524 furiosus
1343 485 1406 524 itte
1434 483 1692 525 Manichacus

139 549 345 603 intelligit,
393 549 455 603 qui
478 557 612 603 aperto
649 565 716 590 orc
746 552 860 591 multa
894 552 1074 592 effutiens
1102 565 1199 605 quae
1225 552 1315 591 dicit
1338 552 1502 606 probare
1527 567 1601 592 non
1630 567 1695 606 po-

143 624 234 658 test.
300 616 403 657 Ecce
440 618 540 657 enim
578 619 614 657 in
653 619 826 659 secundo
863 619 962 659 illins
1001 620 1170 659 adventu
1204 634 1248 658 ac
1287 619 1533 659 restitutione
1565 620 1695 659 mundi

139 685 404 725 vociferantes
439 685 527 725 illos
552 686 751 737 videmus,
797 691 840 725 lu
873 686 1104 726 mmu'ue'tuo
1130 690 1372 734 comedimus,
1421 696 1457 726 el
1478 691 1515 726 [ιι
1545 691 1691 727 nomine
1706 693 1897 745 Mattb-Lfl-

142 762 203 792 tuo
233 755 425 793 daemonia.
448 757 635 793 eiecimus.
702 754 853 807 Quibus
882 755 944 794 illc
971 755 1193 808 respondit,
1239 758 1426 794 Delceedz'le
1453 770 1474 793 a
1497 770 1552 793 me
1578 758 1691 794 male-
1713 734 1898 823 &ligitima-

139 824 256 869 tle'cte';
289 825 414 860 nesct'o
445 837 521 861 vos.
577 820 661 862 Cur
686 836 771 862 cum
799 836 885 862 eum
917 822 1189 872 confiteantur,
1226 823 1307 877 ipse
1337 830 1464 862 tamen
1490 823 1575 862 illos
1597 836 1691 862 exe-
1712 819 1760 865 ⁵²5,
1778 832 1822 858 ιι.

140 890 297 929 cratur?
329 887 430 942 Quid
457 897 585 929 autem
614 890 715 930 aliud
745 889 990 930 maledictum
1016 890 1113 943 legis
1137 898 1197 931 est
1218 899 1374 945 practer
1396 904 1568 940 crucem,
1597 903 1694 944 quae

142 964 302 1012 propter
326 965 482 1012 peccata
511 957 756 997 maledictum
787 957 884 1011 legis
916 965 976 997 est
1002 959 1128 998 t'acta‘?
1190 957 1345 998 Etenim
1375 959 1406 998 si
1441 958 1524 1012 quis
1557 959 1595 998 in
1629 960 1695 998 de-

140 1025 230 1065 licto
257 1025 523 1080 deprehensus
548 1032 670 1075 esset,
705 1026 751 1065 de
778 1039 825 1065 eo
850 1025 917 1065 lex
945 1026 1017 1066 ista
1043 1025 1221 1076 iubebat,
1257 1029 1500 1078 Suspendele's
1525 1029 1630 1065 illum
1657 1030 1694 1066 ia
1713 1041 1900 1075 neuwen.

141 1096 270 1146 legno:
315 1109 388 1133 non
411 1096 554 1132 occidet
574 1096 634 1132 sol
656 1109 770 1146 supet·
800 1096 889 1141 e'llo,
937 1102 973 1133 et
1002 1110 1115 1146 supet·
1144 1097 1326 1133 cadavere
1346 1098 1445 1141 elus,
1490 1097 1558 1133 secl
1584 1097 1695 1146 depo-

141 1165 258 1201 nendo
284 1165 472 1214 deponetis
496 1176 591 1209 eum,
627 1170 663 1200 et
683 1164 901 1214 sepelientes
921 1165 1107 1214 sepeliens
1132 1170 1219 1201 aule
1242 1165 1334 1202 solis
1358 1177 1543 1209 oceasum,
1579 1178 1696 1215 quon·

141 1234 212 1270 iam
240 1233 458 1269 maledictus
481 1234 598 1270 omneis·
621 1235 690 1282 qm·
706 1234 845 1282 pendet
867 1234 904 1270 in
927 1234 1044 1281 leg-110.
1113 1229 1245 1285 itaque
1272 1245 1356 1271 cum
1379 1230 1426 1270 ob
1453 1230 1580 1270 crucis
1606 1244 1696 1285 sup-

141 1298 294 1354 plicium
323 1299 531 1339 constituta
563 1299 612 1339 sit
651 1299 893 1348 maledictio,
940 1297 1122 1339 Christus
1159 1313 1276 1353 porro
1314 1299 1478 1339 veniens
1508 1298 1546 1338 in
1580 1312 1697 1339 cruce

141 1373 301 1421 peccata
330 1374 462 1406 nostra
500 1367 724 1417 sustulerit,
773 1382 817 1406 ac
853 1367 1104 1421 semetipsum
1143 1374 1276 1408 nostra
1300 1381 1440 1408 caussa
1476 1366 1694 1418 tradiderit,

140 1435 224 1475 eius
249 1450 318 1475 nos
343 1435 503 1488 sanguis
529 1436 707 1484 redemit,
744 1435 941 1489 ipsiusque
967 1449 1108 1490 corpus
1132 1436 1410 1476 execrationes
1433 1442 1589 1475 nostras
1619 1435 1697 1475 dis-

142 1503 286 1553 cussit,
326 1518 411 1543 cum
437 1504 587 1543 scilicet
612 1504 848 1558 poenitentia
874 1503 1000 1543 crucis
1025 1504 1270 1557 adventuque
1295 1517 1366 1543 suo
1389 1510 1545 1557 peccata
1564 1511 1697 1544 nostra

142 1571 337 1612 dissolvit.
385 1569 581 1624 Quocirca
608 1586 732 1626 neque
760 1572 825 1611 lex
850 1572 1092 1611 maledictum
1117 1572 1212 1623 fuit,
1247 1586 1318 1612 nec
1344 1571 1589 1626 evangelium
1616 1586 1697 1612 ma-

142 1640 323 1680 ledictum
350 1639 545 1694 suscepit,
582 1654 652 1680 nec
679 1639 858 1679 dominus
884 1640 963 1694 ipse
990 1647 1211 1694 postremo,
1247 1641 1314 1681 sed
1336 1641 1472 1680 mortis
1496 1642 1599 1682 illius
1632 1642 1698 1683 be-

143 1709 281 1749 neficio
314 1709 505 1748 adversus
539 1715 695 1763 peccata
730 1708 939 1748 constituta
973 1708 1109 1748 mortis
1142 1716 1201 1748 est
1233 1722 1356 1763 poena
1390 1709 1557 1750 sublata.

242 1775 356 1830 Quod
381 1790 477 1816 vero
503 1776 593 1816 illud
623 1776 770 1826 obiicit,
809 1780 887 1815 Lar
910 1779 1135 1815 me'mtvtratio
1160 1781 1290 1815 mot-lis
1314 1785 1409 1824 erat,
1447 1778 1493 1817 de
1516 1791 1562 1818 eo
1588 1778 1695 1833 plura
1759 1780 1837 1820 (Ἀψ-

145 1852 261 1886 antea
287 1844 481 1895 diximus,
515 1845 629 1898 idque
651 1844 915 1895 ostendimus,
952 1858 1194 1898 nequaquam
1220 1845 1344 1899 legem
1367 1846 1503 1885 mortis
1530 1846 1692 1886 admini-
1705 1825 1887 1904 ἳὲξῖἓῗζξ

145 1920 263 1953 stram
291 1914 426 1953 tuisse.
475 1911 566 1953 Non
599 1913 698 1952 enim
725 1913 881 1952 caedem
906 1912 1180 1967 praecipiebat,
1216 1913 1292 1953 imo
1321 1927 1340 1953 e
1367 1915 1582 1964 contrario,
1612 1918 1698 1955 Non
1718 1925 1904 1961 Deut.5‚17.

145 1985 302 2021 occides.
371 1980 519 2021 Verum
544 1981 642 2034 quod
667 1981 896 2020 homicidam
925 1981 1086 2021 interfici
1112 1981 1291 2031 iubebat,
1328 1989 1368 2022 nt
1392 1982 1506 2022 unius
1533 1982 1700 2023 bominis

146 2063 242 2090 nece
266 2049 472 2104 parricidia
506 2049 828 2103 prohiberentur,
872 2056 908 2088 et
946 2049 1059 2089 unius
1099 2050 1279 2104 exemplo
1315 2050 1489 2090 deterriti
1526 2050 1699 2105 plerique

145 2118 428 2173 improbitatem
465 2131 572 2157 suam
606 2122 860 2168 coercerent,
907 2132 978 2157 nec
1014 2117 1178 2172 amplius
1212 2119 1370 2158 caedem
1411 2125 1696 2173 perpetrarent,

146 2185 193 2226 ob
230 2185 266 2226 id
300 2189 544 2225 me'tzzlvlem'mn
573 2189 702 2224 mortis
731 2199 819 2225 csse
844 2185 1006 2235 dicitur,
1053 2200 1128 2226 non
1167 2187 1266 2240 quod
1307 2187 1443 2226 mortis
1470 2185 1698 2227 administra

146 2254 219 2304 sit,
253 2254 321 2294 sed
355 2255 453 2308 quod
480 2254 697 2308 parricidae
726 2260 888 2293 mortem
913 2254 1129 2308 infligeret,
1176 2268 1222 2294 ne
1248 2255 1377 2309 plures
1403 2269 1449 2294 eo
1481 2268 1523 2295 se
1548 2254 1699 2295 scelere

146 2322 310 2377 amplius
335 2321 642 2376 obstringerent.
706 2320 849 2362 Postea
876 2336 971 2363 vero
1004 2323 1178 2363 salvator
1200 2323 1416 2372 accedens,
1451 2337 1535 2362 cum
1562 2324 1700 2376 paeda-

145 2403 270 2444 gogus
295 2390 472 2430 ltomines
498 2390 746 2443 castigasset,
781 2389 919 2430 bonam
947 2391 1132 2446 temporis
1158 2399 1305 2446 partem
1330 2391 1366 2430 in
1391 2391 1588 2431 tradendis
1611 2406 1699 2446 per-

146 2458 372 2498 fectioribus
396 2459 638 2498 documentis
662 2459 890 2513 insumpsit,
935 2473 1182 2514 summopere
1214 2474 1298 2499 enm
1329 2459 1433 2499 bisce
1461 2459 1557 2512 legis
1589 2474 1698 2500 man-

146 2526 245 2566 datis
273 2527 550 2577 consentiens,
587 2529 671 2565 Νοη
698 2529 864 2574 occides,
899 2530 984 2567 Non
1006 2529 1218 2580 Ιὶινηὸενῑὶς,
1255 2529 1504 2579 Nmzsizlsmn
1534 2531 1698 2568 testimo·
1720 2538 1902 2571 Dcut.5,1·1.

145 2598 246 2634 nium
274 2598 394 2642 (lices,
431 2595 480 2634 ita
506 2595 587 2646 ipse
612 2595 830 2649 praecepit:
875 2598 922 2634 Se·
944 2599 1027 2647 queis·
1053 2599 1223 2635 derlt‘am
1249 2596 1320 2633 aba·
1337 2597 1530 2634 nmm'llam
1555 2600 1696 2636 cecide-
1713 2601 1904 2636 Matth.5,30.

145 2666 220 2710 rit,
250 2664 391 2715 praebe
414 2666 477 2702 illl
494 2671 530 2701 et
551 2665 731 2709 alteram,
769 2669 808 2702 nt
833 2663 1040 2717 parricidio
1068 2663 1220 2718 penitus
1249 2663 1426 2703 extincto
1452 2664 1554 2704 vitae
1580 2665 1700 2705 admi—

148 2731 325 2771 nistratio
352 2731 598 2771 succederet.
664 2729 786 2771 Cuius
811 2731 912 2771 enim
940 2732 1100 2771 maxilla
1129 2731 1366 2786 percutitur,
1409 2731 1442 2770 is
1467 2732 1512 2772 ad
1539 2734 1698 2774 caedem

148 2799 374 2852 patrandam
398 2814 474 2839 non
501 2806 710 2854 provocat,
745 2800 811 2839 sed
839 2800 1007 2839 intentas
1036 2799 1250 2839 homicidae
1279 2813 1415 2839 manus
1442 2800 1575 2851 solvit,
1611 2804 1698 2842 dnm

148 2865 249 2906 illius
285 2867 494 2921 nequitiam
539 2868 596 2907 sui
632 2867 750 2921 ipsius
789 2868 1008 2908 abiectione
1042 2867 1249 2907 demulcet.
1315 2867 1444 2921 Atque
1477 2867 1549 2909 boc
1586 2870 1698 2910 modo

149 2940 261 2974 vetus
283 2949 327 2974 ac
354 2950 495 2975 novum
520 2942 793 2976 testamentum
822 2935 894 2976 sibi
921 2936 957 2975 in
983 2935 1160 2975 omnibus
1188 2943 1453 2977 consentanea
1476 2944 1582 2978 sunt.

221 3012 252 3045 2.
278 3009 380 3047 αὐτοῦ
411 3015 500 3047 codd.
524 3024 596 3046 mss.
646 3016 786 3047 Fortasse
808 3012 934 3053 αὑτοῦ,
960 3016 987 3046 h.
1001 3024 1024 3046 e.
1053 3014 1185 3047 σαυτοῦ.
