2066 3319
552 174 731 206 PANARII
755 173 838 207 LIB.
860 173 900 205 Il.
930 173 1081 206 TOM.1.
1107 174 1237 205 HAER.
1258 173 1374 205 LVIll.
1663 163 1740 203 167

602 343 903 393 CONTRA
943 344 1342 405 VALESIOS‚

532 424 728 473 haeresis
763 425 1027 473 XXXVIII.
1043 463 1055 486 ,
1102 426 1196 475 sive
1234 425 1403 473 LVIII.

308 526 604 583 Saepenumero
633 527 678 567 de
706 525 878 567 Valesiis
913 527 1154 578 audivimus,
1196 527 1246 567 ita
1275 534 1403 567 tamen
1438 534 1478 566 ut
1508 527 1554 566 de
1586 527 1738 567 illorum

192 604 352 637 auctore
380 594 571 646 Valente,
607 595 761 635 ubinam
791 596 823 635 is
850 595 1022 649 gentium
1054 596 1191 645 suerit,
1227 602 1294 635 aut
1319 595 1509 635 undenam
1543 595 1739 635 excitatus

193 665 324 715 fuerit,
353 679 454 718 quae
474 665 577 704 illius
602 664 718 715 dicta,
747 678 845 718 quac
866 671 1075 719 praecepta
1099 677 1143 703 ac
1167 676 1371 704 sermones
1395 662 1614 713 extiterint,
1642 678 1739 704 non-

191 734 279 774 dum
306 733 525 788 comperire
549 732 805 787 potuerimus.
862 730 1105 785 Quamquam
1131 745 1181 772 ex
1203 731 1287 772 eius
1310 732 1482 782 nomine,
1516 732 1615 786 quod
1636 732 1739 772 Ara-

190 801 316 842 bicum
356 809 440 851 est,
487 801 670 842 nonnulla
710 801 821 841 uobis
859 800 1029 855 suspicio
1065 807 1125 840 est
1158 800 1196 839 in
1234 800 1368 840 eadem
1411 799 1517 840 illum
1556 799 1737 855 opinione

191 870 328 920 fuisse,
364 877 479 924 atque
503 869 624 924 ipsius
655 869 726 909 hoc
751 877 925 924 tempore
946 867 1099 909 versari
1126 875 1289 919 sectam,
1323 882 1436 922 quam
1461 882 1550 909 esse
1573 868 1738 909 nonnul-

189 940 314 980 lorum
338 938 531 988 diximus,
565 937 627 993 qui
650 938 688 978 in
717 936 898 978 Bacathis
919 935 1247 992 Philadelpbenae
1275 937 1500 992 provinciae
1532 937 1631 977 ultra
1655 934 1737 976 lor-

189 1009 328 1048 danem
354 1007 541 1047 habitant.
606 1006 684 1060 Qui
712 1007 864 1061 quidem
888 1005 934 1046 ab
960 1005 1044 1046 eius
1067 1006 1140 1046 loci
1168 1005 1307 1046 incolis
1330 1005 1509 1047 Gnostici
1533 1005 1736 1045 nominan-

189 1084 266 1117 tur.
330 1073 520 1129 Quamvis
547 1075 702 1116 minime
732 1074 910 1116 Gnostici
937 1073 1039 1124 sint,
1073 1081 1113 1114 et
1142 1074 1189 1115 ab
1213 1075 1260 1114 iis
1291 1074 1514 1130 opinionum
1546 1074 1738 1115 varietate

189 1145 437 1186 dissentiant.
501 1142 649 1184 Verum
677 1157 774 1198 quae
800 1143 846 1183 de
871 1143 946 1183 illis
969 1157 1086 1184 nosse
1111 1143 1328 1198 potuimus,
1363 1157 1406 1183 ea
1436 1144 1518 1183 fere
1546 1150 1637 1183 sunt
1668 1143 1737 1183 bu-

187 1213 368 1255 iusmodi.
431 1210 630 1267 Principio
664 1212 796 1267 itaque
830 1212 1035 1252 ecclesiam
1073 1212 1245 1267 plerique
1280 1212 1602 1266 frequentabant,
1636 1212 1736 1267 quod

187 1297 234 1322 eo
266 1296 387 1336 usque
416 1281 540 1321 tenuit
566 1282 690 1321 donec
719 1281 951 1336 amplificata
978 1281 1196 1335 diffusaque
1226 1281 1378 1321 illorum
1411 1281 1564 1322 insania
1594 1280 1640 1322 ab
1673 1294 1736 1321 ec-

186 1350 330 1391 clesiae
355 1350 555 1390 consortio
581 1350 780 1404 segregati
803 1356 908 1390 sunt.
967 1348 1153 1391 Universi
1182 1364 1298 1405 porro
1327 1350 1484 1391 castrati
1512 1357 1617 1390 sunt.
1675 1350 1735 1390 Ac

186 1420 233 1460 de
254 1417 542 1474 Principatibus
565 1426 604 1459 et
621 1416 907 1469 potestatibus,
942 1418 1162 1473 ceterisque
1186 1419 1285 1459 bunc
1306 1419 1343 1459 in
1366 1419 1519 1459 modum
1544 1418 1732 1460 sentiunt.

186 1486 482 1542 Quemcumque
506 1501 601 1528 vero
623 1487 662 1527 in
690 1500 798 1527 suam
823 1487 1062 1542 disciplinam
1090 1486 1326 1542 receperint,
1360 1487 1539 1541 quamdiu
1564 1487 1733 1527 nondum

187 1557 221 1596 ei
255 1562 418 1596 exsecta
450 1555 576 1595 virilia
608 1563 720 1605 sunt,
765 1555 812 1595 ab
850 1556 1029 1596 animatis
1064 1555 1247 1596 abstinet.
1310 1554 1572 1610 Posteaquam
1604 1562 1731 1596 autem

185 1626 269 1666 sive
293 1625 347 1664 illi
371 1624 654 1679 persuaserint,
688 1624 773 1663 sive
797 1624 991 1665 violenter
1013 1624 1283 1676 exsecuerint,
1319 1631 1396 1665 tum
1421 1625 1588 1674 demum,
1624 1623 1732 1679 quasi

185 1693 232 1734 ab
259 1693 362 1733 omni
397 1692 612 1733 certamine
641 1692 761 1742 liber,
796 1700 911 1747 atque
943 1700 1057 1733 extra
1090 1693 1302 1748 periculum
1330 1707 1444 1734 omne
1476 1693 1648 1748 positus,
1683 1706 1730 1733 ne

185 1762 359 1802 ciborum
384 1775 456 1802 usu
483 1761 528 1801 ad
554 1761 752 1801 libidinum
777 1761 995 1816 voluptates
1022 1761 1296 1813 inflammetur,
1332 1762 1599 1816 quodcumque
1625 1760 1730 1802 cibo-

183 1845 267 1871 rum
290 1844 413 1885 genus
439 1829 687 1885 permittitur.
730 1829 872 1885 Neque
896 1844 991 1871 vero
1013 1844 1105 1871 suos
1127 1844 1174 1871 eo
1196 1831 1309 1871 modo
1334 1833 1522 1871 duntaxat
1544 1830 1728 1881 afficiunt,

185 1900 251 1940 sed
275 1898 390 1939 etiam
416 1899 643 1953 peregrinos
665 1912 783 1953 saepe
807 1905 1056 1939 transeuntes
1077 1901 1177 1940 etad
1199 1913 1287 1940 sese
1308 1900 1565 1949 divertentes,
1597 1913 1729 1953 quem-

185 1968 389 2008 admodum
419 1967 611 2021 l'requenti
639 1967 685 2006 de
711 1967 786 2007 illis
818 1981 973 2008 rumore
998 1968 1210 2024 spargitur.
1273 1967 1358 2008 Hos
1386 1968 1487 2008 enim
1512 1968 1614 2008 intus
1645 1981 1731 2008 cor-

182 2043 337 2091 reptos,
373 2043 411 2076 et
434 2035 596 2076 manicis
622 2050 667 2076 ac
693 2035 859 2076 vinculis
881 2035 1077 2091 alligatos,
1111 2037 1305 2078 violenter
1329 2036 1512 2077 membris
1538 2037 1620 2078 suis
1648 2051 1730 2077 mu-

182 2104 309 2145 tilant.
373 2104 482 2146 Haec
514 2112 605 2145 sunt
638 2118 736 2159 quae
768 2105 814 2145 de
850 2105 956 2145 hisce
985 2105 1194 2146 haereticis
1226 2106 1470 2160 accepimusg
1514 2105 1560 2146 de
1593 2105 1729 2160 quihus

184 2188 271 2213 cum
305 2173 340 2214 id
380 2173 706 2227 cognoverimus,
750 2173 931 2228 quoniam
968 2173 1006 2214 in
1049 2174 1135 2215 loco
1173 2174 1408 2215 domicilium
1449 2174 1642 2225 habeant,
1683 2188 1729 2214 ac

183 2243 503 2296 quemadmodum
532 2244 716 2297 frequens
740 2242 791 2283 sit
813 2241 915 2283 istud
938 2242 977 2282 in
1004 2242 1079 2283 illis
1111 2243 1336 2297 regionibus
1366 2257 1530 2293 nomen,
1565 2257 1650 2283 cum
1674 2242 1728 2283 al-

183 2310 306 2351 terius
331 2311 507 2352 haeresis
531 2310 827 2366 appellationem
852 2311 994 2352 nullam
1020 2311 1301 2367 acceperimus,
1335 2312 1419 2353 iure
1446 2312 1543 2352 hanc
1565 2311 1724 2352 eandem

183 2393 270 2421 esse
303 2380 414 2421 nobis
446 2379 729 2436 persuasimus.

181 2551 307 2584 farinae
342 2551 500 2584 sentiunt.
556 2553 638 2583 Sunt
672 2557 782 2583 autem
817 2563 929 2584 omnes
975 2557 1112 2596 maryini
1133 2565 1208 2587 suae
1233 2556 1374 2586 editionis
1403 2554 1591 2594 adscripsit:
1628 2554 1724 2592 „Vox

182 2598 323 2635 exsecti;
361 2597 572 2641 praecipuam
593 2596 680 2629 enim
706 2597 872 2630 collocant
895 2597 929 2630 in
975 2601 1037 2632 ista
1065 2600 1145 2632 mihi
1176 2600 1309 2644 quidem
1343 2598 1518 2631 obscura.“
1567 2600 1641 2631 Coa.
1669 2602 1724 2631 Vc-

182 2654 222 2676 eo
247 2655 402 2687 operam,
439 2650 474 2675 ut
506 2655 603 2687 quam
632 2642 791 2686 plurimos
824 2655 929 2676 eunu—
975 2650 1062 2678 nctus
1083 2648 1170 2679 habet
1196 2643 1304 2680 ἐπίσω
1328 2644 1534 2687 συμῴελίοις.
1581 2644 1723 2687 Συμψέ-

182 2688 260 2721 chos
286 2689 465 2721 habeant.“
978 2693 1063 2733 λων,
1098 2694 1146 2724 vel
1180 2690 1401 2734 συμψεᾙων,
1437 2694 1469 2722 ιιι
1502 2693 1598 2723 voluit
1632 2692 1723 2722 scribi

228 2736 279 2767 10.
304 2731 392 2769 οὕτω
416 2737 484 2768 cod.
512 2736 612 2766 Venet.
979 2739 1153 2769 Gazakerus
1174 2739 1254 2777 Opp.
1275 2738 1360 2768 Criu.
1385 2746 1417 2776 p.
1435 2736 1512 2769 510.
1534 2740 1561 2769 et
1584 2738 1664 2768 Diss.
1687 2738 1723 2768 de

228 2781 277 2813 11.
301 2781 414 2814 τοῦτον
437 2778 501 2823 γὰρ
526 2777 746 2822 ἅπαρτίζουσι
768 2782 836 2813 cod.
858 2784 928 2815 Ven.
976 2785 1054 2816 Novi
1079 2785 1168 2815 lnslr.
1191 2783 1278 2821 Slylo
1309 2792 1377 2822 cap.
1400 2782 1430 2813 2.
1467 2783 1562 2823 (puy.
1584 2782 1614 2814 9.
1643 2783 1722 2822 opp.

228 2827 279 2858 12¹.
305 2825 364 2859 καὶ
384 2825 543 2865 πολλάκις
563 2826 620 2859 καὶ
645 2828 711 2858 cod.
734 2828 804 2859 Veri.
978 2829 1067 2871 Cril.)
1085 2853 1093 2867 ‚
1140 2829 1320 2859 Latinorum
1345 2831 1386 2859 est
1409 2827 1608 2861 subsellium.
1674 2829 1721 2867 Cf.

230 2871 279 2904 13.
305 2873 353 2904 lta
376 2874 443 2904 cod.
471 2873 541 2904 Ven.
592 2874 688 2912 Vulgo
713 2873 879 2917 διαγωγῇ.
974 2876 1066 2905 etiam
1082 2876 1192 2905 Franc.
1206 2875 1346 2904 Francus
1361 2874 1570 2919 (Salmasius)
1595 2878 1626 2908 in
1643 2876 1721 2907 Con-

229 2918 278 2949 14.
303 2918 492 2959 ἓῐρυλλείται
514 2919 585 2949 edit.
606 2920 713 2950 Petav.
973 2921 1063 2958 futat.
1077 2919 1242 2950 Animadv.
1258 2921 1382 2951 Antonii
1397 2920 1540 2952 Cercoetii
1560 2931 1592 2961 p.
1608 2918 1650 2953 79
1662 2930 1720 2962 δᾳ,

229 2963 278 2994 15.
303 2965 450 2995 Petavius
471 2965 568 2996 edidit
593 2962 865 3006 ἐπισυμῲελίοις,
900 2968 927 2996 et
973 2967 1000 2995 et
1024 2966 1072 2996 Du
1099 2966 1210 3004 Canyii
1236 2965 1332 2997 Gloss.
1357 2974 1381 2997 s.
1402 2974 1431 2997 υ.
1462 2965 1685 3008 Συμῲέλλιον.

1766 528 1844 571 Cap.
1868 530 1887 559 l.
