2056 3298
480 214 659 246 PANARII
685 214 766 245 LIB.
784 214 823 246 ΙΙ.
848 215 953 246 TOM.
975 217 998 247 I.
1022 216 1150 248 HAER.
1172 217 1324 248 XLVIII.
1620 209 1668 248 19

137 298 315 342 mcdt'ete's,
361 302 399 333 et
424 309 495 333 nou
527 295 764 344 iutelhgetzs,
811 301 849 332 et
879 297 1038 333 videtnes
1069 297 1258 343 videbilis,
1304 304 1340 334 et
1368 311 1439 335 non
1463 299 1663 347 aspicietis.

137 362 246 416 Quae
279 377 363 402 cum
391 362 562 401 audisset
592 375 611 400 a
640 361 817 411 domino,
863 369 939 401 tum
967 363 1011 401 ad
1040 364 1214 416 populum
1244 366 1431 404 accedens
1460 364 1510 403 ita
1541 378 1670 403 narra-

136 430 222 471 bat:
256 433 357 470 Haec·
377 433 469 469 dicit
489 432 668 468 dominus.
733 427 904 469 Videsne
929 429 1178 483 intelligentis
1203 430 1295 469 haec
1319 445 1405 470 esse
1430 446 1526 485 quae
1553 432 1668 481 dicat,

138 512 212 538 non
247 499 328 538 eius
358 498 419 552 qui
447 505 559 537 extra
587 504 815 551 potestatem
846 497 1013 537 exierit?
1071 496 1174 536 Nam
1205 497 1390 537 eiusmodi
1423 514 1500 539 vox
1530 501 1670 539 nullam

137 566 256 606 fuisse
295 566 434 606 mentis
473 565 800 620 perturbationem
833 565 1037 619 significat.
1103 563 1158 604 lta
1183 573 1340 605 sanctus
1366 565 1550 607 Ezechiel
1586 582 1672 621 pro-

138 634 249 689 pheta
274 635 426 674 dicente
447 634 600 673 domino
615 665 624 682 ‚
659 636 734 672 Fac
757 635 971 685 tibt'panem
995 636 1032 672 iu
1055 641 1220 671 stercore
1239 635 1418 680 lzmmmo,
1456 637 1668 688 respondit,
1688 646 1874 682 Ezech.4,1i.

136 705 262 751 Absit,
285 706 449 742 domine:
475 704 573 741 m'ln‘l
587 717 744 753 unquam
758 717 945 740 commune
964 709 1000 740 et
1018 704 1239 740 [ueniundum
1258 704 1412 739 intravit
1433 705 1469 740 l'lz
1489 718 1528 739 os
1541 718 1668 742 meum.

139 768 236 812 Cum
266 772 365 811 enim
393 770 592 810 minitandi
620 769 742 823 gratia
775 769 847 809 sibi
876 784 895 809 a
923 769 1077 809 domino
1104 770 1243 809 dictum
1272 769 1361 809 illud
1391 769 1673 811 animadverte—

137 847 218 890 ret,
261 854 336 879 nou
369 839 472 879 velut
498 851 518 878 e
545 838 683 877 mentis
706 844 806 877 statu
833 837 1005 877 deiectus
1032 837 1160 877 statim
1189 839 1317 877 Iacere
1341 837 1440 877 istud
1466 853 1673 891 aggressus

138 915 211 958 est,
245 908 311 947 sed
335 906 527 946 constanti
551 905 665 945 animi
690 905 829 945 robore
854 906 1047 959 praeditus
1072 920 1115 945 ac
1139 905 1212 944 sibi
1235 919 1419 960 praesens
1441 906 1491 945 ita
1515 921 1675 961 respon-

138 975 212 1025 dit,
245 976 373 1022 Absit,
410 977 565 1013 domine.
635 972 739 1013 Haec
776 973 876 1013 enim
912 973 1183 1027 prophetarum
1218 988 1355 1013 revera
1386 974 1538 1029 propria
1568 982 1672 1026 sunt,

139 1043 200 1098 qui
228 1043 373 1083 firmam
398 1057 442 1083 ac
465 1041 638 1082 stabilem
663 1041 699 1080 in
722 1041 860 1096 spiritu
881 1049 1015 1081 sancto
1038 1049 1203 1081 mentem
1227 1043 1410 1093 retinent,
1446 1057 1490 1082 ac
1514 1043 1676 1083 docendi

139 1110 462 1165 discernendique
486 1110 721 1150 facultatem.
782 1107 886 1149 Nam
910 1108 1051 1149 Daniel
1073 1109 1156 1164 ipse
1179 1124 1306 1150 nonne
1331 1111 1464 1164 plenus
1488 1112 1590 1151 omni
1613 1126 1672 1151 sa·
1694 1125 1768 1152 nan.
1785 1126 1810 1152 2.

138 1179 278 1235 pientia
307 1179 449 1229 fuisse,
484 1191 658 1232 quaeque
685 1177 812 1217 animo
838 1185 1070 1232 conceperat
1096 1178 1206 1232 plane
1232 1178 1475 1219 intellexisse
1500 1180 1676 1220 videtur?

138 1248 200 1302 qui
223 1255 261 1288 et
282 1245 683 1288 Nabuchodonosoris
702 1246 918 1299 aenigmata
942 1246 1134 1296 dissolvit,
1166 1253 1203 1286 et
1224 1261 1320 1301 quae
1340 1248 1373 1287 ei
1398 1262 1465 1302 per
1485 1248 1675 1288 somnium

138 1316 264 1357 oblata
291 1318 464 1364 fuerant,
499 1316 565 1355 sed
592 1314 694 1354 illum
720 1315 840 1369 ipsum
867 1313 928 1368 qui
955 1314 1104 1354 viderat
1126 1314 1365 1368 effugerant,
1401 1331 1475 1356 non
1503 1316 1615 1356 aliter
1638 1317 1675 1356 in

138 1383 362 1424 memoriam
386 1383 556 1433 reduxit,
587 1389 625 1422 ct
648 1397 731 1422 cum
755 1383 888 1423 eadem
910 1382 1026 1422 animi
1049 1382 1227 1423 firmitate
1250 1398 1293 1423 ac
1314 1384 1472 1424 coelesti
1494 1384 1556 1424 illo
1576 1386 1675 1424 douo

137 1452 330 1494 uberrime
356 1452 533 1507 perfusus
559 1450 654 1491 citra
680 1451 796 1491 ullam
817 1465 962 1492 moram
986 1450 1264 1505 interpretatus
1288 1459 1368 1504 est3
1403 1467 1487 1492 cum
1511 1454 1676 1506 pruden-

138 1521 212 1572 tia,
255 1519 586 1574 intelligentiaque
612 1519 753 1559 ceteris
780 1518 997 1559 hominibus
1021 1520 1294 1570 antecelleret,
1339 1520 1386 1560 ob
1419 1534 1502 1560 eam
1528 1520 1677 1560 scilicet

140 1603 212 1643 qua
240 1587 436 1643 praeditus
464 1595 548 1628 erat
570 1587 728 1642 spiritus
753 1587 877 1627 sancti
903 1587 1089 1642 gratiam,
1135 1601 1232 1641 quae
1266 1602 1341 1628 non
1375 1589 1486 1628 modo
1513 1588 1675 1643 proplie-

140 1665 215 1698 tam
244 1658 448 1706 informat,
493 1656 559 1696 sed
589 1662 626 1695 et
650 1670 721 1696 nos
746 1669 904 1705 omnes,
950 1656 1085 1709 quibus
1111 1655 1212 1696 illius
1235 1656 1464 1696 adminiculo
1488 1656 1582 1697 deus
1609 1658 1675 1696 do-

142 1726 304 1766 ctrinam
336 1724 510 1765 veritatis
540 1723 725 1778 impertit.
790 1722 844 1763 At
871 1730 1005 1763 contra
1037 1737 1133 1777 quae
1158 1724 1220 1764 isti
1251 1723 1463 1765 vaticinare
1496 1738 1539 1764 se
1568 1725 1677 1765 iacti-

142 1801 246 1844 tant,
291 1806 415 1846 neque
447 1798 552 1832 certa
584 1806 669 1831 cum
696 1791 811 1832 animi
836 1791 1015 1831 firmitate
1038 1792 1285 1846 praedicant,
1332 1806 1403 1832 nec
1426 1806 1523 1846 quae
1547 1793 1677 1833 dicunt

139 1861 393 1914 intelligentia
426 1867 730 1914 consequuntur.
803 1856 881 1900 Sed
911 1859 1065 1913 obliqua
1103 1867 1193 1900 sunt
1226 1860 1377 1900 illorum
1417 1874 1461 1901 ac
1489 1861 1676 1916 perplexa

138 1930 280 1980 verba,
316 1943 386 1969 uec
418 1927 515 1968 recti
546 1927 703 1968 omuino
735 1926 937 1982 quicquam
969 1927 1163 1969 effutiunt.

254 1995 321 2039 Sic
354 1996 455 2037 enim
479 1994 692 2036 Montanus
728 1996 896 2050 exempli
930 1995 1053 2051 gratia
1086 1997 1279 2050 loquitur:
1324 1999 1422 2036 Ecce
1452 1999 1557 2036 homo
1591 2006 1673 2037 tcm-
1700 2011 1853 2055 Cap.1v.

140 2081 246 2120 quam
271 2069 375 2118 lyra,
410 2080 478 2117 ego
503 2079 588 2104 vero
614 2079 680 2103 eeu
705 2066 890 2116 plectrum
922 2067 1016 2104 volo.
1080 2068 1195 2104 Homo
1228 2068 1384 2113 dormit,
1420 2080 1488 2117 ego
1513 2081 1599 2105 vero
1623 2070 1675 2106 υί-

136 2138 244 2187 gilo„
274 2137 372 2175 Eece
392 2136 560 2173 dominus
581 2140 639 2171 est
659 2136 726 2185 qm'
743 2136 855 2172 eorda
877 2135 1061 2172 hominum
1083 2137 1120 2173 z'n
1140 2142 1325 2186 stuporem
1350 2137 1474 2181 vertit,
1503 2142 1540 2173 et
1561 2138 1674 2174 eorda

140 2207 205 2242 dat
229 2204 449 2242 hominibus.
514 2200 612 2255 Quis
647 2208 707 2241 est
738 2201 878 2255 igitur,
912 2202 974 2255 qui
1001 2202 1032 2242 si
1068 2202 1310 2243 utilissimam
1345 2202 1430 2242 fidei
1462 2202 1673 2243 doctrinam

143 2271 351 2327 percipiat,
385 2269 718 2325 intelligentiaque
749 2269 1070 2323 comprehendat,
1109 2285 1152 2311 ac
1187 2271 1290 2311 vitae
1325 2284 1419 2311 suae
1451 2271 1673 2310 nonnullam

142 2354 272 2381 curam
308 2339 470 2389 babeat,
512 2353 587 2378 non
618 2344 885 2392 argumentum
913 2338 1131 2379 istiusmodi
1164 2338 1209 2378 ab
1240 2339 1366 2379 otioso
1396 2338 1550 2379 homine
1581 2354 1673 2379 con-

141 2409 268 2449 fictum
296 2415 334 2448 et
354 2407 601 2461 arrogantiae
629 2406 779 2461 plenam
803 2406 886 2447 eius
913 2406 1128 2447 orationem
1151 2407 1396 2457 condemnet,
1431 2406 1493 2461 qui
1517 2420 1558 2447 se
1585 2421 1671 2461 pro-

141 2476 339 2532 phetarum
371 2489 532 2516 numero
564 2475 780 2515 insolenter
810 2475 1026 2526 adscribet,
1071 2490 1156 2516 cnm
1187 2475 1341 2516 interim
1377 2475 1510 2515 eadem
1542 2475 1670 2516 dicere

142 2559 238 2600 quae
272 2544 361 2585 olim
390 2544 599 2599 prophetae
633 2546 851 2597 nequeant?
909 2542 1001 2584 Non
1035 2543 1136 2584 enim
1164 2544 1320 2599 spiritus
1351 2550 1506 2584 sanctus
1537 2543 1575 2583 in
1606 2544 1670 2584 illo

142 2614 293 2655 locutus
319 2619 393 2654 est.
455 2612 585 2666 Atque
612 2611 706 2652 haee
737 2611 820 2666 ipsa
843 2612 986 2652 verba:
1033 2615 1142 2660 Volo,
1179 2619 1217 2652 et
1240 2615 1431 2659 percutio,
1468 2618 1505 2651 et
1531 2615 1667 2663 Vigilo,

143 2689 181 2723 et
204 2685 382 2722 Dominus
406 2684 518 2720 corda
541 2684 578 2720 in
599 2688 785 2732 stuporem
808 2684 938 2728 ver-tlt,
976 2680 1112 2721 furiosi
1140 2680 1302 2721 hominis
1324 2679 1441 2720 verba
1464 2687 1567 2731 sunt,
1601 2681 1670 2720 mi—

143 2751 320 2806 nimeque
343 2763 440 2805 quae
464 2749 633 2805 loquitur
664 2748 929 2803 assequentis3
962 2749 1000 2789 in
1030 2763 1105 2804 quo
1134 2750 1206 2789 alia
1236 2762 1394 2803 prorsus
1418 2755 1508 2789 nota
1529 2749 1669 2802 figura-

187 2899 219 2933 3.
245 2897 435 2942 ἐφάπτομαι
467 2899 591 2939 corriyit
614 2899 786 2930 Gatokerus
816 2900 837 2929 l.
863 2899 884 2930 1.
930 2898 972 2929 ad
996 2897 1168 2937 πλῆκτρον.

144 2942 326 2987 ἐφίσταμαι
348 2946 435 2976 habet
458 2945 524 2976 cod.
554 2946 649 2975 I'enet.
674 2961 717 2966 —
754 2945 884 2975 Verbum
974 2941 1004 2974 4.
1031 2941 1201 2983 ἐγρηγορῶ
1226 2943 1292 2973 cod.
1315 2943 1413 2974 Vener.

143 2987 309 3031 πλήσσω,
335 3000 371 3022 ne
394 2990 469 3030 quid
494 2991 525 3020 in
547 2991 646 3020 verbis
669 2991 807 3020 Montani
832 2999 884 3019 su·
974 2988 1004 3020 5.
1031 2984 1278 3026 ύτῑοδεικνῦντος
1300 2989 1366 3020 cod.
1397 2990 1492 3020 I'enet.

143 3045 203 3075 pra.
226 3036 391 3074 adscriptis
422 3036 568 3066 excidisse
590 3036 772 3073 suspiceris,
806 3035 885 3072 refer

1332 3092 1395 3132 2*
