2066 3319
494 194 673 225 PANARn
698 193 780 224 Lm.
798 194 838 225 11.
864 193 970 226 Tou.
991 196 1014 226 1.
1042 195 1170 228 naen.
1190 197 1258 228 Lv.
1568 189 1644 228 129

110 283 149 316 et
178 272 462 328 inexplicabilis
487 286 509 312 a
533 272 669 327 spiritu
693 279 829 313 sancto
863 287 931 328 per
958 273 1097 315 lsaiam
1128 276 1395 331 praedicatur:
1432 279 1646 316 Gener-atio-

108 358 210 391 nem,
245 341 390 396 inquit,
425 344 504 380 eius
526 344 608 393 quis
628 343 851 380 emo-rabia?
912 345 1089 393 Quoniam
1116 347 1262 383 tollitur
1286 361 1305 383 e
1326 353 1427 383 lert-11
1450 349 1523 384 vita
1549 349 1640 384 eius.

108 411 290 460 Atcnim,
325 408 469 463 inquit,
505 408 538 448 si
563 410 609 449 de
635 409 699 449 illo
728 411 891 464 apostoli
924 412 1039 451 locuti
1069 420 1181 452 sunt:
1229 416 1354 451 Virmn
1380 416 1578 465 probatum
1609 418 1646 454 in
1666 419 1728 445 Act.
1747 417 1831 452 ²222·

107 494 170 519 vos
191 481 312 530 szgm's
333 486 370 517 el
386 480 588 530 prodegizls,
621 492 692 518 nec
716 479 825 518 deum
851 479 1049 533 probatum
1077 481 1275 521 dixerunt.
1324 480 1401 521 Sed
1427 482 1497 521 hoc
1523 483 1646 537 ipsum

107 555 145 588 te
170 561 328 597 rursus,
363 545 590 597 Theodote‚
626 547 794 600 iugulat,
829 549 928 601 quod
960 549 996 588 iu
1031 548 1165 590 iisdem
1198 549 1309 589 Actis
1342 551 1504 604 apostoli
1537 551 1646 591 dixe-

106 623 218 666 runt,
261 630 305 656 ac
343 615 479 655 beatus
513 615 718 670 praecipue
755 614 978 670 Stephanus
1015 624 1197 672 usurpat:
1247 620 1344 656 Ecce
1376 621 1477 657 video
1508 622 1646 659 coelam
1667 625 1833 659 Act-2⁵5-

106 692 296 737 apertum,
331 692 369 724 et
385 686 516 735 filiam
547 686 705 723 leome'm's
734 692 891 724 stantem
918 700 940 723 a
971 688 1116 724 dea-tris
1146 688 1215 724 dei.

219 752 391 794 Rursum
427 753 546 793 instat
586 753 804 793 haereticus
841 760 877 793 et
914 753 1068 793 obiicit:
1117 753 1354 808 Apostolus,
1399 755 1474 805 ait,
1516 756 1567 795 ita
1601 757 1646 797 de
1673 759 1750 802 Cap·
1773 760 1829 790 VI·

108 818 266 863 Christo
294 822 487 876 loquitur,
520 825 710 861 Mediator
740 825 803 861 dei
829 831 865 860 ec
889 824 1073 861 hominum
1101 825 1274 862 Chris-ms
1294 826 1412 862 Iesus.
1479 821 1558 864 Sed
1592 825 1770 864 ni-1.'rim.
1781 838 1808 873 2,
1827 838 1852 865 5.

106 891 242 931 mirum
267 891 421 945 ignorat
447 891 765 945 quemadmodum
798 890 900 931 istud
931 890 1053 945 ipsum
1079 899 1214 931 contra
1240 906 1282 931 se
1308 892 1507 946 producat.
1572 891 1649 946 Qui

107 959 208 999 enim
239 959 311 1000 hoc
343 959 464 1000 dixit:
499 962 688 999 Medemor
719 962 782 998 dee‘
806 967 842 998 el
875 961 1059 998 hominum
1092 962 1264 999 Christus
1304 963 1425 1008 Iesus,
1469 961 1532 1001 ille
1567 962 1649 1016 ipse-
1671 975 1835 1003 Ro1n.1.4.

107 1028 319 1069 declaravit
345 1028 402 1069 his
429 1028 585 1069 verbis:
621 1031 696 1079 Qui
716 1031 1019 1080 praedestinatus
1042 1037 1100 1068 est
1115 1031 1231 1080 filius
1252 1031 1315 1068 dee·
1337 1032 1373 1068 z'lz
1401 1033 1558 1078 vz'rtztle,
1593 1046 1650 1069 se·
1670 1045 1737 1071 Gal.
1757 1046 1783 1079 4,
1802 1045 1826 1072 4.

106 1099 264 1136 cundum
305 1101 477 1150 spiritum
514 1099 848 1150 sanclficalz'omls,
896 1113 944 1136 θῶ·
981 1101 1257 1137 resurrectione
1295 1106 1524 1138 mortuorum
1563 1102 1648 1139 Iesu

108 1167 255 1205 Clerz'slz'
275 1169 418 1206 domini
440 1170 583 1206 nostri.-
618 1166 734 1206 item:
768 1169 908 1206 Factus
936 1167 1005 1205 sub
1039 1169 1134 1218 lege.
1201 1164 1311 1219 Quae
1347 1167 1498 1221 quidem
1530 1168 1651 1209 verba

105 1233 160 1274 uti
196 1233 341 1276 firmius
378 1235 630 1289 stabiliusque
659 1236 850 1286 muniret,
885 1236 936 1275 ita
966 1235 1144 1290 scripsit:
1190 1237 1237 1273 Sz'
1263 1244 1352 1275 sunt
1383 1239 1450 1288 (μα’
1475 1239 1852 1286 diczmtur1.00r.e‚.«·‚.

106 1305 164 1342 α’ίί
187 1305 316 1352 multi,
351 1312 390 1343 et
411 1307 554 1343 domim'
574 1306 702 1353 multi,
737 1306 843 1344 nobis
873 1320 959 1344 vero
990 1320 1106 1354 unus,
1142 1320 1190 1344 ear:
1215 1320 1286 1358 qno
1311 1308 1454 1352 omnia,
1489 1313 1525 1344 et
1556 1320 1650 1345 unns

106 1374 275 1411 dominus
296 1375 402 1412 Iesus
430 1375 624 1421 Christus,
656 1362 851 1426 perquem
876 1377 1011 1413 omnia.
1077 1372 1200 1428 Igitur
1227 1374 1259 1414 si
1284 1371 1465 1415 Christus
1493 1381 1552 1414 est
1582 1389 1651 1430 per

108 1454 220 1495 quem
257 1442 410 1492 omnia,
445 1449 482 1482 et
515 1456 586 1482 nos
616 1443 660 1482 ad
695 1443 819 1497 ipsum
854 1443 1082 1493 reserimur,
1118 1444 1240 1483 nudus
1275 1445 1448 1498 profecto
1482 1457 1558 1483 non
1592 1450 1651 1484 est

107 1508 222 1549 homo
245 1510 463 1550 censendus
489 1510 711 1564 unigenitus
738 1511 800 1550 ille
833 1512 878 1551 de
904 1509 1033 1551 Maria
1057 1519 1194 1562 natus,
1228 1518 1340 1565 atque
1373 1511 1410 1551 in
1445 1511 1513 1551 liac
1544 1518 1650 1552 terna

108 1577 256 1628 editus,
291 1592 415 1633 neque
443 1593 494 1618 ex
522 1579 623 1618 virili
654 1579 801 1619 semiue
833 1587 1051 1635 susceptus.
1114 1579 1215 1620 Nam
1245 1581 1436 1634 quomodo
1471 1580 1551 1620 fieri
1584 1594 1652 1635 per

107 1645 213 1686 illum
248 1646 375 1687 omnia
402 1654 587 1702 potuere,
622 1647 829 1702 quae-ipso
861 1649 990 1703 priora
1024 1655 1136 1699 suut,
1171 1649 1226 1699 si,
1263 1656 1301 1689 nt
1333 1648 1501 1699 asseris,
1538 1649 1650 1689 homo

108 1714 171 1755 ille
198 1715 320 1755 nudus
348 1716 550 1756 extiterit?
597 1715 763 1771 Quinam
789 1731 904 1771 porro
925 1731 994 1771 per
1018 1716 1140 1772 ipsum
1169 1718 1297 1758 onmia
1324 1731 1411 1758 esse
1437 1718 1647 1772 potuerint,

108 1797 207 1837 quae
233 1790 322 1824 ante
348 1784 472 1838 ipsum
499 1785 653 1839 cognita
679 1799 723 1825 ae
747 1787 929 1840 producta
959 1785 1145 1826 fuissent?
1206 1785 1269 1826 Ex
1300 1786 1358 1826 bis
1383 1786 1501 1840 igitur
1528 1786 1650 1826 aniles

107 1852 220 1893 istius
254 1867 381 1907 nugae
413 1853 564 1908 penitus
596 1862 852 1894 evanescunt.

221 1919 301 1962 Iam
330 1935 425 1962 vero
450 1937 534 1962 cum
562 1936 606 1962 ea
638 1937 736 1977 quae
765 1924 809 1963 ad
833 1923 1028 1963 Theodoti
1054 1922 1232 1963 haeresin
1260 1923 1571 1978 cognoscendam
1604 1937 1649 1964 ac

109 1989 330 2045 singillatim
355 1991 605 2031 evertendam
632 1992 828 2046 pertinere
851 1991 1082 2032 videbantur
1103 1991 1172 2032 bac
1199 1992 1236 2032 in
1264 1991 1537 2032 dissertatione
1561 2006 1650 2047 pro-

110 2060 377 2114 posuerimus,
420 2060 466 2100 ad
501 2073 544 2100 ea
575 2074 673 2114 quae
707 2061 888 2116 deinceps
923 2067 1138 2115 sequuntur
1168 2075 1275 2101 more
1307 2067 1441 2101 nostro
1470 2061 1650 2101 transibi-

110 2142 218 2179 mus,
252 2135 454 2183 postquam
481 2128 585 2169 vetut
617 2129 808 2184 serpentis
834 2129 1030 2170 cuiusdam
1064 2136 1210 2184 partem
1245 2129 1368 2169 adhuc
1403 2129 1650 2184 palpitantem

108 2197 285 2237 veritatis
322 2211 390 2253 spe
426 2211 470 2237 ac
505 2197 600 2248 fide,
644 2198 751 2238 velut
786 2199 908 2249 fuste,
950 2198 1211 2252 percussimus
1241 2206 1356 2253 atque
1391 2197 1645 2238 extinximus.

109 2263 279 2306 Proinde
313 2267 359 2306 ad
393 2273 600 2320 sequentes
637 2265 821 2307 haereses
850 2267 1063 2308 belluarum
1099 2267 1136 2308 in
1170 2267 1323 2308 modum
1357 2267 1649 2307 efferatissimas

111 2334 427 2389 contemplandas
459 2335 757 2389 tractandasque
788 2349 1056 2390 properemus.

314 2495 610 2546 CONTRA
646 2496 1449 2557 MELCHISEDEGIANOS,

542 2577 738 2626 haeresis
773 2578 986 2639 XXXV„
1022 2579 1094 2628 vel
1128 2578 1225 2628 LV.

225 2675 301 2731 Qui
324 2676 702 2720 Melchisedecianos
731 2680 915 2735 appellari
943 2695 1032 2722 sese
1062 2681 1219 2732 volunt,
1255 2693 1320 2729 ac,
1356 2678 1429 2718 nisi
1458 2678 1590 2731 fallor,
1624 2693 1645 2720 a
1673 2685 1751 2729 Cap.
1778 2687 1801 2717 Ι.

114 2744 397 2788 Theodotianis
421 2748 545 2788 avulsi
565 2756 670 2799 suut,
703 2746 1033 2790 Melchisedecum
1060 2750 1180 2799 illum,
1215 2748 1261 2788 de
1287 2761 1361 2802 qno
1384 2747 1422 2788 in
1445 2748 1645 2804 scripturis

112 2814 256 2856 mentio
287 2816 347 2866 fit,
393 2817 616 2872 cumprimis
643 2817 865 2870 celebrant,
909 2824 948 2858 et
974 2818 1211 2873 praeclaram
1238 2817 1426 2869 quandam
1456 2830 1542 2858 esse
1566 2817 1645 2859 vir·

113 2889 231 2924 tutem
257 2884 510 2927 arbitrantur.
574 2885 701 2941 Quem
727 2886 840 2927 etiam
870 2886 909 2927 in
940 2885 1131 2941 supremis
1164 2892 1278 2939 atque
1310 2884 1644 2940 inexplicabilibus

159 3030 191 3063 2.
215 3031 330 3071 καθώς
353 3035 497 3074 rescripsi
515 3044 573 3075 pro
595 3034 653 3068 καὶ
673 3031 739 3074 ὦς,
775 3036 857 3076 quod
880 3036 971 3074 vulyo
997 3035 1114 3074 leyilur.

190 3085 304 3122 Corpus
323 3087 500 3116 Haereseol.
520 3088 556 3116 11.
576 3090 601 3117 2.
1350 3095 1374 3134 9
