2066 3319
501 213 680 245 PANARn
704 213 784 244 me.
808 214 846 245 11.
871 215 978 246 TOM.
1001 216 1040 248 11.
1067 215 1197 246 HAER.
1214 215 1333 246 vai.
1606 206 1684 244 425

151 293 395 335 clesiasticae
419 293 617 333 doctrinae
645 294 764 333 forma
793 294 993 348 prolitetur
1017 295 1185 335 divinum
1210 308 1348 335 numen
1375 294 1422 334 ab
1451 294 1553 334 omni
1578 294 1684 349 peni-

151 369 210 402 tus
237 361 426 417 pravitate
461 360 626 401 alienum
661 376 705 401 ac
731 369 920 401 remotum
956 376 1059 404 esse.
1122 362 1279 403 Nullum
1315 363 1414 402 enim
1451 362 1515 403 ille
1547 362 1685 403 malum

148 429 262 479 fecit,
295 432 361 468 sed
390 433 510 468 omnia
543 432 647 468 valde
680 431 794 477 bonu,
831 444 916 470 cum
944 438 981 471 et
1005 431 1053 470 sit
1082 438 1218 471 natura
1244 431 1391 481 bonus,
1426 445 1550 485 neque
1584 446 1687 471 com-

149 498 332 553 prehendi
360 497 461 537 illins
493 497 664 537 essentia
700 498 843 552 possit,
887 506 925 537 et
955 498 1136 539 universa
1166 498 1384 549 contineat,
1427 513 1497 539 nec
1530 499 1576 539 ab
1609 500 1685 540 ullo

148 565 231 620 ipse
259 565 517 605 contineatur.
581 564 775 619 Quocirca
811 580 935 620 neque
963 568 1104 607 malum
1138 580 1291 620 semper
1319 567 1472 617 extitit,
1508 582 1631 622 neque
1664 583 1685 607 a

150 635 222 675 deo
252 634 475 688 productum
505 640 579 673 est.
644 631 775 688 ltaque
808 649 891 674 cum
930 649 1054 689 neque
1090 635 1227 674 malum
1263 635 1334 686 sit,
1378 649 1500 689 neque
1533 650 1686 689 semper

150 702 288 753 fuerit,
323 716 394 742 nec
421 716 441 741 a
469 702 540 741 deo
576 709 845 756 procreatum,
889 709 1068 757 superest
1101 702 1190 742 illud
1227 710 1265 742 ut
1298 716 1552 756 quaeramus,
1587 705 1684 758 quod

148 784 302 826 semper
325 770 480 810 minime
507 770 644 820 l'nerit,
680 779 717 810 et
740 770 886 810 initium
913 771 1063 824 aliquod
1095 770 1295 820 habuerit,
1330 778 1367 810 et
1392 771 1596 825 aliquando
1620 772 1685 811 de-

149 839 253 880 sinat
277 853 321 879 ac
355 845 511 893 pereat,
545 852 668 892 neque
699 846 885 893 perpetuo
918 845 1093 889 maneat,
1128 839 1318 878 undenam
1353 840 1540 893 originem
1574 854 1685 879 aece-

147 907 260 961 perit.
322 904 399 948 Sed
433 921 518 947 cum
549 906 639 946 illud
678 906 968 960 inquisierimus
994 906 1082 946 illud
1109 906 1145 946 in
1172 906 1303 961 primis
1331 907 1576 961 cogitandum
1609 915 1682 958 est,

148 976 360 1016 cuiusmodi
387 975 459 1026 sit,
494 982 530 1015 et
553 974 591 1014 in
615 989 689 1029 quo
715 975 764 1014 sit
789 975 946 1014 malum.
1010 972 1162 1015 Deinde
1186 975 1285 1015 sitne
1313 975 1455 1029 aliquid
1484 976 1584 1029 quod
1610 977 1684 1016 cir-

149 1043 355 1085 cumscribi
383 1043 528 1098 possit,
564 1051 651 1098 puta
684 1057 845 1098 corpus,
881 1050 917 1083 et
949 1051 1073 1083 utrum
1106 1043 1321 1083 substantia
1358 1044 1483 1098 aliqua
1513 1052 1682 1095 constet,

148 1120 213 1154 aut
243 1112 317 1154 ulla
350 1112 479 1152 radice
508 1112 692 1152 nitantur.
757 1109 869 1164 Quae
897 1125 980 1152 cum
1006 1112 1104 1166 apud
1129 1126 1200 1152 nos
1226 1113 1568 1167 perpenderimus,
1605 1113 1686 1154 nul-

147 1183 220 1222 lam
251 1182 382 1222 inesse
417 1180 515 1221 malo
547 1180 862 1230 subsistentiam,
898 1193 968 1220 nec
1001 1180 1169 1220 radicem
1203 1180 1316 1221 ullam
1343 1181 1484 1221 habere
1516 1182 1686 1236 reperie-

149 1264 249 1301 mus,
283 1250 350 1290 sed
373 1249 409 1289 in
432 1249 526 1289 solis
551 1249 662 1289 factis
685 1248 921 1299 consistere,
956 1255 995 1289 et
1018 1248 1220 1289 humanam
1244 1249 1486 1290 efficientiam
1507 1250 1545 1290 in
1567 1263 1686 1304 agen-

149 1320 195 1359 do
224 1320 424 1374 perlicere.
473 1316 629 1358 Etenim
656 1324 846 1371 quatenus
874 1317 1014 1371 aliquid
1038 1317 1242 1369 faciamus,
1276 1318 1377 1358 inest
1397 1318 1435 1358 in
1456 1332 1502 1359 eo
1527 1319 1683 1369 malum,

149 1403 232 1428 cum
258 1401 353 1428 vero
376 1386 469 1426 nihil
493 1386 665 1440 agimus,
701 1399 888 1439 nusquam
917 1393 991 1426 est.
1055 1384 1097 1426 ln
1124 1400 1198 1439 quo
1219 1386 1311 1427 illud
1334 1387 1592 1441 intelligentia
1617 1402 1685 1428 no-

149 1463 229 1497 stra
255 1454 568 1510 comprehendit,
604 1455 691 1508 quid
716 1455 763 1493 sit
788 1454 873 1493 mali
901 1454 1042 1508 aliquid
1072 1456 1222 1494 ellicere
1248 1456 1344 1510 quod
1371 1456 1443 1496 deo
1467 1456 1682 1511 displiceat,

149 1526 248 1580 quod
281 1525 315 1564 ei
346 1531 472 1564 tamen
505 1523 690 1576 refragari
721 1536 765 1562 ac-
793 1536 1010 1577 repugnare
1046 1537 1122 1562 non
1152 1530 1292 1577 potest.
1357 1523 1547 1578 Quicquid
1581 1525 1682 1565 enim

147 1594 194 1634 ab
219 1592 436 1633 homiuibus
463 1591 590 1632 excidi
623 1590 875 1644 extinguique
903 1598 1053 1645 potest,
1088 1592 1207 1632 multo
1235 1592 1361 1633 minus
1394 1594 1579 1634 resistere
1611 1594 1683 1634 deo

148 1662 302 1717 poterit.

1715 439 1791 467 Gen.
1810 441 1834 473 1,
1849 440 1890 467 31.

259 1728 319 1770 De
351 1729 501 1769 diabolo
527 1743 678 1783 quoque
709 1727 764 1768 sic
791 1727 1004 1768 habendum
1037 1735 1117 1779 est,
1152 1743 1237 1769 eum
1269 1729 1423 1770 minime
1455 1730 1502 1771 ab
1534 1731 1683 1785 origine
1704 1739 1889 1783 Capxw.

147 1799 230 1855 ipsa
268 1806 506 1852 naturaeque
545 1797 765 1837 conditione
800 1797 940 1837 malum
976 1796 1181 1849 extitisse,
1222 1799 1289 1838 sed
1323 1798 1518 1853 aliquanto
1551 1807 1684 1854 postea

149 1877 322 1924 tempore
353 1868 492 1907 malum
528 1866 627 1921 quod
658 1866 805 1905 faceret
836 1866 1107 1920 excogitasse,
1151 1866 1202 1906 ita
1235 1874 1362 1907 tamen
1400 1875 1439 1908 ut
1471 1868 1684 1909 cuiusmodi

147 1938 299 1978 futurus
323 1942 428 1976 esset
453 1949 691 1989 nequaquam
716 1934 868 1974 lateret.
919 1933 1065 1975 Verum
1088 1935 1404 1989 quemadmodum
1432 1944 1562 1977 cetera
1586 1937 1683 1978 bene

147 2013 260 2060 atque
288 2004 434 2045 utiliter
457 2017 544 2044 esse
573 2002 727 2043 condita
759 2016 850 2057 prae
882 2003 1091 2044 excellenti
1119 2004 1178 2044 dei
1206 2003 1376 2055 iustitia,
1410 2006 1472 2059 qui
1505 2020 1573 2061 pro
1605 2007 1683 2047 sin-

146 2074 270 2130 gulari
299 2088 370 2114 sua
403 2072 575 2113 bonitate
614 2072 785 2111 existere
823 2071 901 2111 vult
936 2072 1086 2123 omnia,
1127 2072 1303 2127 bonaque
1335 2087 1405 2114 sua
1437 2074 1613 2115 omnibus
1646 2075 1681 2115 in

148 2156 352 2184 commune
381 2141 573 2196 proponit.
636 2139 696 2179 Ac
732 2139 980 2181 nibilominus
1009 2147 1136 2181 tamen
1167 2155 1235 2196 pro
1266 2155 1311 2181 co
1346 2156 1390 2182 ac
1425 2143 1590 2183 libertati
1619 2158 1683 2183 cu-

146 2213 283 2267 iusque
308 2223 534 2251 concessum
560 2215 619 2248 est
653 2207 832 2263 privatim
857 2209 892 2248 id
920 2209 1128 2264 permittit,
1162 2224 1256 2250 suae
1286 2217 1326 2250 ut
1350 2211 1538 2252 voluntati
1571 2211 1683 2252 obse-

147 2295 269 2336 quens
292 2279 468 2334 quicquid
489 2278 635 2319 libitum
660 2276 733 2317 erit
754 2277 907 2327 efficiat,
938 2286 976 2318 ut
1000 2286 1037 2318 et
1060 2279 1141 2333 ipse
1163 2279 1210 2319 ab
1235 2279 1337 2319 omni
1364 2280 1549 2320 malorum
1572 2280 1683 2335 eulpa

148 2351 197 2391 sit
217 2349 414 2399 immunis,
449 2354 488 2387 et
512 2361 644 2387 eorum
673 2346 734 2400 qui
762 2346 799 2385 in
822 2346 964 2387 virtute
987 2347 1303 2402 progrediuntur,
1337 2355 1451 2402 atque
1479 2349 1524 2389 ab
1550 2349 1681 2389 liuma-

146 2418 264 2458 nitate
285 2417 535 2471 bonitateque
558 2429 626 2456 sua
649 2414 817 2469 praemia
838 2416 1029 2467 rel'erunt,
1065 2416 1270 2458 discrimen
1292 2417 1443 2471 aliquod
1469 2424 1678 2458 statuatur.

147 2488 203 2527 At
237 2487 395 2527 insanus
422 2485 485 2526 ille
510 2484 674 2533 Manes,
719 2483 805 2523 dum
841 2484 887 2524 ab
917 2484 1019 2525 omni
1047 2485 1216 2526 malitiae
1249 2485 1334 2525 labe
1362 2487 1472 2526 deum
1505 2486 1679 2527 eximere

146 2556 295 2606 studet,
330 2569 404 2595 nou
432 2554 544 2595 modo
571 2554 605 2593 id
632 2553 729 2607 quod
757 2553 837 2593 vult
863 2567 938 2593 non
967 2554 1210 2609 assequitur,
1245 2556 1310 2595 sed
1339 2555 1412 2594 alia
1435 2555 1586 2595 ratione
1616 2570 1680 2596 ae-

147 2624 297 2679 qualem
327 2624 452 2679 potius
477 2623 577 2663 illam
609 2621 798 2676 rependit.
863 2619 1084 2675 Quinetiam
1114 2623 1286 2664 conditas
1314 2638 1334 2663 a
1359 2624 1430 2663 deo
1458 2638 1520 2664 res
1545 2638 1680 2666 omnes

146 2693 230 2734 sine
259 2693 335 2733 ullo
361 2692 505 2748 pudore
534 2691 748 2744 vituperat3
782 2690 890 2731 cuius
924 2692 1073 2746 quidem
1098 2693 1153 2732 sic
1179 2706 1230 2732 ex
1259 2691 1305 2732 iis
1332 2692 1481 2733 delictis
1512 2708 1608 2747 quae
1641 2695 1677 2734 in

147 2761 257 2802 nobis
283 2768 494 2802 cernuntur
522 2760 767 2801 occasionem
793 2759 928 2814 arripit
959 2767 999 2800 ut
1025 2761 1062 2800 in
1093 2768 1223 2800 cetera
1258 2760 1384 2801 omnia
1411 2762 1559 2816 opificia
1592 2778 1679 2818 pro-

145 2829 254 2870 brum
279 2830 369 2870 illud
398 2843 449 2869 ex
482 2843 605 2883 aequo
631 2827 794 2869 derivet.
859 2826 900 2868 ln
932 2844 1005 2883 quo
1032 2829 1196 2868 malitiae
1228 2829 1351 2880 illius,
1385 2844 1496 2884 quam
1524 2833 1677 2873 excludi

190 2922 221 2952 2.
488 2921 696 2952 emendacione
732 2921 886 2959 Ceruarii,
978 2919 1007 2953 4.
1344 2923 1490 2954 librorum
1523 2926 1676 2964 scriptura

148 2968 239 2998 etiam
297 2969 423 3000 Petavio
440 2968 609 3007 proposita.
657 2967 690 2997 ln
710 2967 796 2998 libris
817 2968 884 2997 vul-
932 2970 973 2998 es!
1003 2969 1158 3005 omnium,
1191 2977 1228 2998 ac
1250 2969 1419 2999 verissima.
1469 2971 1505 3000 At
1530 2972 1676 3002 petavius

207 3014 249 3042 est
268 3012 479 3054 .
932 3014 1082 3043 ariolatus
1104 3016 1145 3044 est.
1177 3011 1368 3054 .
1416 3016 1557 3054 Appellat
1588 3013 1676 3056 -

169 3056 199 3088 .
214 3053 560 3100 .81.
776 3059 822 3090 ed.
833 3068 882 3097 pr.
1037 3068 1115 3098 quae
1137 3060 1195 3090 sibi
1217 3061 1372 3091 contraria
1392 3061 1522 3092 invicem
1545 3063 1675 3101 obstant,
