2066 3319
524 211 704 243 PANARH
729 211 811 243 ΜΒ.
831 213 869 244 n.
895 213 1002 244 ToM.
1023 215 1061 246 n.
1088 214 1358 247 HAER.LXV1.
1632 207 1709 246 421

171 291 368 332 literarum
406 290 542 344 quibus
577 288 668 345 Syri
711 298 869 332 utuntur
905 307 1081 333 numero.
1154 293 1254 334 Nam
1295 294 1466 349 plerique
1502 293 1712 335 Persarum

170 366 325 414 praeter
357 358 548 398 elementa
574 357 735 399 Persica
762 358 953 415 Syrorum
988 376 1139 416 quoquc
1165 363 1288 403 literis
1315 370 1494 414 utuntur,
1529 363 1712 417 quemad-

171 427 323 468 modum
359 427 455 481 apnd
483 440 553 467 nos
578 427 805 468 innumerae
837 436 974 482 gentes
1000 429 1174 470 Graecas
1202 430 1405 481 adhibent,
1447 432 1599 472 tametsi
1631 432 1711 473 siu-

168 496 279 549 gulae
305 496 384 535 se-rc
410 508 501 534 suas
525 509 568 535 ac
588 497 764 550 proprias
790 497 971 538 habeant.
1034 498 1111 538 Alii
1135 513 1229 539 vcro
1252 499 1564 540 reconditissima
1587 499 1710 556 Syro-

167 578 250 604 rum
276 564 406 617 lingua
432 577 521 604 sese
549 565 762 615 venditant,
798 566 1011 606 cuiusmodi
1036 574 1093 606 est
1119 565 1459 621 Palmyrenorum,
1494 582 1605 622 quem
1636 584 1709 609 una

166 646 250 672 cum
278 631 413 685 viginti
442 631 590 672 duobus
624 633 706 673 cius
739 634 941 675 elementis
969 635 1165 675 adhibent.
1230 633 1331 673 Hinc
1364 642 1424 675 est
1456 637 1554 689 quod
1580 635 1708 678 Mani-

165 700 273 740 chaei
298 700 396 740 liber
421 700 578 740 totidem
601 701 639 741 in
665 703 860 742 sectiones
886 703 1090 753 dividitur3
1126 702 1236 742 liuius
1265 702 1466 757 inscriptio
1496 712 1556 744 est
1578 703 1708 745 Mani-

164 769 272 809 chaei
300 766 509 823 Mysteria.
573 769 686 810 Alius
721 777 781 810 est
810 771 870 811 cni
895 770 1101 811 Thesauro
1132 784 1273 811 nomen
1302 770 1480 812 inditum.
1542 771 1707 814 Praeter

165 838 233 877 hos
261 836 357 877 alios
386 838 572 891 quosdam
605 839 651 878 ad
676 839 893 879 illudendos
920 839 1095 879 homines
1121 839 1346 889 contexuit,
1379 839 1485 880 velut
1507 839 1704 882 Minorem

166 904 436 956 Tllesaurum3
471 905 560 946 item
589 906 635 946 de
658 906 900 961 Astrologia.
962 905 1103 961 Neque
1130 907 1230 948 enim
1258 922 1278 947 a
1310 907 1475 948 curiosis
1508 908 1583 949 illis
1611 910 1702 950 arti-

160 974 232 1014 bus
255 973 488 1024 abhorrent3
523 975 611 1028 quin
637 975 763 1029 potius
789 976 1052 1016 astronomiae
1075 976 1277 1017 scientiam
1300 990 1392 1030 prae
1417 990 1459 1017 se
1484 978 1626 1029 serunt,
1661 993 1705 1018 ac

160 1042 206 1083 de
230 1056 275 1083 ea
298 1041 530 1096 gloriantur.
581 1041 659 1083 Sed
684 1051 721 1084 et
742 1044 925 1095 amuleta,
960 1044 1032 1084 hoc
1055 1052 1115 1084 est
1136 1058 1307 1100 appensa
1329 1045 1516 1099 quaedam
1540 1059 1560 1086 e
1586 1046 1702 1097 collo,

161 1125 232 1151 nec
261 1125 336 1151 non
369 1118 406 1151 et
438 1111 640 1152 cautiones
670 1112 840 1166 magicas
867 1127 912 1153 ac
936 1112 1169 1168 praestigias
1198 1121 1403 1168 usurpant.
1466 1112 1614 1155 Verum
1647 1115 1703 1156 sie

160 1180 264 1220 illum
296 1194 408 1234 quein
441 1180 520 1220 dixi
552 1180 689 1221 librum
722 1179 862 1222 Manes
895 1181 1114 1221 exorditur.

275 1247 369 1289 Erat
395 1249 489 1289 deus
514 1256 550 1289 et
576 1249 755 1301 materia,
790 1250 859 1290 lux
884 1257 923 1290 et
948 1250 1148 1301 tenebrae,
1182 1250 1324 1291 bonum
1351 1257 1390 1291 et
1415 1251 1570 1302 malum,
1605 1266 1702 1307 quae
1723 1255 1911 1299 Cap.X1V.

160 1326 234 1358 tam
257 1318 409 1373 penitus
434 1317 506 1358 sibi
527 1317 694 1359 invicem
717 1326 829 1359 erant
853 1319 1065 1369 contraria,
1100 1319 1204 1360 nulla
1226 1326 1267 1360 ut
1289 1319 1450 1360 alterum
1471 1334 1555 1360 cum
1578 1321 1701 1362 altero

159 1387 431 1427 communione
455 1385 699 1441 iung·.e1etni
754 1386 839 1427 Hoc
866 1388 979 1427 modo
1004 1388 1212 1428 circulator
1237 1389 1309 1430 iste
1332 1390 1545 1443 praefatur.
1599 1389 1699 1430 Tum

158 1455 366 1510 pessimum
392 1455 531 1509 dogma
558 1455 754 1510 explic-wne
787 1456 1029 1510 aggreditur.
1092 1455 1164 1497 Est
1197 1463 1324 1497 autem
1359 1457 1457 1498 liber
1488 1457 1551 1497 ille
1585 1458 1701 1500 susis-

159 1524 255 1565 sime
279 1523 470 1578 scriptus,
506 1538 550 1564 ac
576 1531 706 1565 cetera
732 1525 904 1564 eiusdem
937 1525 1093 1578 generis
1120 1525 1219 1565 mala
1253 1532 1291 1566 et
1315 1524 1445 1580 inepta
1477 1527 1700 1581 complecti-

160 1600 242 1643 tur,
278 1606 438 1646 quorum
468 1592 691 1647 perplexam
718 1592 1016 1642 obscuritatem,
1049 1593 1445 1648 contrarietatemque
1475 1608 1699 1636 sermonum

158 1661 231 1701 iam
262 1668 337 1701 tum
369 1660 414 1700 ab
448 1661 532 1715 ipso
558 1661 774 1715 argumenti
803 1660 988 1716 principio
1017 1662 1328 1703 animadvertere
1355 1670 1522 1717 oportet.
1585 1662 1701 1704 Licet

158 1731 259 1770 enim
284 1743 447 1783 magnae
473 1729 509 1769 in
538 1729 698 1783 reliquis
731 1743 858 1784 nugae
890 1744 934 1770 ac
964 1730 1116 1771 fabulae
1143 1731 1242 1782 sint,
1277 1745 1328 1771 ex
1351 1731 1435 1786 ipso
1468 1738 1594 1772 tamen
1623 1734 1700 1786 pri-

159 1799 308 1840 mordio
330 1805 409 1838 tota
436 1797 536 1839 illins
561 1797 787 1853 improbitas
813 1798 982 1853 patefiet.
1033 1796 1147 1852 Quod
1172 1799 1273 1839 enim
1297 1799 1447 1851 scribit,
1481 1799 1581 1842 Erat
1604 1802 1698 1843 deus

158 1875 197 1908 et
219 1867 398 1918 materia,
432 1882 516 1907 cum
546 1867 756 1909 vanissima
779 1868 977 1922 gentilium
1001 1867 1277 1922 superstitione
1301 1867 1494 1923 congruit.
1557 1869 1638 1911 Sed
1661 1879 1700 1911 et

158 1936 394 1978 calumniosa
419 1936 484 1976 illa
511 1935 715 1989 inanisque
744 1935 937 1976 sententia
965 1936 1144 1977 convinci
1170 1937 1273 1977 nullo
1301 1937 1460 1991 negotio
1485 1939 1698 1980 confutari-

157 2020 229 2060 que
255 2012 395 2061 potest.
459 2003 614 2045 Etenim
641 2005 716 2045 duo
744 2005 858 2045 simul
892 2013 931 2045 ut
959 2005 1131 2045 existant
1158 2006 1331 2059 aequalis
1366 2007 1453 2046 aevi
1483 2021 1527 2047 ac
1555 2008 1698 2063 sempi-

157 2082 269 2116 terna
307 2074 389 2114 fieri
425 2073 529 2113 nullo
570 2073 682 2113 modo
715 2080 843 2128 potest
882 2074 935 2114 uti
968 2087 1063 2113 sana
1097 2087 1140 2114 ac
1176 2074 1346 2129 prudens
1380 2076 1479 2115 ratio
1516 2075 1552 2116 ei
1583 2076 1696 2117 facile

157 2142 399 2198 persuaserit
435 2142 496 2196 qui
535 2149 642 2182 recto
675 2141 817 2182 iudicio
852 2142 901 2182 sit
935 2142 1146 2197 praeditus.
1208 2142 1340 2197 Atque
1372 2143 1444 2183 hoc
1475 2142 1695 2199 intelligens

156 2213 316 2266 quisque
341 2224 580 2264 cognoscere
608 2209 735 2250 debet.
799 2209 902 2251 Nam
930 2211 961 2251 si
989 2211 1164 2266 aequalia
1197 2219 1369 2266 tempore
1394 2211 1467 2252 duo
1499 2220 1612 2263 sunt,
1648 2227 1695 2253 ne

155 2279 582 2336 appellatione.qui(lem
609 2279 803 2319 differunt.
851 2278 1044 2334 Quidquid
1069 2279 1171 2320 enim
1196 2280 1356 2334 aequale
1381 2287 1440 2321 est
1463 2280 1574 2322 alteri
1599 2289 1695 2322 tem-

155 2362 270 2404 pore,
305 2363 389 2388 cum
417 2362 462 2388 eo
500 2362 651 2402 qnoque
689 2347 957 2388 aeternitatem
994 2348 1110 2390 habet
1141 2349 1356 2403 aequalem.
1421 2347 1534 2402 Quod
1566 2357 1694 2391 autem

155 2417 314 2472 aequale
349 2424 408 2457 est
436 2416 693 2468 aeternitate,
728 2432 771 2457 ac
797 2431 951 2472 semper
981 2416 1140 2469 existit,
1174 2418 1336 2473 idipsum
1365 2418 1458 2458 deus
1490 2425 1570 2469 est,
1607 2433 1693 2460 cum

154 2485 382 2542 praesertim
423 2485 524 2526 nulla
557 2486 602 2526 ab
635 2500 773 2526 caussa
807 2486 956 2526 initium
991 2486 1201 2542 acceperit.
1264 2485 1373 2526 Nihil
1404 2485 1504 2526 enim
1538 2495 1694 2542 praeter

153 2556 264 2596 deum
290 2561 350 2596 est
371 2562 587 2595 aeternum.
652 2555 713 2595 Ad
741 2555 834 2595 llaec
864 2555 937 2596 ista
964 2555 1150 2610 principia
1179 2555 1345 2595 diversis
1371 2555 1590 2597 nominibus
1623 2571 1693 2598 ex-

154 2623 295 2674 tulisti,
341 2623 454 2663 homo
487 2623 644 2678 ingenio
676 2623 864 2674 barbare,
908 2631 946 2665 et
979 2624 1132 2664 humani
1168 2623 1325 2678 generis
1358 2623 1528 2666 inimice.
1588 2623 1691 2666 Nam

153 2692 252 2733 aliud
284 2693 406 2733 lucem
437 2692 658 2748 appellasti,
694 2692 795 2733 aliud
827 2692 1031 2744 tenebras,
1065 2692 1166 2732 aliud
1198 2692 1363 2743 bonum,
1398 2691 1499 2733 aliud
1531 2694 1688 2735 malum.

153 2760 276 2803 Addis
303 2775 449 2801 summe
480 2761 574 2802 haec
600 2761 765 2802 invicem
791 2761 862 2802 sibi
885 2775 973 2803 esse
998 2761 1216 2812 contraria,
1250 2760 1342 2801 nihil
1366 2768 1408 2801 ut
1429 2762 1493 2802 uni
1524 2763 1574 2803 sit
1604 2777 1689 2805 cum

197 2862 227 2895 3.
253 2862 324 2897 ἐστι
354 2866 464 2904 scripsi
495 2875 553 2904 pro
586 2863 653 2906 31,
689 2866 770 2905 quod
804 2867 896 2905 vul9o
943 2867 1064 2904 cavius,
1089 2875 1157 2896 cum
1181 2866 1313 2895 alterum
1336 2868 1455 2897 mutare
1474 2867 1601 2898 deberet.

154 2912 257 2948 extat,
293 2919 330 2941 ex
365 2911 513 2941 emendat.
549 2912 701 2942 Cornarii.
758 2912 787 2943 Is
817 2913 898 2942 enim
989 2911 1018 2942 5.
1046 2910 1099 2951 εἴη
1126 2904 1164 2942 οἷν
1201 2912 1343 2950 rescripsi
1375 2921 1432 2950 pro
1468 2908 1567 2954 εἶναι,
1608 2915 1689 2954 quod

155 2956 365 2994 interpretatus
395 2959 459 2987 est:
494 2955 591 2987 etiam
625 2967 663 2986 ex
696 2955 767 3000 ipso
802 2956 896 2987 initio
944 2958 1012 2988 libri
1037 2959 1143 3007 tenens.

154 2999 245 3041 scopi
270 2999 516 3042 deprehendere
542 3001 649 3033 datur.
989 3000 1019 3034 6.
1045 3012 1092 3034 τω
1116 2999 1167 3034 'etz
1162 3000 1218 3044 ’ρῳ
1244 3002 1331 3034 codd.
1353 3012 1424 3036 mss.
1448 3007 1474 3035 et
1497 3005 1544 3036 ed
1563 3006 1662 3046 princ.

199 3044 228 3077 4.
258 3046 380 3078 Uncinis
401 3049 519 3079 notavit
544 3048 598 3080 hoc
621 3050 710 3088 prius
734 3044 815 3082 εἶναι
837 3049 896 3080 Pe-
