2066 3319
538 211 717 243 PANARII
742 211 884 243 Ltss.11.
909 212 1016 244 TOM.
1037 213 1075 244 Π.
1101 212 1232 244 HAER.
1252 212 1373 243 LXVI.
1646 202 1727 241 415

189 293 247 333 dei
275 291 529 346 sapientiam,
564 305 649 330 cnm
683 291 849 330 animam
886 305 954 345 per
981 292 1108 331 omnia
1144 292 1367 345 dissipatam
1396 291 1580 343 colligere
1611 289 1729 329 vellet

188 360 376 411 (animam
402 361 502 399 enim
534 367 608 399 tam
638 359 700 398 ille
727 374 839 412 quam
870 359 953 399 eius
981 366 1195 399 sectatores
1218 358 1440 400 Manichaei
1471 359 1529 398 dei
1563 359 1729 412 particu-

188 430 260 469 lam
284 441 372 468 esse
402 434 556 482 putant,
591 427 638 466 ab
663 440 785 480 eoque
810 427 982 467 avulsam
1009 436 1046 467 et
1072 428 1116 467 ab
1139 428 1291 467 adversi
1326 428 1474 482 imperii
1509 426 1727 479 radicisque

189 496 424 552 principibus
459 497 496 535 in
531 495 793 549 captivitatem
834 497 1026 535 redactam
1064 496 1099 534 in
1139 509 1301 549 corpora
1339 510 1426 535 esse
1460 495 1724 550 depressam):

189 565 349 619 proinde
377 565 475 618 qnod
501 564 635 604 eadem
665 563 726 603 illa
758 564 865 603 cibus
893 578 1024 603 eornm
1054 571 1157 604 esset
1192 563 1386 602 hominnm
1421 565 1482 617 qui
1514 565 1634 617 ipsam
1668 577 1729 602 ra—

190 639 352 687 puerant
378 639 492 686 atque
526 635 564 671 in
596 631 825 686 corporibus
851 633 932 672 suis
959 633 1259 679 distribuerant,
1294 631 1432 684 quibus
1465 631 1579 671 etiam
1613 632 1731 671 robur

188 701 371 755 viresqne
397 700 638 755 suppeditet,
674 707 879 754 propterea
905 699 1122 755 Sapientia,
1158 699 1294 753 inquit,
1330 699 1393 739 illa
1422 714 1534 753 qnam
1563 700 1730 739 diximus

188 769 318 809 sidera
340 769 377 809 in
405 769 514 808 coelo
549 769 620 809 ista
650 769 877 818 collocavit,
913 769 1033 808 solem
1061 782 1104 807 ac
1133 767 1286 817 lunam,
1320 768 1528 821 stellasque
1561 775 1728 817 ceteras,

189 846 228 878 et
249 838 352 878 illam
377 837 576 877 duodecim
603 837 831 887 elementis,
868 843 906 876 ut
935 836 1100 877 Graecis
1130 836 1278 890 placet,
1314 843 1557 876 constantem
1589 836 1731 876 machi—

189 920 276 947 nam
308 906 507 961 produxit.
572 903 722 958 Quibus
752 905 798 944 ab
831 904 1035 944 elementis
1071 905 1230 944 affirmat
1263 913 1502 945 mortuorum
1536 904 1729 944 bominum

189 974 488 1028 animaliumque
515 981 733 1014 ceterorum
763 973 912 1013 animas
944 973 980 1012 in
1015 973 1132 1012 altum
1166 973 1387 1028 splendidas
1419 987 1462 1013 ac
1495 973 1731 1013 collucentes

190 1042 330 1093 evehi,
364 1043 464 1083 unde
487 1042 525 1082 in
551 1042 731 1096 scapham
760 1043 947 1081 serantur.
1013 1039 1146 1081 Solem
1179 1042 1317 1096 quippe
1349 1056 1392 1081 ac
1419 1041 1546 1082 lunam
1580 1041 1730 1094 navigia

190 1125 278 1152 esse
302 1111 487 1165 quaedam
514 1111 734 1162 existimat,
769 1124 930 1164 qnorum
958 1110 1058 1164 qnod
1082 1109 1208 1150 minus
1237 1117 1296 1150 est
1320 1125 1388 1164 pro
1413 1110 1526 1150 lunae
1551 1123 1732 1150 crescen-

191 1181 240 1221 tis
265 1180 390 1235 spatio
414 1177 495 1220 XV
520 1179 653 1219 diebus
680 1193 778 1219 onus
803 1178 970 1229 vehere,
1005 1179 1119 1232 idque
1150 1178 1299 1218 demum
1332 1180 1509 1219 confecto
1542 1185 1629 1233 post
1651 1176 1728 1217 XV

191 1249 290 1289 diem
318 1262 434 1289 eursu
469 1248 592 1288 maius
626 1247 665 1287 in
699 1247 918 1301 navigium,
963 1247 1084 1287 solem
1112 1245 1317 1298 videlicet,
1352 1261 1576 1302 exponere,
1611 1247 1730 1286 solem

192 1331 310 1368 vero,
343 1317 427 1357 sive
462 1317 650 1357 maiorem
687 1316 790 1356 illam
817 1315 970 1366 navim,
1012 1315 1050 1356 in
1077 1322 1274 1355 aeternam
1308 1317 1423 1356 vitam
1455 1317 1732 1369 beatorumque

158 1435 164 1441 ,
192 1386 306 1427 sedes
341 1386 488 1426 animas
521 1385 803 1425 transmittere.
867 1385 927 1424 Ad
963 1398 1049 1424 eum
1083 1384 1237 1424 modum
1272 1398 1340 1439 per
1371 1384 1491 1424 solem
1524 1398 1569 1424 ac
1604 1385 1730 1423 lunam

192 1454 341 1495 animas
367 1453 582 1494 transvehi.
647 1452 760 1506 Quod
784 1453 936 1507 quidem
959 1454 1006 1493 ad
1031 1467 1097 1493 eas
1124 1453 1319 1506 pertinere
1344 1459 1451 1507 putat
1481 1467 1578 1507 qnae
1605 1452 1733 1492 vanis-

193 1522 278 1563 simi
303 1523 360 1563 sui
388 1522 579 1576 dogmatis
602 1522 804 1562 scientiam
829 1522 1095 1576 perceperint,
1130 1521 1182 1560 uti
1216 1528 1449 1575 repurgatae
1481 1522 1605 1561 fictam
1631 1521 1731 1560 illam

194 1591 523 1631 transductionem
566 1590 781 1630 obtineant.
860 1589 974 1643 Quod
1014 1589 1087 1629 nisi
1127 1588 1361 1643 cognitionis
1399 1588 1502 1629 illins
1541 1589 1733 1643 particeps

196 1660 333 1710 fuerit,
368 1659 520 1699 animae
543 1666 660 1713 negat
684 1672 789 1713 spem
816 1658 930 1698 ullam
963 1658 1098 1698 salutis
1128 1671 1216 1697 esse
1247 1657 1499 1712 propositam.
1563 1655 1733 1698 Omnino

193 1727 359 1782 denique
390 1728 506 1781 longa
538 1734 598 1768 est
628 1727 730 1767 illius
763 1728 969 1767 commenti
1002 1727 1217 1781 tragoedia.

310 1795 419 1836 Haec
444 1796 564 1850 igitur
596 1810 680 1836 cum
709 1795 762 1835 ita
789 1809 831 1835 se
864 1795 1071 1845 haberent,
1106 1803 1144 1835 et
1169 1795 1390 1836 Archelaus
1423 1795 1575 1850 penitus
1607 1795 1736 1834 omnia
1763 1805 1839 1847 cap.
1865 1805 1907 1835 X.

194 1872 428 1919 cognosset,
464 1871 505 1904 ut
529 1865 574 1904 de
598 1864 827 1918 quaestione
854 1864 917 1904 illa
943 1863 1139 1919 disputare
1170 1871 1326 1918 posset,
1360 1877 1522 1917 cumque
1545 1864 1591 1904 ad
1616 1864 1651 1903 id
1676 1877 1735 1903 es-

194 1941 257 1974 set
276 1933 626 1984 instructissimus,
662 1933 796 1988 partim
823 1933 921 1986 qnod
945 1947 965 1972 a
989 1933 1187 1987 multiplici
1214 1933 1430 1972 divinarum
1453 1946 1581 1973 rerum
1609 1933 1736 1972 scien-

196 2003 248 2044 tia
270 2002 540 2057 paratissimus
563 2009 670 2051 erat,
707 2000 842 2056 partim
869 2002 968 2055 quod
988 2015 1010 2041 a
1036 2000 1225 2056 Tyrbone
1252 2001 1457 2055 perdoctus
1482 2009 1570 2041 ante
1595 2002 1734 2049 fuerat,

195 2079 236 2112 et
267 2085 403 2111 omues
439 2070 577 2111 nefarii
611 2070 775 2110 hominis
812 2070 1043 2124 praestigias
1078 2077 1258 2110 accurate
1294 2070 1503 2119 didicerat,
1547 2083 1638 2110 ecce
1671 2070 1734 2109 tibi

196 2155 282 2181 cum
308 2154 467 2180 suorum
495 2139 680 2179 comitatu
707 2137 848 2179 Manes
878 2138 1059 2178 accessit.
1123 2137 1256 2192 Quare
1291 2138 1453 2179 subinde
1483 2138 1584 2179 nulla
1616 2139 1736 2178 inter—

197 2208 297 2250 iecta
322 2223 428 2248 mora
461 2208 650 2263 publicam
680 2206 923 2248 collationem
956 2207 1162 2248 instituunt
1184 2208 1221 2247 in
1249 2208 1387 2261 oppido
1410 2206 1494 2262 ipso
1519 2205 1732 2256 Caschara,

196 2285 239 2318 ut
263 2284 353 2318 ante
376 2276 504 2317 omnia
527 2276 836 2316 controversiam
862 2276 963 2316 illam
990 2275 1197 2330 agitarent.
1262 2276 1321 2316 Ad
1349 2276 1383 2316 id
1411 2290 1506 2316 vero
1536 2282 1735 2316 concerta-

198 2347 314 2387 tionis
337 2346 505 2387 arbitros
528 2345 701 2398 deligunt
722 2342 936 2399 Marsipum
961 2345 1150 2399 quendam
1165 2377 1175 2396 ,
1211 2351 1250 2385 et
1272 2341 1499 2395 Claudium,
1533 2351 1571 2384 et
1592 2345 1735 2398 Aegia—

196 2415 324 2466 leum,
359 2422 397 2455 et
424 2412 676 2465 Cleobulum,
712 2427 871 2467 quorum
907 2414 1050 2468 primus
1083 2414 1238 2468 gentilis
1272 2413 1508 2469 sapientiae,
1542 2414 1735 2453 secundus

198 2483 414 2524 medicinae
440 2484 663 2538 professor,
700 2482 836 2522 tertius
859 2482 1157 2535 grammaticus,
1191 2489 1410 2537 postremus
1435 2488 1520 2521 erat
1545 2481 1731 2535 sophista.

198 2550 324 2593 Multa
350 2551 388 2591 in
419 2565 463 2591 ea
492 2551 751 2606 disputatione
781 2550 880 2590 ultro
907 2552 1082 2605 citroque
1114 2551 1255 2591 iactata
1281 2558 1393 2601 sunt,
1429 2565 1512 2590 cum
1541 2550 1626 2590 hinc
1648 2548 1735 2590 Ma—

200 2634 269 2661 nes
300 2620 448 2661 fabulas
480 2634 571 2661 suas
603 2626 858 2674 proponeret,
898 2619 986 2660 inde
1019 2620 1238 2661 Archelaus
1271 2619 1376 2659 velut
1412 2618 1593 2673 egregius
1625 2618 1735 2659 miles

248 2724 324 2755 (λυ).
345 2724 390 2755 Χ.
415 2742 457 2746 —-
511 2723 535 2754 l.
562 2722 608 2760 εἴς
630 2733 665 2755 τε
691 2720 750 2764 τὴν
780 2732 843 2762 ego.
891 2724 943 2754 Li·
1036 2720 1067 2754 4.
1091 2720 1387 2764 προςκατεὲἤκατο
1417 2731 1481 2762 eqo.
1528 2720 1736 2765 προενῆχητο

201 2771 246 2801 bri
269 2771 378 2801 habent
403 2767 451 2805 εἰς
474 2766 544 2809 τὴν.
990 2770 1100 2800 coniec.
1123 2770 1279 2799 Petamus.
1327 2769 1500 2799 Galakerus
1531 2770 1550 2799 l.
1574 2769 1592 2799 l.
1623 2778 1736 2808 propo-

244 2815 276 2847 2.
302 2811 448 2858 ὑπῆρχεν
472 2823 535 2854 eqo.
572 2810 728 2857 ὑπάρχων
749 2815 819 2845 libri
834 2823 945 2845 omnes.
991 2816 1052 2845 suit
1081 2812 1366 2855 προςενεὲἤκατο,
1403 2817 1457 2844 aut
1489 2810 1604 2855 πρώην
1638 2824 1735 2846 κατε-

205 2861 300 2901 Vulgo
322 2861 499 2892 distinctum
523 2864 564 2890 est
597 2856 659 2892 ὑπὸ
682 2859 738 2892 τοῦ
764 2855 946 2911 ’Λρχελάου
993 2855 1132 2900 &fixura
1188 2861 1312 2890 Placuit
1346 2859 1422 2889 mihi
1456 2861 1547 2890 eliam
1582 2869 1737 2899 προςετῖε-

205 2904 252 2958 eje
269 2916 297 2937 τ.
321 2902 390 2938 ἀντ.
415 2904 471 2938 τοῦ
497 2903 709 2946 ζητήματος,
736 2903 947 2947 ὲτοιμοτατος
992 2904 1144 2946 κέκτητο.
1192 2905 1275 2935 Libri
1294 2906 1403 2935 habent
1424 2903 1713 2944 προεντεὲείκειτο.

205 2949 382 2993 υπάρχων,
407 2948 463 2985 διὰ
489 2954 554 2982 cett.
1038 2951 1067 2981 ξ).
1093 2947 1149 2982 διὰ
1167 2949 1224 2982 τοῦ
1249 2950 1316 2981 cod.
1337 2951 1466 2990 Rhediy.

248 2995 279 3027 3.
305 2997 383 3029 :5013
408 2997 570 3028 emendavi
591 3005 660 3028 cum
682 2996 837 3028 Gatahero
848 2997 948 3028 Aduv.
1038 2993 1069 3026 6.
1095 2994 1272 3038 Manippus
1303 2997 1479 3035 appellatur
1509 2998 1542 3027 in
1575 2998 1658 3027 Actis
1680 2997 1737 3027 Ar-

207 3042 314 3080 Misc.,
338 3043 386 3073 cui
407 3043 501 3073 etiam
522 3040 597 3083 περὶ
620 3038 697 3074 Ξτεὸν
718 3043 870 3081 placebat.
993 3041 1091 3072 chelai
1111 3050 1143 3079 p.
1162 3040 1189 3072 1.
