2066 3319
347 182 426 223 360
911 184 1072 218 SANCTI
1095 185 1321 218 EPIPHANII

348 266 419 322 γάρ
454 263 642 307 τοιούτων
673 264 775 305 ἐστὶν
802 261 829 317 ή
861 265 1034 316 βασιλεία
1063 268 1142 305 τῶν
1169 261 1368 319 οὐρανῶν,
1403 265 1606 307 9τουτέστι
1632 270 1707 308 τῶν
1737 263 1880 308 ἁπλου-

348 332 508 376 στάτων.
568 330 860 387 Ἀπεκρίθησαν
884 333 926 373 δέ
951 345 1012 373 σοι
1037 334 1077 373 οἱ
1097 329 1370 387 άπλούστεροι,
1402 331 1454 382 ὥς
1475 334 1614 389 λέγεις,
1645 332 1787 376 τούτου
1809 339 1879 376 τοῦ

349 401 527 455 σώματος
547 395 594 442 οὗ
614 402 869 455 περικείμεθα
892 396 991 441 εἶναι
1010 398 1080 453 τὴν
1101 398 1320 442 άνάστασιν.
1365 399 1715 457 Ἀνταπορούμενοι
1738 402 1779 444 δὲ
1801 400 1878 443 ὕπὸ

349 474 422 511 σοῦ
443 470 511 511 καὶ
536 467 793 524 ἐρωτώμενοι,
811 466 936 510 4’Όλου
963 466 987 521 ἢ
1009 468 1170 523 μέρους,
1202 466 1314 509 αὐτοὶ
1338 467 1689 523 άνταποκρίνονται
1710 471 1882 525 λέγοντες

350 537 430 589 ὅτι,
462 536 586 579 ’Όλου
618 541 690 578 τοῦ
723 535 913 590 σώματος.
973 540 1058 578 Σοῦ
1089 536 1131 577 δὲ
1155 534 1254 578 κατά
1283 534 1353 590 τήν
1383 538 1557 590 μέθοδον
1581 542 1649 591 τῆς
1683 542 1883 592 Ῑθπολλῆς

351 608 547 661 φλυαρίας
570 604 796 657 φάσκοντος
828 604 949 658 μηδὲν
975 609 1088 646 τοῦτο
1111 602 1327 655 δύνασθαι,
1360 603 1423 646 διά
1446 605 1493 646 τά
1520 607 1561 647 ἐκ
1585 608 1663 647 τῶν
1692 604 1882 659 σωμάτων

352 673 589 731 ε’κρεύσαντα
612 671 758 726 αἴματά
782 690 820 714 τε
844 673 911 714 καὶ
934 671 1082 728 σάρκας
1112 673 1180 714 καὶ
1207 675 1356 727 τρίχας,
1396 674 1463 714 καὶ
1489 672 1534 714 τά
1564 672 1656 715 ἅλλα
1679 673 1745 715 διά
1768 675 1882 716 πτυέ-

349 749 426 785 λων
466 743 734 798 1Ῑέφημέρων
766 741 903 796 ῥέοντα
935 742 1002 782 καὶ
1034 739 1239 796 μυκτήρων
1273 741 1339 782 καὶ
1374 739 1599 795 σκυβάλων,
1638 746 1781 796 πολλῆς
1809 755 1881 784 σου

349 816 419 865 τῆς
442 813 784 866 ίατροσοφιστικῆς
802 812 1043 851 κακοπίστου
1064 807 1220 864 γνώμης
1248 812 1528 864 12μαγγανεία,
1561 807 1613 859 ὥς
1631 811 1696 851 καὶ
1717 808 1795 864 ἤδη
1817 808 1883 852 διά

348 884 500 921 πολλῶν
525 877 721 934 ἐξήλεγξέν
750 893 821 920 σου
854 876 926 932 τήν
957 880 1188 931 μυθοποΐαν
1219 881 1263 905 1³
1281 874 1304 918 ὁ
1333 880 1495 919 καλλίων
1522 875 1634 930 ήμῶν
1663 876 1883 933 πρεσβύτης

349 949 415 990 καὶ
445 945 682 1003 μακαριστός
704 945 827 1001 ἀνὴρ,
858 947 924 987 καὶ
949 947 1169 994 Μεθόδιος.
1227 943 1338 986 Ἀλλά
1362 947 1428 987 καὶ
1450 944 1518 998 ἀφ’
1539 944 1670 999 ἡμῶν,
1699 950 1777 987 τῶν
1799 960 1883 1000 σμι-

349 1021 477 1072 κρῶν,
509 1016 620 1070 ὀλίγα
652 1013 822 1056 άκούσει.
884 1018 976 1055 Πᾶν
999 1012 1072 1070 γάρ
1098 1012 1157 1055 άεὶ
1186 1012 1228 1054 τό
1252 1012 1484 1067 ζητούμενον
1506 1013 1792 1070 καθαρώτατον
1821 1019 1882 1068 ζη-

349 1091 490 1136 τεῖται,
528 1081 575 1126 τά
598 1084 640 1125 δὲ
667 1081 827 1138 περιττοὶ
857 1085 925 1124 τοῦ
955 1086 1141 1138 καθαροῦ
1170 1080 1466 1135 άποβαλλόμενα
1498 1081 1764 1136 άκαταζητητά
1794 1084 1883 1126 ἔστι.

357 1151 407 1194 Τὸ
432 1151 505 1208 γάρ
531 1149 686 1206 ἱμάτιόν
713 1152 814 1193 ἐστιν
836 1150 927 1192 ὅλον
951 1152 990 1200 ἐξ
1012 1150 1075 1192 ὅτε
1097 1156 1167 1204 τῆς
1190 1148 1296 1202 ύφῆς
1323 1151 1429 1203 ἔσχεν
1452 1149 1524 1204 τήν
1547 1153 1786 1207 ἱστουργίαν,
1817 1152 1884 1194 καὶ

351 1219 446 1263 αύτὸ
471 1220 539 1274 μὲν
562 1222 639 1261 ἔστι
661 1217 703 1261 τὸ
727 1217 805 1261 άπὸ
830 1223 901 1260 τοῦ
922 1220 1032 1260 ἱστοῦ
1053 1217 1308 1272 τεμνόμενον,
1339 1217 1429 1260 οὕτε
1451 1218 1558 1278 αύτῷ
1580 1221 1885 1275 προςτιθέμενον

354 1288 444 1332 οὕτε
469 1286 773 1343 άφαιρούμενον.
819 1291 980 1339 Κναφεῖ
999 1286 1040 1328 δὲ
1065 1285 1271 1339 διδόμενον
1300 1285 1424 1340 ιιῑούχ
1445 1282 1579 1341 ἧσσον,
1612 1286 1665 1337 ὦς
1685 1286 1792 1344 παρὰ
1815 1293 1885 1330 τοῦ

350 1357 551 1410 κναφέως,
583 1353 916 1408 άπαιτηθήσεται,
948 1352 1041 1395 ἄλλα
1068 1353 1158 1409 παρ’
1185 1352 1308 1396 αὐτοῦ
1336 1359 1405 1397 τοῦ
1439 1357 1620 1408 κναφέως
1649 1354 1885 1399 τελειότατόν

352 1428 431 1467 ἐστι
460 1422 736 1477 κομιζόμενον,
768 1421 821 1471 ὥς
844 1425 963 1476 δῆλον
988 1426 1083 1464 πᾶσι
1113 1423 1377 1476 καθέστηκεν,
1409 1421 1462 1473 ὥς
1487 1422 1581 1465 αύτό
1615 1424 1683 1476 μὲν
1714 1426 1815 1467 ἔστιν
1845 1426 1886 1467 ἐν

350 1492 578 1546 τελειότητι,
618 1489 733 1533 οὐδὲν
765 1491 807 1532 δὲ
837 1496 944 1545 μεῖον
970 1495 1081 1544 σῶμα
1113 1491 1309 1546 γεγένηται
1339 1490 1440 1545 πλὴν
1463 1497 1541 1534 τῶν
1563 1491 1701 1547 ῥέπων
1722 1494 1788 1535 καὶ
1818 1497 1886 1546 τῆς

354 1561 553 1615 α’ποβολῆς
574 1565 644 1613 τῆς
667 1558 931 1615 ἀκαθαρσίας,
963 1560 1029 1601 καὶ
1052 1556 1099 1601 οὕ
1122 1558 1279 1608 πάντως
1299 1576 1376 1602 που
1401 1559 1537 1613 ἐπειδὴ
1557 1559 1625 1602 τόν
1646 1559 1772 1615 ῥύπον
1793 1559 1884 1603 άπέ·

352 1633 489 1684 βαλεν,
530 1627 674 1671 τούτου
711 1630 823 1670 ἕνεκα
854 1625 949 1681 μετά
984 1632 1055 1669 τοῦ
1089 1626 1219 1682 ῥύπου
1258 1625 1568 1682 άπαιτηθήσεται
1603 1627 1694 1684 παρ’
1722 1626 1835 1682 ἡμῶν
1865 1627 1887 1671 ὅ

352 1700 544 1752 τεχνίτης,
587 1695 681 1738 άλλοὶ
719 1695 812 1738 αύτό
845 1695 889 1738 τὸ
925 1695 1078 1749 ἱμάτιον
1112 1699 1216 1737 σῶον
1253 1697 1318 1737 καὶ
1353 1695 1458 1752 ὑγιὲς
1491 1698 1557 1739 καὶ
1591 1696 1885 1753 καθαρώτατον.

342 1766 510 1822 ‘'Em-390²)
534 1766 575 1807 δὲ
601 1764 719 1806 πάλιν
746 1763 971 1820 ὑπόδειγμα.
1034 1763 1153 1818 Παρα
1177 1765 1238 1805 σοὶ
1265 1764 1334 1817 μὲν
1357 1764 1429 1820 γάρ
1453 1766 1542 1820 περὶ
1566 1770 1645 1807 τῶν
1665 1766 1884 1820 ἐκκρινομέ-

353 1853 432 1877 νων
470 1832 533 1876 διοέ
572 1836 840 1887 φλεβοτομιῶν
873 1833 940 1874 καὶ
974 1831 1208 1886 νοσημάτων
1241 1833 1306 1874 καὶ
1342 1832 1546 1886 σκυβάλων
1580 1835 1646 1875 καὶ
1683 1835 1887 1890 ἐκκρίσεως

360 1909 403 1933 ¹⁵
419 1903 593 1944 πτυέλων
616 1918 654 1943 τε
676 1902 743 1943 καὶ
765 1900 974 1957 μυκτήρων
995 1899 1037 1942 τό
1062 1899 1212 1955 ζήτημα
1240 1902 1486 1957 παρηνέχθη·
1520 1899 1584 1943 ἀπ’
1610 1900 1738 1944 αὐτῶν
1767 1902 1809 1944 δὲ
1833 1898 1887 1944 ὧν

191 1996 258 2025 pag.
277 1988 336 2015 597.
357 1973 456 2024 ἔφης
478 1968 748 2027 άνατραπήσῃ.
769 1970 788 2027 Η
842 1968 898 2010 Οὐ
922 1967 1043 2023 μόνον
1068 1967 1141 2024 γάρ
1168 1968 1282 2011 τοῦτό
1308 1971 1409 2011 ἐστιν
1432 1971 1472 2011 ἐν
1501 1969 1667 2023 σώματι,
1699 1968 1791 2012 άλλοὶ
1820 1972 1888 2012 καὶ

355 2039 539 2082 κνώδαλα
563 2040 601 2088 ἐξ
622 2036 736 2091 ἡμῶν
758 2036 909 2090 φύεται,
942 2035 993 2086 ὥς
1016 2039 1150 2089 εἰπεῖν,
1182 2043 1369 2093 φθεῖρες,
1399 2039 1466 2079 καὶ
1487 2037 1635 2090 κόνεις,
1666 2037 1755 2081 οὔτε
1777 2037 1887 2088 ἐκτὸς

356 2113 427 2150 τοῦ
460 2106 638 2160 σώματος
663 2104 777 2157 ὄντα,
816 2104 903 2147 οὔτε
934 2104 1012 2147 άπὸ
1041 2110 1111 2147 τοῦ
1144 2104 1323 2159 σώματος
1351 2105 1584 2161 λογιζόμενα.
1646 2108 1727 2149 Καὶ
1759 2105 1888 2156 οὐδείς

356 2193 452 2218 ποτε
477 2174 682 2228 ἐπεζήτησε
701 2173 812 2216 κόνιν
835 2172 906 2227 τήν
927 2174 968 2215 ἐκ
991 2178 1062 2216 τοῦ
1082 2173 1262 2228 σώματος
1282 2176 1532 2229 ἐκκριθεῖσαν
1554 2177 1609 2224 εἰς
1629 2177 1886 2230 περιποίησιν,

357 2243 450 2286 ἄλλα
474 2248 616 2298 μᾶλλον
639 2244 693 2292 είς
717 2239 928 2297 α’ναίρεσιν,
960 2240 1052 2284 ούδὲ
1073 2242 1302 2298 διαφθοράν
1323 2242 1393 2297 τήν
1417 2245 1455 2293 ἐξ
1478 2241 1597 2297 αὐτῆς
1618 2244 1886 2298 γεγενημένην,

359 2311 449 2354 οὐδὲ
471 2314 610 2365 ζημίαν
633 2309 703 2364 τὴν
726 2309 869 2364 ταύτης
891 2308 1084 2352 άπώλειαν
1105 2309 1290 2366 ήγήσοιτό
1311 2329 1379 2361 τις.
1429 2311 1484 2353 Τά
1510 2309 1577 2364 (ἔφ’
1598 2309 1710 2365 ’ἡμῶν
1732 2312 1885 2367 ῥυέντα,

358 2383 392 2422 εἰ
410 2382 476 2422 καὶ
501 2379 626 2429 οῦτως
651 2378 815 2433 ὑπάρχει
838 2376 936 2420 κατά
955 2377 1023 2419 τόν
1045 2392 1117 2420 σου
1141 2378 1270 2434 λόγον,
1302 2378 1349 2421 ού
1373 2384 1515 2435 μωρῶς
1534 2377 1624 2435 παρ’
1645 2377 1756 2433 ήμῶν
1776 2385 1887 2434 ζητη-

357 2448 544 2502 θήσεται,
575 2446 666 2490 ούδὲ
692 2446 788 2496 θεὸς
812 2451 932 2488 ταῦτα
956 2447 1010 2495 εἶς
1028 2444 1140 2500 ήμῶν
1170 2447 1352 2490 σύστασιν
1378 2447 1538 2504 άγάγοι,
1569 2445 1662 2489 ἄλλα
1684 2450 1796 2502 δίκην
1820 2447 1888 2504 ῥύ-

359 2535 438 2559 που
473 2519 511 2567 ἐξ
544 2515 666 2558 αὐτοῦ
695 2520 765 2558 τοῦ
791 2517 946 2569 ἷματίου
980 2513 1243 2570 ὑπάρχοντος,
1284 2515 1349 2558 ἄπ’
1379 2514 1502 2558 αὐτοῦ
1535 2516 1576 2558 δὲ
1602 2514 1650 2557 δι’
1679 2515 1888 2570 εὐκοσμίαν
1938 2508 1941 2512 ¹

361 2584 676 2639 άποβληθέντος,
713 2585 814 2626 16ἐν
849 2583 1014 2641 δευτέρῳ
1045 2587 1331 2637 καταλείψειεν,
1363 2586 1484 2627 ἐκεῖνο
1516 2585 1557 2626 δὲ
1587 2588 1725 2637 σαφῶς
1753 2582 1796 2626 τό
1829 2586 1886 2627 ἐν-

360 2654 459 2702 τελὲς
494 2652 648 2707 ἱμάτιον
682 2652 776 2706 μήτε
806 2657 959 2703 λεῖπον,
1001 2650 1095 2705 μήτε
1129 2652 1306 2708 περιττόν
1339 2658 1386 2711 τῇ
1417 2651 1540 2694 αὐτοῦ
1573 2651 1790 2708 άγαθότητι
1817 2657 1888 2706 τῆς

361 2723 494 2775 τέχνης
518 2720 539 2763 ὁ
565 2719 804 2777 δημιουργός
826 2719 974 2776 άγάγοι.
1038 2719 1176 2761 Πάντα
1206 2719 1279 2776 γάρ
1307 2719 1412 2778 αύτῷ
1442 2724 1606 2762 δυνατεῖ.
1665 2721 1721 2760 Εἰ
1747 2720 1788 2761 δὲ
1818 2718 1887 2774 οὐχ

362 2789 487 2839 οὕτως
505 2785 569 2843 ἦν,
605 2793 650 2819 1⁷
667 2785 698 2831 ὦ
721 2787 790 2838 τας
812 2790 958 2844 φρένας
982 2786 1189 2842 ἀδικηθεὶς
1211 2790 1252 2830 ἐκ
1272 2794 1342 2842 τῆς
1364 2787 1582 2844 πολυλόγου
1603 2801 1674 2830 σου
1697 2789 1885 2840 ἐπινοίας,

406 2880 436 2914 9.
463 2884 563 2914 Medio
582 2884 730 2915 vocabulo
744 2881 894 2916 τουτέστι
916 2885 949 2914 in
964 2883 1030 2915 cod.
1045 2883 1102 2914 Ve-
1195 2881 1245 2913 12.
1271 2881 1438 2924 μαγγανία
1460 2882 1526 2913 cod.
1545 2891 1601 2913 ms.

361 2931 427 2959 neto
449 2929 555 2967 incipit
578 2930 629 2968 fol.
649 2926 724 2960 386.
745 2937 775 2960 υ.
1193 2925 1242 2958 13.
1265 2929 1350 2959 Idem
1370 2936 1542 2966 anonymus
1562 2927 1667 2957 doctor
1694 2928 1759 2958 iam
1788 2936 1885 2968 supra

410 2972 460 3004 10.
485 2974 548 3011 τῆς
570 2972 607 3005 ἐκ
627 2972 751 3014 πολλῆς
774 2975 862 3005 habet
885 2974 952 3005 cod.
973 2983 1029 3006 ms.
1147 2982 1216 3012 cap.
1237 2972 1268 3003 ὅ.
1291 2974 1534 3012 εἱ9ηἱβσαὸαιιιν,
1569 2973 1689 3012 eiusque
1713 2974 1788 3004 alibi
1810 2983 1885 3013 quo-

410 3017 461 3050 11.
486 3015 657 3060 ἐξημερῶν
680 3019 769 3050 habet
791 3019 858 3051 cod.
878 3028 935 3051 ms.
1146 3027 1203 3059 que
1224 3019 1343 3057 passim
1365 3019 1399 3058 fit
1422 3019 1542 3049 mentio.
