2066 3319
452 237 631 269 PANAnn
658 236 740 268 Lm.
760 236 799 269 11.
824 238 931 269 ToM.
955 240 994 270 n.
1021 237 1151 270 naen.
1176 239 1296 272 vai.
1568 232 1644 272 481

109 332 155 358 ea
185 330 282 371 quae
311 316 515 357 laudabilia
540 317 673 357 statuit
698 316 780 371 ipse
806 332 918 371 qnam
941 333 1038 372 quae
1065 320 1315 374 vituperanda
1341 328 1475 360 censet
1499 321 1544 360 ad
1568 321 1649 361 lau-

109 387 192 425 dem
220 386 418 434 conferat,
463 385 567 425 velut
593 385 721 426 ebrius
757 393 823 426 aut
856 394 983 426 mente
1018 395 1175 442 captus,
1222 387 1361 442 quique
1398 388 1434 428 in
1469 402 1649 429 sermone

109 453 316 494 identidem
345 453 617 493 liallucinetur.
682 452 836 494 Etenim
869 452 1071 509 Principes
1108 455 1216 504 illos,
1261 456 1322 508 qni
1359 455 1394 495 in
1427 457 1555 497 inlima
1590 472 1651 497 re-

108 521 223 576 gione
250 522 497 576 tenebrisque
523 528 752 573 versantur,
795 523 895 563 mala
928 537 1015 563 esse
1052 522 1268 563 substantia
1297 525 1490 576 praeditos
1520 527 1648 576 docet,

107 605 152 631 ac
186 590 311 631 locum
337 589 460 645 ipsum
489 590 751 645 corruptionis
777 605 864 631 esse
889 590 1097 646 proprium.
1159 591 1279 644 Atqui
1316 591 1349 631 si
1385 606 1435 632 ex
1469 593 1538 634 liac
1570 595 1651 649 ipsa

109 659 328 713 corruptela
363 658 688 712 tenebrarumque
726 661 885 713 regione
920 657 1089 714 Spiritus
1123 673 1191 713 per
1219 659 1295 698 vim
1330 657 1533 716 Principes
1565 662 1651 703 illos

108 741 262 767 sursum
288 727 449 777 extulit,
491 741 640 781 poenae
666 727 700 766 id
733 727 963 781 infligendae
993 741 1131 767 caussa
1158 727 1296 767 fecisse
1323 727 1449 781 potius
1482 730 1648 779 videtur,

109 803 150 836 nt
185 796 270 836 illos
307 795 417 835 malis
452 795 498 834 iis
542 809 593 835 ex
636 795 791 835 sedibus
834 802 1035 836 extractos
1077 795 1114 835 in
1155 795 1358 850 superiora
1402 800 1648 838 transferret.

110 862 243 917 Quare
265 863 364 904 bona
385 877 474 904 esse
496 864 699 918 superiora
721 864 814 903 llaec
835 863 917 917 ipsa
941 863 1135 914 desinent,
1162 865 1369 919 vitalisque
1394 866 1649 918 substantiae,

108 933 175 973 sed
201 932 383 987 deinceps
412 933 524 972 morti
556 932 782 981 tribuenda,
828 946 872 971 ac
900 931 984 971 vice
1018 946 1131 972 versa
1156 933 1343 974 inferiora
1381 949 1457 974 non
1491 935 1652 989 amplius

109 1001 308 1057 supplicii,
353 1001 419 1040 sed
460 1008 622 1041 naturae
657 1000 856 1040 cuiusdam
893 1000 1066 1041 melioris
1101 1001 1363 1042 conditionem
1401 1002 1651 1054 obtinebunt3

109 1084 194 1111 cum
226 1084 278 1110 ex
313 1083 359 1109 eo
385 1069 471 1109 loco
495 1066 689 1124 Spiritus,
725 1083 819 1122 quos
844 1069 887 1108 ad
912 1083 1072 1123 poenam
1102 1070 1256 1110 trahere
1284 1068 1486 1124 Principes
1520 1071 1651 1122 vellet,

109 1137 301 1188 indidem,
344 1138 452 1178 velut
479 1151 529 1177 ex
562 1136 739 1177 iucundis
778 1151 822 1177 ac
861 1137 1113 1178 familiaribus
1147 1139 1327 1189 sedibus,
1371 1139 1446 1179 alio
1474 1146 1652 1193 tanquam

110 1208 155 1248 ad
183 1205 358 1262 supplicii
383 1206 509 1246 locum
545 1205 726 1261 puniendi
756 1220 894 1246 caussa
922 1206 1178 1247 transtulerit.
1242 1205 1394 1247 Deinde
1426 1208 1457 1247 si
1490 1209 1654 1248 mundus

110 1292 130 1316 a
157 1274 305 1330 Spiritu
333 1275 539 1316 fabricatus
568 1281 647 1326 est,
682 1289 843 1329 quanam
871 1275 1023 1315 ratione
1046 1276 1227 1315 mundum
1254 1289 1374 1329 negas
1410 1291 1432 1316 a
1462 1278 1534 1317 deo
1566 1291 1654 1331 pro-

110 1345 309 1385 creatum?
370 1342 465 1384 Item
494 1344 525 1383 si
553 1343 835 1384 firmamentum
860 1341 1081 1398 Principum
1115 1358 1256 1398 corpus
1292 1351 1372 1395 est,
1408 1345 1470 1385 cui
1500 1346 1653 1386 tandem

111 1413 216 1454 cruci
244 1410 445 1467 Principes
478 1412 624 1452 affixit?
684 1410 794 1464 Quos
828 1419 867 1453 tu
902 1426 1176 1467 nonnunquam
1213 1413 1250 1452 in
1283 1413 1525 1454 firmamento
1553 1415 1655 1454 suffi—

110 1497 185 1523 xos
211 1482 343 1522 doces.
399 1481 507 1521 Alias
534 1481 814 1521 firmamentum
840 1481 965 1536 ipsum
991 1482 1213 1521 eorumdem
1241 1495 1382 1536 corpus
1407 1496 1494 1522 esse
1522 1482 1656 1522 defen-

112 1551 185 1591 dis.
249 1549 313 1590 Ex
341 1549 477 1604 quibus
500 1556 661 1604 apparet
684 1564 870 1589 summam
904 1549 940 1589 in
968 1550 1145 1589 oratione
1174 1557 1236 1590 tua
1265 1550 1564 1591 inconstantiam
1596 1551 1655 1591 in-

112 1633 223 1669 esse,
269 1632 392 1673 neque
426 1618 627 1672 quicquam
676 1632 759 1658 eum
791 1619 957 1658 veritate
991 1624 1296 1658 consentaneum
1334 1633 1378 1658 ac
1411 1633 1655 1674 consequens

112 1687 270 1727 habere.
328 1684 461 1740 Quare
482 1701 556 1726 non
585 1694 659 1726 tam
685 1686 795 1727 nobis
821 1686 942 1727 hostis
966 1687 1004 1727 in
1030 1686 1207 1727 omnibus
1233 1701 1345 1741 quam
1370 1687 1436 1727 tibi
1463 1687 1534 1743 ipsi
1562 1689 1655 1742 dog-

111 1755 302 1810 matisque
334 1755 387 1795 tui
420 1755 680 1796 sectatoribus
712 1754 891 1796 inimicus
922 1754 1106 1809 ingruere
1138 1755 1298 1797 videris.

225 1823 304 1866 Sed
335 1824 424 1864 illud
448 1831 650 1879 praeterea
677 1824 902 1878 profitetur,
937 1831 1186 1878 posteaquam
1213 1824 1276 1864 illo
1302 1824 1339 1864 in
1363 1823 1479 1878 globo
1503 1822 1654 1864 Princi-

113 1907 180 1948 pes
204 1893 242 1933 in
270 1907 422 1934 crucem
457 1893 636 1942 sustulit,
670 1892 798 1933 sidera
830 1893 1089 1947 produxisse,
1134 1906 1230 1947 qnae
1264 1900 1354 1933 sunt
1382 1892 1534 1933 animae
1565 1892 1655 1933 reli-

112 1961 239 2015 quiae.
302 1960 394 2002 Non
432 1960 532 2001 enim
567 1961 733 2001 animam
773 1974 861 2001 esse
895 1960 1015 2011 dixit,
1062 1961 1129 2001 sed
1158 1963 1241 2002 eius
1269 1961 1533 2001 tantummodo
1565 1961 1656 2001 reli—

112 2030 238 2085 quias.
303 2027 338 2071 Ο
364 2044 505 2070 vanum
530 2029 816 2084 absurdumque
844 2030 1064 2070 decretum!
1113 2044 1135 2070 o
1160 2030 1278 2070 salsos
1309 2029 1542 2084 minimeque
1564 2044 1655 2070 con-

113 2105 323 2139 sentaneos
359 2099 585 2139 sermones!
650 2096 751 2139 Nam
788 2098 974 2152 reliquiae
1012 2111 1146 2139 omnes
1191 2099 1308 2139 totius
1343 2105 1471 2153 partes
1504 2098 1656 2152 aliquae

113 2174 224 2217 sunt,
266 2167 479 2221 iisdemque
509 2167 632 2207 maius
666 2180 753 2207 esse
790 2173 911 2207 totum
947 2180 1108 2208 necesse
1145 2174 1218 2207 est.
1282 2165 1476 2220 Quocirca
1506 2167 1538 2207 si
1566 2166 1654 2206 reli-

114 2234 226 2290 quiae
257 2236 386 2276 sidera
422 2235 503 2290 ipsa
535 2243 648 2287 sunt,
694 2235 809 2276 velim
848 2234 958 2276 nobis
1001 2236 1124 2276 maius
1158 2236 1298 2290 aliquid
1335 2235 1526 2276 sideribus
1561 2235 1655 2289 ipsis

114 2305 318 2357 ostendat,
352 2312 393 2345 ut
419 2305 585 2345 animam
608 2304 822 2345 videamus.
885 2302 957 2345 Sin
986 2311 1105 2345 totum
1130 2305 1253 2360 ipsum
1276 2304 1502 2345 devoratum
1528 2310 1588 2343 est
1619 2311 1657 2344 et

114 2381 404 2428 consumptum,
450 2375 608 2427 eiusque
640 2372 828 2427 reliquiae
859 2372 988 2413 sidera
1024 2373 1105 2428 ipsa
1144 2381 1256 2424 sunt,
1305 2387 1388 2412 cum
1425 2372 1519 2412 baec
1550 2372 1657 2412 cruci

116 2442 242 2483 affixis
271 2440 516 2497 Principibus
540 2441 728 2482 inl'eriora
749 2441 850 2492 sint,
886 2442 1038 2482 tandem
1064 2451 1101 2482 et
1125 2442 1207 2497 ipsa
1232 2441 1537 2490 devorabuntur,
1569 2454 1655 2480 cum

114 2509 343 2565 Principes,
390 2518 430 2551 ut
463 2510 567 2561 dixi,
613 2510 835 2565 superiores
867 2510 982 2551 sedes
1015 2510 1229 2551 obtineant.
1294 2509 1406 2563 Quod
1442 2508 1476 2549 si
1509 2523 1577 2564 pro
1609 2523 1656 2549 eo

115 2580 215 2634 quod
250 2579 377 2620 suffixi
403 2587 515 2629 sunt,
562 2593 633 2619 nec
667 2578 857 2629 animam,
904 2593 976 2619 nec
1004 2579 1132 2620 sidera
1164 2579 1334 2618 retinere
1363 2584 1547 2632 possunt,
1582 2577 1658 2618 ruit

117 2648 244 2688 omnis
277 2648 339 2688 illa
374 2656 463 2700 tua,
497 2646 753 2698 Maiinzhaee,
788 2647 915 2688 inanis
947 2662 991 2688 ac
1022 2648 1185 2688 conficta
1218 2646 1407 2687 narratio.

229 2714 364 2772 Pergit
397 2717 496 2757 idem
525 2723 640 2771 atque
675 2715 728 2756 ita
761 2715 939 2757 disserit:
981 2715 1266 2770 Posteaquam,
1299 2715 1443 2769 inquit,
1477 2712 1654 2755 Baiulum

164 2887 194 2920 ὅ.
220 2885 444 2931 ἐπεφοίτησας
481 2889 570 2921 codd.
614 2898 684 2921 mss.
728 2892 862 2929 uterque.
911 2887 1058 2929 Χριστοῦ
1083 2884 1261 2928 φάσκουσι.
1311 2887 1404 2918 Haer.
1430 2884 1492 2927 71,
1515 2887 1545 2919 ὀ.
1581 2881 1657 2920 οὔτε

121 2929 321 2976 ἐπεφοίτησε
344 2935 417 2966 editi
441 2936 520 2965 libri.
911 2932 973 2977 γὰρ
999 2931 1184 2975 μειζότερον
1208 2929 1244 2964 τὸ
1270 2932 1410 2973 πνεῦμα.

168 2977 243 3009 Car.
267 2979 395 3010 XLIX.
421 2999 462 3004 —
513 2983 540 3012 1.
565 2982 629 3012 Hoc
652 2983 865 3021 comparativo
955 2980 986 3010 2.
1012 2976 1165 3011 δύνανται
1186 2981 1229 3008 est
1254 2979 1426 3009 emendatio
1448 2980 1591 3010 Cornarii
1616 2977 1658 3018 (is

121 3021 309 3065 μειζότερος
329 3026 523 3065 Epiphanius
539 3036 598 3058 non
618 3028 709 3058 semel
726 3031 768 3058 est
782 3036 866 3057 usus.
912 3026 992 3056 enim
1013 3030 1149 3065 possunt
1172 3025 1274 3064 vertit)
1300 3026 1390 3063 alque
1411 3025 1538 3056 petavii,
1574 3024 1658 3053 Libri

123 3070 214 3100 Haer.
239 3069 302 3108 ὁὸ,
329 3072 354 3101 1.
390 3067 474 3103 ἀλλὰ
502 3071 560 3104 καὶ
594 3069 784 3114 μειζότερον
808 3072 866 3104 τοῦ
911 3071 1004 3107 vnl510
1028 3066 1202 3102 δύναῦῖαέ-

191 3123 307 3158 Corpus
327 3123 500 3152 linei-escol.
526 3124 564 3153 ll.
583 3128 609 3153 2.
1335 3130 1379 3167 31

1719 1819 1797 1861 Cap.

1694 1864 1823 1896 Xle.
