2066 3319
500 206 681 238 PANARII
704 206 787 237 Lm.
809 206 850 238 ΙΙ.
875 206 982 238 ΤΟΜ.
1004 207 1026 237 l.
1049 206 1181 237 HAER.
1203 206 1323 237 LXlV.
1605 196 1685 236 349

149 301 221 341 que
254 287 371 338 deus,
408 286 527 326 misso
554 286 600 326 de
631 286 740 326 coelo
776 284 874 337 tilio,
909 286 971 339 qui
999 286 1162 326 similem
1191 293 1348 326 nostrae
1372 298 1527 325 carnem
1552 284 1686 324 indue-

147 363 221 396 rat.
285 354 392 395 Vere
419 355 546 405 enim,
582 369 657 394 non
692 353 822 407 specie
859 361 994 404 tenus,
1030 362 1113 394 erat
1145 355 1179 394 id
1210 355 1309 408 quod
1345 368 1433 394 esse
1466 353 1683 394 videbatur.

146 422 199 465 Ut
221 423 398 463 nimirum
421 422 638 463 adiudicato
663 422 747 462 neci
771 430 944 477 peccam,
980 437 1027 463 ne
1053 423 1151 462 ullos
1176 423 1315 462 iterum
1340 423 1374 461 in
1398 436 1514 461 carne
1541 423 1687 462 fructus

148 493 296 543 ederet,
331 492 519 532 naturalis
544 491 763 531 iustificatio
785 491 881 545 legis
905 491 1146 546 impleretur,
1181 504 1278 544 quae
1304 490 1340 529 in
1362 490 1418 529 his
1443 489 1686 530 obedientiae

146 559 335 602 beneficio
369 560 604 600 redundaret
636 559 698 613 qui
730 574 805 599 non
844 573 893 599 ex
925 559 1054 600 carnis
1088 559 1404 613 concupiscentia
1435 559 1687 612 progrediun-

148 636 232 680 tur,
276 629 343 669 sed
380 628 425 668 ad
459 627 618 682 spiritus
653 627 887 668 desiderium
914 641 956 668 se
984 642 1028 667 ac
1062 627 1339 682 praescriptum
1377 627 1685 666 accommodant.

146 695 237 738 Lex
266 698 367 738 enim
397 697 555 753 spiritus
583 696 710 746 vitae,
744 696 816 736 hoc
839 704 899 736 est
926 696 1193 750 evangelium,
1228 696 1273 734 ab
1298 695 1563 750 superioribus
1595 696 1689 749 legi-

146 765 218 806 bus
246 766 498 821 discrepans,
532 765 578 805 ad
611 764 868 805 obedientiam
901 771 1226 818 peccatorumque
1253 763 1539 803 relaxationem
1572 778 1690 804 evan-

147 834 236 888 gelii
260 835 470 889 praeconio
501 833 736 882 constituta,
773 833 817 872 ab
841 833 925 887 lege
951 847 1022 873 nos
1048 832 1197 887 peccati
1220 846 1264 872 ac
1291 832 1425 871 mortis
1448 832 1611 886 eripuit,
1646 848 1689 872 ac

147 910 347 958 peccatum
375 902 524 958 ipsum,
559 902 659 956 quod
684 903 720 942 in
747 915 865 942 carne
889 901 1102 956 regnabat,
1137 901 1307 941 funditus
1334 900 1555 941 debellavit.

262 1037 386 1094 Igitur
420 1053 685 1094 quaecumque
718 1054 768 1080 ex
802 1039 966 1094 apostoli
1002 1038 1133 1079 verbis
1165 1038 1326 1094 proponi
1358 1038 1404 1079 ab
1441 1039 1515 1079 illis
1546 1038 1689 1087 solent,

149 1108 215 1150 sed
237 1108 435 1149 intellecta
457 1122 676 1163 perperam,
713 1108 795 1159 tibi,
831 1123 852 1148 o
872 1107 1107 1163 Theophile,
1144 1107 1328 1148 hactenus
1350 1108 1531 1162 exposui.
1575 1105 1692 1148 Nunc

149 1177 196 1218 ad
223 1177 298 1218 alia
326 1191 386 1218 me
411 1184 662 1227 convertam,
697 1184 901 1231 postquam
929 1177 1041 1217 huius
1075 1177 1292 1231 explicandi
1321 1177 1514 1217 sermonis
1544 1176 1692 1216 adiuto-

149 1259 229 1286 rem
256 1253 391 1286 nactus
418 1246 543 1286 suero.
608 1244 787 1286 Difficilia
812 1245 950 1301 quippe
973 1253 1086 1295 sunt,
1121 1260 1247 1300 neque
1276 1246 1321 1285 ad
1345 1245 1599 1286 refellendum
1623 1259 1693 1285 ex-

150 1315 301 1369 pedita,
336 1328 434 1368 quae
458 1321 688 1369 sequuntur.
752 1313 840 1367 Quo
870 1315 1035 1369 spissius
1068 1329 1112 1355 ac
1143 1315 1312 1355 timidius
1342 1314 1436 1354 llaec
1469 1314 1691 1368 aggredior,

152 1397 314 1438 quorum
337 1383 491 1437 longam
517 1397 562 1422 ac
591 1383 780 1423 difficilem
805 1384 888 1423 fore
914 1383 1181 1437 probationem
1206 1383 1345 1434 video,
1380 1382 1453 1424 nisi
1480 1383 1693 1438 sapientiae

152 1451 339 1505 quaedam
368 1465 461 1492 aura
490 1459 652 1506 repente
681 1452 845 1492 coelitus
870 1452 1096 1507 adspirans,
1130 1453 1209 1502 sie,
1246 1459 1426 1506 tanquam
1454 1451 1490 1491 in
1518 1452 1595 1492 alto
1627 1466 1693 1491 na-

151 1519 330 1574 vigantes
347 1552 357 1571 ,
392 1521 638 1575 tranquillum
665 1521 711 1561 ad
737 1527 886 1576 portum
914 1535 958 1561 ac
983 1521 1190 1561 firmiorem
1224 1519 1595 1561 demonstrationem
1629 1534 1694 1574 ap-

176 1588 280 1629 ellat.

149 1603 170 1644 p
626 1657 865 1689 HACTENUS
892 1658 952 1689 EX
983 1658 1228 1690 METHODIO.

266 1724 394 1780 Atque
427 1725 522 1766 haec
553 1733 643 1766 sunt
667 1740 688 1766 e
714 1726 815 1766 beati
841 1724 1055 1778 Methodii,
1089 1727 1152 1781 qui
1177 1734 1214 1767 et
1239 1725 1429 1767 Eubulius
1462 1726 1585 1766 dictus
1617 1732 1692 1776 est,

152 1793 308 1849 scriptis
331 1795 466 1834 ordine
488 1795 685 1850 decerpta,
720 1809 818 1849 quae
841 1795 887 1835 de
907 1793 1080 1850 Origene
1106 1796 1393 1850 depravataque
1416 1792 1602 1849 Origenis
1624 1794 1694 1833 lide

153 1862 376 1918 sophisticis
410 1863 721 1904 cavillationibus
746 1863 941 1918 implicata
967 1863 1004 1904 in
1032 1864 1167 1905 eodem
1201 1865 1247 1904 de
1277 1863 1566 1905 resurrectione
1599 1862 1696 1903 libro

153 1932 352 1972 disseruit.
417 1930 528 1984 Quae
553 1932 626 1972 hoc
650 1932 735 1973 loco
763 1934 958 1987 proposita
985 1934 1161 1974 sufficere
1186 1940 1322 1974 contra
1348 1933 1450 1973 illins
1476 1945 1598 1986 nugas
1630 1946 1696 1985 pu-

153 2001 338 2052 tavimus,
371 2001 605 2056 impiamque
632 2001 871 2054 doctrinam,
907 2017 981 2056 qua
1004 2002 1159 2042 humani
1182 2002 1339 2056 generis
1361 2002 1480 2041 vitam
1505 2000 1697 2041 adscititia

153 2069 218 2110 illa
240 2069 441 2124 gentilium
463 2070 742 2125 superstitione
765 2079 880 2125 atque
903 2071 1147 2126 improbitate
1169 2071 1355 2125 corrupit.
1395 2069 1447 2110 Et
1467 2083 1694 2124 quamquam

155 2138 229 2179 alia
257 2138 441 2194 pleraque
477 2138 577 2179 idem
612 2146 882 2193 argumentum
909 2138 1135 2181 Methodius
1168 2140 1232 2180 ille
1266 2140 1327 2179 vir
1358 2138 1529 2193 apprime
1561 2139 1695 2178 doctus

155 2207 446 2262 acerrimusque
473 2208 651 2248 veritatis
678 2215 862 2263 patronus
898 2209 935 2249 in
970 2209 1104 2249 eodem
1136 2208 1234 2249 libro
1267 2207 1496 2263 disputarit,
1538 2207 1695 2247 totidem

156 2275 261 2326 fere,
296 2283 390 2330 quot
415 2290 436 2316 a
459 2276 570 2316 nobis
596 2277 771 2332 excerpti
794 2283 906 2327 sunt,
941 2277 1142 2328 versibus,
1177 2277 1427 2318 nihilominus
1450 2290 1534 2316 cum
1561 2274 1598 2314 id
1624 2273 1696 2314 ini-

156 2344 208 2385 tio
232 2345 521 2400 receperimus,
556 2345 594 2385 in
625 2360 854 2400 unaquaque
878 2346 1076 2387 tractanda
1105 2346 1255 2387 haeresi
1288 2360 1408 2401 pauca
1434 2358 1504 2385 nos
1536 2343 1580 2384 ad
1613 2343 1697 2383 eius

157 2414 461 2454 confutationem
487 2427 575 2454 esse
599 2413 770 2455 dicturos
792 2415 898 2468 (sunt
921 2415 1021 2455 enim
1049 2429 1210 2456 numero
1233 2414 1466 2468 complures)
1490 2413 1584 2453 satis
1609 2425 1697 2452 esse

158 2482 339 2523 duximus
372 2482 444 2523 huc
471 2496 592 2537 usque
618 2497 668 2523 ex
697 2483 798 2523 illius
829 2497 947 2538 opere
977 2484 1238 2525 transtulisse.
1303 2482 1434 2536 Quare
1466 2481 1528 2521 ubi
1560 2481 1698 2522 adver-

158 2564 224 2592 sus
249 2550 414 2591 hominis
436 2551 670 2591 inconditam
696 2551 967 2606 loquacitatem
992 2553 1175 2594 nonnulla
1198 2552 1319 2592 adbuc
1342 2566 1393 2591 ex
1415 2550 1544 2605 inopia
1566 2557 1697 2590 nostra

159 2620 537 2675 deprompserimus,
578 2621 773 2675 pugnandi
800 2622 990 2663 adversus
1020 2621 1125 2662 illum
1161 2621 1312 2661 modum
1346 2620 1552 2670 faciemus,
1594 2625 1698 2673 post-

159 2702 272 2743 quam
294 2688 442 2729 auctori
466 2689 653 2730 victoriae
677 2690 748 2730 deo
771 2690 958 2731 victoriae
983 2690 1194 2746 praemium
1220 2704 1263 2730 ac
1288 2690 1405 2729 decus
1427 2687 1696 2737 obtulerimus,

160 2824 247 2857 hodie
283 2826 540 2866 deprehenditur;
588 2824 790 2862 ἐπιπλάστου
827 2832 908 2861 enim
952 2834 1019 2860 tem
1040 2826 1234 2859 subvertas*

158 2873 286 2909 pertinet
305 2873 347 2903 ad
367 2871 583 2914 κακοηζῖείας.
633 2876 802 2906 Carnarius
822 2877 910 2907 vertit
999 2876 1029 2906 ὑ.
1053 2873 1200 2906 τοσαῦτα
1234 2871 1339 2914 ἕτερα.
1388 2874 1435 2903 Ex
1458 2874 1579 2912 reliqua
1602 2874 1701 2912 operis

161 2916 240 2947 hanc
270 2920 450 2949 sententiam
479 2920 544 2949 ita:
590 2937 658 2955 „—-
682 2939 725 2943 —
755 2919 797 2951 ad
821 2920 907 2951 illius
955 2920 1098 2951 Methodii
1121 2922 1209 2957 purte
1233 2921 1377 2957 excerpta
1401 2921 1449 2949 sat
1472 2919 1580 2957 ampla
1610 2918 1702 2949 habes

163 2971 263 3003 nugas
278 2986 286 2999 ,
320 2969 353 2993 et
375 2962 417 2994 ad
438 2962 544 3006 ipsum
567 2962 801 2997 destruendum
816 2991 823 3004 ‚
852 2967 906 3009 qui
953 2965 1038 3004 apud
1053 2965 1207 3003 Phottum,
1231 2965 1301 2995 inde
1323 2973 1343 2994 a
1360 2962 1590 3004 p09.9l&.fin.
1613 2963 1700 3006 (edit.

163 3005 336 3038 humanam
349 3007 449 3039 vitam
465 3019 525 3052 per
539 3010 714 3042 confictam
729 3022 768 3042 ex
780 3012 907 3043 Graeca
953 3009 1151 3051 Rothomay.)

164 3049 315 3084 doctrina
347 3053 616 3096 superstitionem
645 3068 684 3088 ac
716 3056 907 3100 malignita-

1745 1732 1811 1774 Cap

1723 1778 1781 1808 Lx·
1790 1780 1812 1809 ll

1816 1757 1840 1809 i.
