2030 3324
145 744 220 786 Κεφ
254 741 292 787 ’.γ’
299 769 306 776 .

144 1754 231 1793 Κεφ.
251 1753 303 1787 ιδ’.

163 1805 229 1832 pag
249 1798 306 1826 738.

325 188 405 226 606
887 192 1050 225 SANCTI
1074 194 1302 227 EPIPHANII

324 275 408 317 ταῖς
447 270 667 321 ἐκκλησίαις
702 269 829 309 ἕνεκεν
865 266 997 309 αὐτῶν
1032 271 1313 324 γεγενημένων,
1362 272 1430 313 καὶ
1463 276 1543 313 τοῖν
1572 275 1678 312 λαῶν
1709 275 1788 312 τῶν
1825 273 1867 313 ἐν

323 334 513 392 ὑπαίθρῳ
537 336 592 376 ἔτι
615 337 732 390 δεῦρο
752 333 950 377 τοσούτων
971 336 1175 390 μυριάδων
1195 340 1339 389 θλίψιν
1361 336 1658 392 ὗπομενουσῶν,
1679 339 1746 380 καὶ
1764 336 1863 391 ὑπὲρ

328 401 451 444 αὐτοῦ
475 407 546 444 τοῦ
575 405 793 456 μακαρίτου
816 405 1093 444 Κωνσταντίου
1115 408 1185 444 τοῦ
1207 402 1272 445 ὕπ’
1297 403 1428 447 αὐτῶν
1451 407 1767 459 πεπλανημένου,
1798 406 1865 447 καὶ

327 468 591 524 ἅγνοήσαντος
621 468 692 523 τὴν
724 472 853 511 πίστιν
881 473 951 522 τῆς
983 467 1241 523 όρθοδοξίας,
1283 474 1350 514 καὶ
1379 471 1610 524 ύπείξαντος
1643 473 1780 522 αὐτοῖς
1811 471 1865 522 ω”ς

327 539 471 591 ἱερεῦσι
498 536 598 579 κατα
630 535 812 593 ἄγνοιαν,
845 535 1110 592 ἄγνοήσαντος
1140 537 1210 591 τὴν
1241 539 1281 580 ἐν
1306 537 1439 589 αὐτοῖς
1456 540 1608 594 πλάνην
1624 545 1694 594 τῆς
1712 538 1864 593 τυφλώ-

328 618 426 654 σεως
454 606 520 647 καὶ
551 608 807 653 κακοπιστίας
836 605 1046 659 γενομένης
1077 606 1119 647 ἐκ
1150 604 1339 657 διαβόλου
1369 613 1630 662 παρασκευῆς.

439 740 631 794 Δεύτερον
653 743 707 783 ἔτι
733 743 902 793 ε’νίσχυσε
926 739 968 781 τό
990 739 1140 782 τούτων
1161 742 1375 796 ἑρπετώδες
1399 742 1654 798 ἐργαστήριον
1680 741 1727 785 δι’
1758 741 1865 784 Ἐὕ-

324 810 458 861 σεβίου
483 814 553 850 τοῦ
575 806 829 857 ὖπειςδύντος
849 809 914 850 καὶ
936 811 1281 863 παραφθείραντος
1306 808 1377 862 τήν
1401 809 1527 864 ἀκοὴν
1549 812 1666 853 πάλιν
1693 808 1862 852 Οὐάλεν-

322 893 388 925 τος
410 881 481 918 τοῦ
504 879 720 929 θεοσεβοῦς
741 877 942 929 βασιλέως,
972 877 1039 917 καὶ
1059 875 1344 931 εὐλαβεστάτου
1367 878 1433 919 καὶ
1455 882 1690 930 θεοφιλοῦς·
1723 877 1858 931 ἐπειδὴ

325 962 398 999 γαρ
422 942 513 999 παρ’
539 942 664 986 αυτοῦ
686 942 729 986 τό
749 942 916 998 λουτρόν
941 945 1169 997 ἐκομίσατο,
1211 943 1276 985 δια
1307 943 1490 998 τοιαύτης
1511 942 1742 994 ὑποθέσεως
1771 943 1867 998 ἥδυ-

326 1011 510 1065 νηθησαν
537 1014 644 1054 οὑτοι
671 1016 821 1065 στῆναι.
879 1009 987 1053 Ἐπεὶ
1009 1029 1059 1052 αν
1081 1013 1245 1053 ε’κπαλαι
1270 1013 1337 1053 καὶ
1363 1009 1441 1053 find
1465 1016 1664 1067 γυναικῶν
1688 1029 1756 1053 και
1777 1028 1866 1054 παι-

329 1082 497 1135 δαρίων,
539 1079 587 1122 οὐ
619 1080 715 1134 λέγω
744 1080 833 1134 περὶ
865 1083 941 1120 τῶν
972 1080 1261 1134 ε’ντελεστέρων,
1302 1084 1380 1120 τῶν
1410 1097 1480 1132 την
1509 1084 1639 1122 πᾶσαν
1665 1079 1868 1135 ἀκρίβειαν

329 1152 398 1201 τῆς
419 1151 646 1200 θεοσεβείας
671 1149 738 1189 καὶ
760 1151 923 1195 πίστεως
945 1152 1013 1200 τῆς
1041 1145 1170 1201 ὀρθῆς
1190 1148 1547 1201 ἐπιγινωσκόντων,
1579 1145 1672 1188 ἄλλα
1695 1148 1763 1189 καὶ
1784 1145 1864 1189 ὖπό

327 1220 405 1257 τῶν
429 1234 466 1257 τι
499 1214 577 1257 ἀπό
602 1217 767 1269 μέρους,
808 1213 884 1255 κᾶν
907 1213 949 1255 τό
983 1212 1100 1266 τυχόν
1127 1218 1198 1266 τῆς
1225 1212 1413 1267 ἀληθείας
1437 1216 1720 1268 ἐπισταμένων,
1767 1215 1866 1256 2καὶ

328 1283 565 1338 ἐλεγχόμενοι
591 1281 674 1325 ἀπό
700 1287 778 1323 τῶν
798 1286 973 1323 παλαιῶν
995 1279 1227 1333 ἐδιώκοντο,
1260 1280 1313 1330 ὥς
1336 1281 1563 1335 βλάσφημοι
1581 1281 1775 1324 δεσπότου
1797 1283 1865 1324 καὶ

326 1350 499 1405 δεύτεροι
519 1349 770 1405 κυριοκτόνοι
794 1349 894 1398 τινὲς
921 1349 986 1390 καὶ
1007 1348 1200 1402 ἀθετηταὶ
1220 1353 1288 1402 τῆς
1314 1354 1386 1391 τοῦ
1414 1352 1555 1403 κυρίου
1581 1348 1723 1404 3ἦμῶν
1734 1349 1868 1402 Ἰησοῦ

327 1419 471 1459 ἐνθέου
507 1417 758 1471 τελειότητος,
802 1416 868 1459 δια
902 1419 968 1470 τῆς
1001 1421 1071 1458 τοῦ
1113 1418 1300 1469 βασιλέως
1333 1420 1593 1471 προστασίας,
1634 1416 1730 1472 ὅπερ
1763 1418 1867 1459 ἐστὶν

324 1484 619 1540 ὗπερασπισμός
641 1485 791 1536 αὐτῶν,
823 1486 877 1533 εἰς
899 1483 941 1526 τό
965 1486 1171 1540 ἐπιχειρεῖν
1194 1484 1322 1526 πάντα
1347 1484 1392 1526 τοὶ
1422 1484 1525 1527 κακοὶ
1547 1484 1621 1527 ὅσα
1642 1486 1776 1540 γέγονε
1798 1485 1865 1526 καὶ

324 1555 380 1596 ἔτι
403 1552 451 1596 δι’
476 1552 607 1596 αὐτῶν
631 1557 776 1609 γίνεται
801 1554 842 1594 ἐν
860 1552 1133 1609 Ἀλεξανδρείᾳ
1162 1553 1230 1594 καὶ
1255 1554 1296 1594 ἐν
1316 1555 1584 1610 Νικομηδείᾳ,
1615 1554 1656 1595 ἐν
1679 1557 1866 1595 Μεσοπο-

324 1624 454 1678 ταμίᾳ,
485 1623 527 1664 ἐν
553 1624 810 1679 Παλαιστίνῃ,
842 1625 862 1649 4
876 1625 924 1677 τῇ
943 1624 1014 1661 τοῦ
1029 1617 1160 1661 αὐτῶν
1173 1619 1370 1675 παρόντος
1394 1621 1581 1673 βασιλέως
1603 1625 1622 1650 ⁵
1636 1623 1864 1677 προστασίᾳ.

439 1755 506 1800 Ἐκ
528 1757 673 1811 ταύτης
696 1751 770 1800 οὖν
790 1761 859 1810 τῆς
889 1757 1024 1806 λέξεως
1056 1761 1125 1810 τῆς
1155 1758 1197 1798 έν
1222 1761 1274 1813 τῷ
1304 1760 1569 1814 παροιμιαστῇ
1589 1756 1866 1812 γεγραμμένης,

326 1827 404 1880 ότι,
449 1826 599 1881 Κύριος
619 1826 746 1868 ἔκτισέ
769 1842 813 1878 με
844 1822 968 1879 ἁρχὴν
990 1822 1096 1866 όδῶν
1127 1822 1252 1866 αὐτοῦ
1287 1826 1343 1873 εἰς
1364 1826 1457 1880 ἔργα
1479 1822 1621 1875 αὐτοῦ,
1651 1822 1791 1866 λοιπόν
1818 1821 1865 1865 τοὶ

325 1894 452 1936 πάντα
483 1893 619 1943 αὐτοῖς
645 1895 878 1943 ἐπινοεῖται,
920 1891 994 1934 ὅσα
1021 1909 1060 1934 τε
1093 1897 1105 1921 ¹
1123 1892 1286 1934 δύναται
1319 1891 1514 1946 σύμφωνα
1548 1896 1602 1948 τῷ
1625 1890 1729 1948 λόγῳ
1751 1888 1864 1942 εἶναι,

323 1964 392 2005 καὶ
429 1965 685 2018 2ἰσορροπεῖ,
729 1962 794 2002 καὶ
820 1959 983 2002 δύναται
1012 1959 1218 2017 συνᾴδειν,
1250 1958 1337 2002 οὔτε
1362 1960 1488 2002 αὐτοῦ
1509 1965 1581 2002 τοῦ
1604 1959 1744 2015 λόγου,
1777 1956 1866 2001 οὔτε

324 2035 403 2072 τῶν
428 2029 553 2073 ἄλλων
582 2029 766 2085 ῥημάτων
790 2029 880 2084 περὶ
907 2033 975 2082 τῆς
997 2027 1189 2084 θεότητος
1212 2032 1284 2070 τοῦ
1308 2030 1397 2070 υἱοῦ
1421 2032 1491 2070 τοῦ
1515 2032 1617 2071 θεοῦ
1653 2024 1866 2069 3τοιοῦτόν

325 2116 361 2140 τι
383 2098 627 2150 φασκόντων.
682 2096 798 2138 Ἀλλά
825 2095 964 2139 λοιπόν
989 2095 1062 2138 ὅσα
1087 2097 1167 2138 ἐστὶ
1196 2095 1349 2145 τούτοις
1374 2095 1515 2149 ὅμοια,
1555 2095 1598 2138 τό
1629 2096 1671 2138 ἐν
1691 2099 1745 2152 τῷ
1768 2092 1865 2136 ἄπο·

325 2165 448 2224 στόλῳ
473 2167 762 2222 γεγραμμένον,
793 2164 849 2218 τὸ,
883 2165 1086 2214 4Δέξασθε
1112 2163 1178 2206 τὸν
1199 2162 1376 2219 ἀρχιερέα
1398 2169 1468 2218 τῆς
1487 2163 1697 2219 ὁμολογίας
1722 2159 1867 2215 ὲ”’ὖμαῖν

328 2234 467 2277 πιστόν
488 2233 582 2277 ὄντα
608 2239 661 2291 τῷ
688 2232 895 2286 ποιήσαντι
921 2230 1062 2274 αὐτόν·
1095 2233 1160 2273 καὶ
1186 2233 1227 2274 ἐν
1249 2236 1303 2288 τῷ
1326 2231 1426 2274 κατὰ
1449 2231 1640 2286 Ἰωάννην
1659 2228 1865 2288 εὐαγγελίῳ

328 2304 614 2358 γεγραμμένον,
645 2301 724 2352 ὅτι,
771 2295 901 2349 Οὗτός
925 2302 1002 2342 ε’στι
1035 2301 1124 2355 περὶ
1149 2295 1196 2342 οὗ
1222 2297 1332 2342 εἶπον
1364 2298 1458 2353 ὑμῖν
1482 2299 1544 2343 ὅτι
1576 2298 1599 2342 ό
1631 2297 1758 2341 ὀπίσω
1788 2314 1865 2352 μου

327 2370 535 2425 ἐρχόμενος
557 2371 787 2425 ἔμπροσθέν
817 2386 892 2421 μου
923 2369 1071 2423 γέγονε·
1113 2368 1180 2409 καὶ
1206 2367 1248 2410 τό
1274 2369 1315 2410 έν
1348 2373 1432 2416 ταῖς
1454 2367 1626 2423 Πράξεσι
1655 2365 1865 2422 γεγραμμέ-

326 2456 414 2490 νον,
445 2438 524 2490 ὅτι,
564 2436 747 2480 Γνωστὸν
768 2434 862 2489 ’ὑμῖν
881 2438 977 2478 ἔστω
990 2469 999 2486 ,
1030 2439 1109 2484 πᾶς
1129 2433 1239 2484 οἶκος
1259 2433 1428 2490 Ἰσραὴλ,
1461 2435 1521 2478 ὅτι
1542 2440 1683 2478 τοῦτον
1702 2433 1772 2476 τόν
1789 2433 1865 2487 Ἰη-

327 2511 422 2548 σοῦν
453 2505 500 2549 ὃν
522 2504 810 2561 ἐσταυρώσατε,
842 2505 908 2546 καὶ
932 2502 1072 2558 κύριον
1094 2505 1162 2545 καὶ
1188 2502 1361 2558 Χριστόν
1385 2502 1507 2545 αὐτόν
1531 2501 1554 2546 ὅ
1571 2501 1669 2552 θεός
1689 2503 1862 2554 ἐποίησε·

325 2575 391 2615 καὶ
415 2573 508 2616 ἄλλα
539 2573 693 2623 τούτοις
719 2573 838 2626 ὅμοια
860 2571 965 2614 ὅπου
998 2571 1158 2626 Εἐὕροις
1182 2570 1398 2626 παρατήρει
1422 2586 1484 2614 σοι
1511 2573 1567 2620 εἰς
1591 2572 1745 2626 ἐχθρῶν
1767 2568 1864 2623 {ipw-

327 2659 408 2683 ναν.
469 2640 628 2697 Ἐχθροὶ
654 2641 726 2697 γάρ
761 2642 856 2682 εἰσιν
894 2638 947 2688 οἷς
973 2637 1136 2691 ἀληθῶς
1170 2641 1235 2681 καὶ
1261 2641 1474 2692 ἐπίβουλοι.
1541 2637 1644 2691 Τάχα
1670 2635 1743 2692 γάρ
1775 2637 1864 2693 περὶ

375 2768 440 2800 cm>
461 2769 552 2800 Xm.
575 2788 617 2792 --
664 2769 691 2801 l.
714 2764 879 2807 Εὗδοξίου
898 2769 1073 2808 suspicatus
1120 2768 1179 2798 Ιεη.
1204 2771 1229 2798 el
1252 2768 1335 2799 editi.
1383 2768 1417 2798 1η
1437 2767 1502 2798 cod.
1525 2766 1654 2805 Rhediy.
1672 2767 1716 2796 est
1739 2763 1806 2797 καὶ.

325 2816 367 2844 esc
391 2813 1317 2852 Petavius.5.Vu190
1337 2809 1531 2853 προστασία.
1581 2811 1750 2841 Carnarius
1775 2811 1864 2841 vertit

370 2858 401 2890 2.
426 2860 646 2898 Βεροηεηάιιιη
665 2863 739 2899 pulo
760 2856 1047 2901 κατελε(γόμε·ι.ιο
1119 2868 1177 2900 ρει
1209 2855 1391 2899 praesentis
1432 2855 1580 2898 ipsorum
1615 2854 1700 2896 regis
1733 2853 1862 2897 praesi-

370 2902 399 2935 3.
426 2900 525 2945 ηαῶι
550 2902 667 2945 Ιησοῦ
694 2903 840 2946 Χριστοῦ
865 2902 978 2936 ἐιῖέου
1002 2904 1070 2934 cod.
1119 2901 1264 2933 dentiam
1288 2913 1326 2932 ac
1349 2899 1631 2944 gubernationem.

324 2948 455 2988 Rhediy.
1166 2946 1426 2978 CAP.X1V.—
1463 2946 1490 2977 1.
1515 2947 1550 2977 In
1572 2945 1638 2977 cod.
1653 2945 1859 2986 ledi9.voc.

369 2992 401 3026 4.
425 2994 469 3036 τῇ
494 2995 604 3034 scripsi
622 3003 679 3034 pro
700 2990 724 3035 ἦ
736 3018 744 3034 ,
769 2995 851 3035 quod
871 2995 981 3025 habent
1005 2993 1070 3024 cod.
1119 2989 1256 3025 δύναται
1280 2993 1390 3031 legitur
1413 2993 1482 3030 post
1504 2989 1553 3033 τῷ
1579 2988 1681 3032 λόγῳ.
