2030 3324
517 211 696 244 PANARH
725 212 806 242 [ΑΒ.
834 213 874 243 11.
901 213 1008 245 Toxi.
1032 214 1072 244 n.
1101 211 1231 244 men.
1255 213 1395 245 van.
1651 205 1730 245 705

180 302 257 342 illis
286 301 570 356 perfectissime
593 309 669 341 tam
700 302 744 341 ab
769 300 929 343 Christo
958 303 1113 343 domino
1138 317 1250 357 quam
1275 303 1322 343 ab
1351 305 1538 358 apostolis
1566 318 1610 344 ac
1643 318 1732 359 pro-

181 369 306 424 pbetis
334 369 381 408 ab
406 369 541 409 eodem
567 369 696 409 missis
722 378 781 410 est
813 371 978 421 dictum,
1013 372 1080 411 sed
1114 372 1165 411 ita
1191 379 1342 422 tamen,
1378 379 1419 412 ut
1443 387 1512 426 pro
1544 372 1734 426 cuiusque

179 437 236 477 rei
261 451 306 477 ac
331 436 404 477 loci
432 444 469 477 et
502 439 722 491 argumenti
752 439 1040 493 opportunitate
1072 440 1307 494 prudenter,
1343 447 1459 494 atque
1484 454 1535 481 ex
1565 442 1732 481 veritate

180 505 327 560 prolata
361 505 439 545 sint
471 507 671 546 universa.

295 572 449 613 Etenim
484 574 530 613 de
554 572 715 614 Christo
751 573 971 614 vaticinans
1009 573 1134 615 David
1161 574 1355 615 Hebraica
1390 575 1519 629 lingua
1555 576 1726 625 dixerat,
1796 573 1877 627 Cui)-

179 644 262 689 Ele‘,
299 643 369 688 eli,
415 643 549 680 lamma
583 643 817 681 sabacthani.
884 640 998 695 Quod
1035 643 1242 697 deinceps,
1290 651 1329 682 ut
1367 652 1449 684 erat
1476 619 1939 698 praedictum,1›[„s}i.i‚,¹2i'‚1‚

179 710 217 749 in
243 723 359 749 cruce
384 709 562 749 dominus
584 710 782 764 implevit,
819 724 903 750 cum
931 709 1128 750 Hebraica
1157 710 1312 764 lingua,
1347 714 1432 759 Eli,
1468 714 1538 759 eli,
1575 725 1625 751 cx
1645 725 1733 751 ora-

179 777 253 817 culi
291 778 362 817 lide
398 778 678 831 pronuntiavit.
741 776 887 818 Cetera
919 792 1034 832 porro
1070 778 1259 818 vocabula
1295 780 1369 819 duo
1405 794 1481 820 non
1521 778 1731 829 Hebraice,

178 845 245 885 sed
287 843 454 900 Syriaco
491 845 717 896 subtexuit,
761 849 911 885 Lemma
946 848 1180 885 sabacthani.
1260 845 1317 887 lta
1354 848 1542 902 principio
1580 848 1734 902 quidem

178 914 370 954 eiusmodi
396 928 490 954 usus
512 921 593 964 est,
630 914 741 968 quale
767 914 813 954 de
839 915 923 968 ipso
952 915 1077 954 suerat
1099 914 1309 968 scriptum,
1344 923 1474 956 cetera
1506 916 1630 956 aliena
1663 916 1735 955 lin-

177 996 253 1036 gua
282 981 471 1032 subiecit,
516 996 560 1022 ac
598 997 674 1022 non
711 982 804 1022 nibil
836 982 956 1022 verba
994 983 1262 1022 commutavit.
1330 982 1369 1023 ld
1405 985 1504 1038 quod
1543 983 1734 1038 singulari

178 1050 339 1103 quadam
374 1057 431 1089 est
469 1050 672 1104 prudentia
709 1051 877 1099 factum,
925 1057 965 1089 ut
992 1065 1076 1089 cum
1102 1054 1189 1098 Ele',
1224 1053 1278 1089 eli
1304 1051 1477 1101 diceret,
1522 1052 1734 1106 prophetae

176 1117 268 1158 illud
291 1117 516 1157 vaticinium
556 1117 600 1156 ad
639 1131 682 1157 se
714 1118 910 1170 pertinere
943 1118 1215 1172 profiteretur,
1261 1133 1346 1158 cum
1382 1133 1477 1159 vero
1505 1121 1606 1173 qnod
1642 1118 1732 1159 reli-

177 1199 291 1240 quum
327 1192 385 1225 est
428 1200 504 1226 non
539 1184 760 1236 Hebraico,
807 1186 875 1226 sed
916 1184 1083 1240 Syriace
1121 1186 1369 1241 conciperet,
1419 1201 1553 1227 eorum
1593 1188 1732 1227 fastum

176 1253 451 1308 comprimeret
474 1254 536 1308 qui
560 1268 602 1293 se
626 1252 823 1294 Hebraica
856 1254 988 1308 lingua
1012 1254 1229 1294 insolenter
1254 1255 1464 1305 efferrent,
1500 1262 1539 1295 et
1562 1255 1608 1295 ad
1632 1255 1735 1295 edita

176 1322 223 1361 de
246 1335 289 1361 se
311 1321 348 1361 in
375 1321 499 1362 sacris
521 1322 647 1362 literis
675 1323 831 1363 oracula
866 1323 1095 1377 complenda
1122 1329 1276 1363 ceteras
1305 1337 1457 1378 quoque
1481 1323 1635 1377 linguas
1669 1324 1735 1364 ad·

175 1389 342 1430 biberet.
407 1388 584 1430 lustabat
621 1391 722 1430 enim
759 1398 908 1445 tempus
943 1391 1033 1430 illud
1070 1405 1145 1445 quo
1183 1391 1242 1431 sui
1280 1391 1456 1431 notitiam
1493 1406 1563 1446 per
1595 1405 1732 1431 omnes

177 1458 357 1498 nationes
385 1458 643 1509 diffunderet,
680 1473 756 1498 non
789 1473 872 1499 cum
902 1457 1097 1499 Hebraeis
1122 1460 1236 1499 modo
1256 1460 1587 1511 communicaret,
1623 1466 1664 1499 ut
1694 1459 1733 1499 in

178 1533 259 1566 toto
293 1527 375 1566 sere
411 1527 591 1580 vigesimi
629 1527 739 1581 primi
766 1525 910 1566 Psalmi
943 1534 1132 1567 contextu
1164 1527 1322 1581 legitur.
1386 1526 1461 1569 Ubi
1498 1535 1680 1582 tanquam
1711 1541 1733 1567 a

178 1601 361 1648 suscepta
386 1594 553 1634 bominis
577 1602 714 1635 natura
743 1595 991 1650 pronuntiata
1018 1596 1063 1635 ad
1099 1596 1286 1636 humanos
1315 1597 1481 1638 affectus
1512 1610 1734 1637 accommo-

178 1663 264 1702 data
296 1669 387 1702 sunt
410 1662 564 1713 omnia,
600 1677 700 1717 quae
727 1664 879 1717 quidem
910 1663 1125 1704 adveniens
1147 1664 1230 1719 ipse
1255 1665 1479 1719 complevit.
1545 1663 1648 1706 Sunt
1669 1664 1735 1704 illa

178 1744 300 1782 vero,
335 1744 433 1784 quae
461 1730 501 1770 in
531 1745 576 1770 eo
600 1729 759 1772 Psalmo
793 1732 985 1786 loquitur,
1031 1746 1206 1786 quaeque
1238 1733 1282 1773 ad
1312 1731 1459 1774 Christi
1495 1733 1736 1774 incarnatio-

177 1812 263 1838 nem
288 1798 488 1854 pertinere
515 1799 694 1850 dicimus,
731 1801 776 1840 ad
798 1799 1013 1840 institutam
1041 1815 1061 1841 a
1090 1800 1201 1841 nobis
1227 1801 1528 1856 disputationem
1556 1801 1735 1857 inprimis

175 1874 414 1922 opportuna,
459 1867 567 1908 velut
589 1882 675 1908 cum
705 1868 781 1908 ait:
817 1872 1039 1908 De'm'serzmt
1060 1873 1276 1909 vestimenta
1299 1885 1400 1918 mea,
1446 1877 1505 1922 et,
1539 1874 1733 1910 Foderunt
1750 1875 1869 1938 pfflnii
1900 1911 1931 1938 ¹3

175 1950 307 1974 manas
333 1950 454 1984 meas,
489 1945 525 1975 et
543 1940 658 1988 pedes
681 1952 799 1985 meos,
847 1938 962 1988 item,
997 1941 1081 1990 Ipsi
1105 1954 1191 1978 vero
1219 1942 1572 1988 consideraverunt,
1608 1948 1647 1979 et
1674 1943 1730 1980 ἰη-
1768 1932 1818 1972 19-’
1873 1932 1879 1940 “
1933 1932 1939 1938 ”

173 2012 383 2056 spese-erant
411 2020 489 2053 me,
536 2020 581 2045 ac
615 2012 745 2046 cetera
784 2005 818 2046 id
844 2020 993 2061 genus,
1041 2021 1140 2061 quae
1168 2007 1205 2047 in
1238 2007 1320 2062 ipsa
1358 2007 1564 2048 divinitate
1599 2008 1733 2063 perfici

174 2079 396 2127 nequeunt,
430 2074 498 2114 sed
522 2073 561 2113 in
586 2088 705 2114 carne
735 2075 945 2126 duntaxat,
981 2075 1019 2115 in
1046 2090 1119 2130 qua
1146 2076 1328 2117 divinitas
1350 2076 1505 2127 omnia,
1540 2076 1646 2117 nulla
1675 2077 1733 2117 as-

174 2140 344 2182 fectione
377 2149 582 2197 suscepta,
617 2143 684 2183 sed
718 2156 770 2183 ex
803 2143 858 2183 rei
893 2150 1019 2184 tamen
1055 2143 1246 2195 veritate,
1280 2144 1490 2200 praestitit.

287 2208 443 2250 Rursus
469 2211 572 2251 velut
598 2211 734 2251 furiosi
761 2210 912 2265 quidam
937 2226 1078 2263 canes,
1114 2226 1239 2267 neque
1263 2213 1459 2253 dominum
1495 2226 1588 2267 prae
1621 2212 1729 2253 rabie
1792 2220 1871 2270 Cap.

175 2277 340 2332 amplius
365 2286 652 2332 agnoscentes,
698 2279 795 2320 etin
828 2279 952 2334 ipsum
981 2281 1144 2335 primum
1168 2281 1351 2336 impetum
1379 2280 1590 2331 facientes,
1634 2281 1729 2321 insi·
1754 2265 1911 2298 XLWH·

174 2346 286 2387 liunt.
351 2344 528 2401 Cumque
556 2347 767 2388 fatentibus
791 2348 903 2389 nobis
936 2349 971 2389 id
996 2350 1095 2403 quod
1129 2363 1192 2389 res
1223 2357 1284 2389 ost
1310 2350 1493 2399 audiunt,
1530 2346 1732 2390 Christum

174 2414 371 2455 dominum
406 2415 446 2454 in
476 2416 680 2470 evangelio
713 2417 759 2456 de
785 2416 983 2472 discipulis
1017 2418 1099 2458 suis
1134 2417 1210 2458 ista
1239 2418 1410 2458 dixisse:
1460 2419 1560 2468 Quos
1593 2417 1870 2480 ‹ledeste'hl’ssnffi

174 2485 270 2522 mz'lzz'
291 2491 425 2535 pater,
469 2487 621 2523 servam·
647 2487 734 2524 illos
764 2489 801 2524 ιή
834 2489 991 2525 maudo.-
1031 2486 1196 2535 deinde,
1239 2489 1315 2524 Fac
1348 2489 1468 2538 ipsos,
1516 2494 1558 2525 ut
1586 2490 1665 2526 siut
1694 2491 1732 2528 in
1800 2473 1807 2488 ’

173 2566 250 2599 me,
293 2555 394 2590 sicut
423 2567 492 2604 ego
523 2560 560 2591 et
590 2561 629 2591 ta
662 2568 773 2592 meum
804 2569 946 2593 samus.
1013 2553 1117 2595 Tum
1143 2554 1195 2593 illi
1231 2554 1344 2595 nobis
1375 2553 1585 2595 obiiciunt:
1631 2555 1732 2595 Ani-

174 2619 387 2660 madvertis
411 2620 627 2661 cuiusmodi
649 2620 715 2661 illa
740 2621 860 2662 verba
885 2623 990 2663 sint?
1050 2625 1156 2674 Ego,
1193 2621 1339 2676 inquit,
1375 2626 1412 2661 z'tz
1431 2630 1567 2674 patre,
1602 2631 1641 2662 et
1656 2638 1728 2676 pa·
1746 2624 1861 2688 Ῑῗῗωίὸ

175 2696 232 2728 ter
260 2691 298 2727 in
330 2703 407 2736 me,
442 2696 479 2727 et
504 2690 610 2728 ambo
641 2704 753 2728 emam
777 2705 918 2729 sumas.
974 2689 1087 2744 Quae
1112 2704 1188 2730 non
1213 2690 1258 2730 de
1283 2690 1518 2744 aequalitate
1543 2698 1724 2743 naturae,
1799 2681 1808 2695 ’
1865 2681 1869 2688 ’

174 2757 242 2797 sed
267 2757 313 2798 de
346 2757 583 2797 voluntatum
621 2758 830 2798 concordia
865 2772 934 2812 par
962 2765 1021 2798 est
1044 2758 1182 2813 accipi.
1248 2756 1457 2811 Quomodo
1485 2757 1587 2799 enim
1615 2759 1732 2800 disci-

173 2839 294 2868 sativus
317 2840 360 2869 est
391 2847 481 2878 quem
506 2839 613 2869 dicant
635 2839 805 2876 relativus,
840 2847 929 2878 quem
978 2836 1064 2869 enim
1088 2843 1159 2869 erat
1184 2837 1246 2869 iam
1270 2837 1319 2868 sui
1344 2837 1570 2880 cognitionem
1597 2843 1663 2872 cett.

172 2883 253 2922 refer
276 2883 320 2914 ad
340 2885 490 2922 proxima
511 2881 547 2916 τὸ
575 2884 682 2916 λεῖπον
704 2882 753 2926 τῷ
780 2882 883 2926 ῥητῷ.
1024 2906 1054 2939 ,7.
1081 2904 1214 2939 ἐπεῐδόν
1237 2917 1278 2939 αἱ
1302 2896 1493 2949 (gammo)
1519 2909 1609 2940 codd·
1643 2906 1732 2942 &3:52-

220 2940 251 2971 5.
279 2940 400 2983 συρικῇ
427 2941 495 2972 cod.
515 2941 646 2980 Rhediy.
978 2948 1036 2985 (50¹2
1061 2963 1123 2994 μου
1146 2937 1241 2982 ραι-Μ’

218 2992 249 3026 6.
276 2991 378 3028 αὐτοῦ
405 2998 496 3029 codd.
526 3007 599 3028 mss.
631 3000 770 3038 uterque.
819 2993 930 3030 αὐτῶν
1026 2996 1102 3028 CAP.
1130 2997 1283 3028 vaffl.
1309 3015 1352 3021 -—
1398 2997 1424 3029 1.
1450 2994 1616 3039 ἠδύναντο
1640 3000 1730 3031 codd.

173 3041 258 3072 editi.
308 3041 454 3073 Ceruarii
484 3045 585 3074 versio
613 3045 691 3074 recte
727 3043 929 3085 Expassurus
977 3052 1049 3074 mss.
1070 3038 1255 3084 η’δύνανται
1267 3044 1427 3083 ed.princ.
1443 3045 1551 3076 Pelav.
1565 3042 1730 3078 δύνανται.

243 3095 364 3133 eorpus
383 3095 564 3125 Haereseol.
588 3096 625 3124 11.
645 3097 670 3124 2.
1405 3104 1458 3143 45
