<?xml version="1.0" encoding="UTF-8"?>
<!DOCTYPE html PUBLIC "-//W3C//DTD XHTML 1.0 Transitional//EN"
    "http://www.w3.org/TR/xhtml1/DTD/xhtml1-transitional.dtd">
<html xmlns="http://www.w3.org/1999/xhtml" xml:lang="en" lang="en">
 <head>
  <title>
</title>
<meta http-equiv="Content-Type" content="text/html;charset=utf-8" />
  <meta name='ocr-system' content='tesseract 3.04.00' />
  <meta name='ocr-capabilities' content='ocr_page ocr_carea ocr_par ocr_line ocrx_word'/>
</head>
<body>
  <div class='ocr_page' id='page_1' title='image "./p2corporishaereseo02epipuoft/p2corporishaereseo02epipuoft_0201.png"; bbox 0 0 2066 3319; ppageno 0'>
   <div class='ocr_carea' id='block_1_1' title="bbox 458 231 1628 270">
    <p class='ocr_par' dir='ltr' id='par_1_1' title="bbox 458 231 1628 270">
     <span class='ocr_line' id='line_1_1' title="bbox 458 231 1628 270; baseline 0.003 -4"><span class='ocrx_word' id='word_1_1' title='bbox 458 235 634 267; x_wconf 68' lang='lat' dir='ltr'>PANARH</span> <span class='ocrx_word' id='word_1_2' title='bbox 661 236 802 268; x_wconf 82' lang='lat' dir='ltr'>Ltss.11.</span> <span class='ocrx_word' id='word_1_3' title='bbox 827 237 933 268; x_wconf 61' lang='lat' dir='ltr'>Toxi.</span> <span class='ocrx_word' id='word_1_4' title='bbox 958 238 981 268; x_wconf 84' lang='lat' dir='ltr'>t.</span> <span class='ocrx_word' id='word_1_5' title='bbox 1009 238 1137 269; x_wconf 75' lang='lat' dir='ltr'>HAER.</span> <span class='ocrx_word' id='word_1_6' title='bbox 1162 238 1251 269; x_wconf 70' lang='lat' dir='ltr'>Lux.</span> <span class='ocrx_word' id='word_1_7' title='bbox 1550 231 1628 270; x_wconf 86' lang='lat'>179</span> 
     </span>
    </p>
   </div>
   <div class='ocr_carea' id='block_1_2' title="bbox 65 315 1645 3042">
    <p class='ocr_par' dir='ltr' id='par_1_2' title="bbox 65 315 1637 1122">
     <span class='ocr_line' id='line_1_2' title="bbox 96 315 1628 372; baseline -0.001 -13"><span class='ocrx_word' id='word_1_8' title='bbox 96 333 139 359; x_wconf 91' lang='lat' dir='ltr'>ac</span> <span class='ocrx_word' id='word_1_9' title='bbox 174 330 292 372; x_wconf 86' lang='lat' dir='ltr'>penes</span> <span class='ocrx_word' id='word_1_10' title='bbox 330 315 536 356; x_wconf 89' lang='lat' dir='ltr'>universos</span> <span class='ocrx_word' id='word_1_11' title='bbox 573 329 660 355; x_wconf 88' lang='lat' dir='ltr'>esse</span> <span class='ocrx_word' id='word_1_12' title='bbox 698 322 927 369; x_wconf 85' lang='lat' dir='ltr'>potestatem</span> <span class='ocrx_word' id='word_1_13' title='bbox 964 317 1194 363; x_wconf 72' lang='lat' dir='ltr'>arbitretur,</span> <span class='ocrx_word' id='word_1_14' title='bbox 1241 325 1280 357; x_wconf 89' lang='lat' dir='ltr'>ut</span> <span class='ocrx_word' id='word_1_15' title='bbox 1318 318 1418 358; x_wconf 89' lang='lat' dir='ltr'>illius</span> <span class='ocrx_word' id='word_1_16' title='bbox 1457 318 1628 359; x_wconf 88' lang='lat' dir='ltr'>criminis</span> 
     </span>
     <span class='ocr_line' id='line_1_3' title="bbox 65 383 1629 440; baseline 0.001 -14"><span class='ocrx_word' id='word_1_17' title='bbox 65 386 238 440; x_wconf 49' lang='lat' dir='ltr'>‘poenas</span> <span class='ocrx_word' id='word_1_18' title='bbox 271 383 531 433; x_wconf 73' lang='lat' dir='ltr'>constituant,</span> <span class='ocrx_word' id='word_1_19' title='bbox 566 397 728 437; x_wconf 87' lang='lat' dir='ltr'>cumque</span> <span class='ocrx_word' id='word_1_20' title='bbox 762 385 915 438; x_wconf 90' lang='lat' dir='ltr'>punitos</span> <span class='ocrx_word' id='word_1_21' title='bbox 947 385 993 424; x_wconf 91' lang='lat' dir='ltr'>ob</span> <span class='ocrx_word' id='word_1_22' title='bbox 1027 385 1060 424; x_wconf 91' lang='lat' dir='ltr'>id</span> <span class='ocrx_word' id='word_1_23' title='bbox 1092 385 1265 425; x_wconf 82' lang='lat' dir='ltr'>homines</span> <span class='ocrx_word' id='word_1_24' title='bbox 1292 387 1454 436; x_wconf 79' lang='lat' dir='ltr'>viderit,</span> <span class='ocrx_word' id='word_1_25' title='bbox 1489 387 1629 427; x_wconf 89' lang='lat' dir='ltr'>imitari</span> 
     </span>
     <span class='ocr_line' id='line_1_4' title="bbox 96 451 1631 508; baseline 0.001 -14"><span class='ocrx_word' id='word_1_26' title='bbox 96 453 238 508; x_wconf 85' lang='lat' dir='ltr'>etipse</span> <span class='ocrx_word' id='word_1_27' title='bbox 262 453 377 503; x_wconf 84' lang='lat' dir='ltr'>velit,</span> <span class='ocrx_word' id='word_1_28' title='bbox 413 466 456 492; x_wconf 90' lang='lat' dir='ltr'>ac</span> <span class='ocrx_word' id='word_1_29' title='bbox 483 458 660 506; x_wconf 87' lang='lat' dir='ltr'>tanquam</span> <span class='ocrx_word' id='word_1_30' title='bbox 690 453 735 492; x_wconf 89' lang='lat' dir='ltr'>de</span> <span class='ocrx_word' id='word_1_31' title='bbox 759 454 836 492; x_wconf 88' lang='lat' dir='ltr'>reis</span> <span class='ocrx_word' id='word_1_32' title='bbox 859 451 1037 492; x_wconf 82' lang='lat' dir='ltr'>iudicium</span> <span class='ocrx_word' id='word_1_33' title='bbox 1061 467 1254 493; x_wconf 80' lang='lat' dir='ltr'>exercens</span> <span class='ocrx_word' id='word_1_34' title='bbox 1287 462 1446 494; x_wconf 89' lang='lat' dir='ltr'>mortem</span> <span class='ocrx_word' id='word_1_35' title='bbox 1474 455 1546 495; x_wconf 89' lang='lat' dir='ltr'>illis</span> <span class='ocrx_word' id='word_1_36' title='bbox 1574 455 1631 494; x_wconf 88' lang='lat' dir='ltr'>in-</span> 
     </span>
     <span class='ocr_line' id='line_1_5' title="bbox 96 519 1631 577; baseline 0 -15"><span class='ocrx_word' id='word_1_37' title='bbox 96 524 199 562; x_wconf 86' lang='lat' dir='ltr'>ferre</span> <span class='ocrx_word' id='word_1_38' title='bbox 228 528 405 561; x_wconf 91' lang='lat' dir='ltr'>conetur.</span> <span class='ocrx_word' id='word_1_39' title='bbox 468 519 670 560; x_wconf 80' lang='lat' dir='ltr'>Eiusmodi</span> <span class='ocrx_word' id='word_1_40' title='bbox 704 521 841 575; x_wconf 88' lang='lat' dir='ltr'>quippe</span> <span class='ocrx_word' id='word_1_41' title='bbox 874 534 1021 575; x_wconf 86' lang='lat' dir='ltr'>poenas</span> <span class='ocrx_word' id='word_1_42' title='bbox 1055 522 1135 575; x_wconf 89' lang='lat' dir='ltr'>ipse</span> <span class='ocrx_word' id='word_1_43' title='bbox 1169 522 1390 575; x_wconf 69' lang='lat' dir='ltr'>persolvet,</span> <span class='ocrx_word' id='word_1_44' title='bbox 1424 530 1500 563; x_wconf 91' lang='lat' dir='ltr'>tum</span> <span class='ocrx_word' id='word_1_45' title='bbox 1533 524 1631 577; x_wconf 86' lang='lat' dir='ltr'>quod</span> 
     </span>
     <span class='ocr_line' id='line_1_6' title="bbox 96 588 1632 645; baseline 0 -14"><span class='ocrx_word' id='word_1_46' title='bbox 96 591 235 631; x_wconf 81' lang='lat' dir='ltr'>nullam</span> <span class='ocrx_word' id='word_1_47' title='bbox 261 603 280 628; x_wconf 85' lang='lat' dir='ltr'>a</span> <span class='ocrx_word' id='word_1_48' title='bbox 305 589 476 644; x_wconf 82' lang='lat' dir='ltr'>principe</span> <span class='ocrx_word' id='word_1_49' title='bbox 501 588 583 628; x_wconf 87' lang='lat' dir='ltr'>eius</span> <span class='ocrx_word' id='word_1_50' title='bbox 609 589 661 628; x_wconf 90' lang='lat' dir='ltr'>rei</span> <span class='ocrx_word' id='word_1_51' title='bbox 689 596 915 643; x_wconf 89' lang='lat' dir='ltr'>potestatem</span> <span class='ocrx_word' id='word_1_52' title='bbox 942 590 1157 643; x_wconf 84' lang='lat' dir='ltr'>acceperit,</span> <span class='ocrx_word' id='word_1_53' title='bbox 1193 596 1268 629; x_wconf 91' lang='lat' dir='ltr'>tnm</span> <span class='ocrx_word' id='word_1_54' title='bbox 1301 591 1400 643; x_wconf 89' lang='lat' dir='ltr'>quod</span> <span class='ocrx_word' id='word_1_55' title='bbox 1433 593 1632 645; x_wconf 85' lang='lat' dir='ltr'>aequalem</span> 
     </span>
     <span class='ocr_line' id='line_1_7' title="bbox 95 656 1633 713; baseline 0.001 -14"><span class='ocrx_word' id='word_1_56' title='bbox 95 658 134 699; x_wconf 89' lang='lat' dir='ltr'>in</span> <span class='ocrx_word' id='word_1_57' title='bbox 156 672 291 699; x_wconf 88' lang='lat' dir='ltr'>omnes</span> <span class='ocrx_word' id='word_1_58' title='bbox 315 657 464 711; x_wconf 86' lang='lat' dir='ltr'>legibus</span> <span class='ocrx_word' id='word_1_59' title='bbox 483 656 731 697; x_wconf 71' lang='lat' dir='ltr'>constitutam</span> <span class='ocrx_word' id='word_1_60' title='bbox 752 670 913 711; x_wconf 88' lang='lat' dir='ltr'>poenam</span> <span class='ocrx_word' id='word_1_61' title='bbox 933 671 1019 697; x_wconf 87' lang='lat' dir='ltr'>esse</span> <span class='ocrx_word' id='word_1_62' title='bbox 1036 658 1107 696; x_wconf 89' lang='lat' dir='ltr'>sibi</span> <span class='ocrx_word' id='word_1_63' title='bbox 1128 659 1380 712; x_wconf 79' lang='lat' dir='ltr'>persuaserit,</span> <span class='ocrx_word' id='word_1_64' title='bbox 1406 673 1451 698; x_wconf 88' lang='lat' dir='ltr'>ac</span> <span class='ocrx_word' id='word_1_65' title='bbox 1470 660 1633 713; x_wconf 85' lang='lat' dir='ltr'>denique</span> 
     </span>
     <span class='ocr_line' id='line_1_8' title="bbox 96 724 1633 782; baseline 0.001 -16"><span class='ocrx_word' id='word_1_66' title='bbox 96 741 164 782; x_wconf 91' lang='lat' dir='ltr'>per</span> <span class='ocrx_word' id='word_1_67' title='bbox 197 726 428 781; x_wconf 80' lang='lat' dir='ltr'>imperitiam</span> <span class='ocrx_word' id='word_1_68' title='bbox 456 724 726 779; x_wconf 81' lang='lat' dir='ltr'>inscitiamque</span> <span class='ocrx_word' id='word_1_69' title='bbox 754 739 862 765; x_wconf 90' lang='lat' dir='ltr'>snam</span> <span class='ocrx_word' id='word_1_70' title='bbox 902 725 966 765; x_wconf 86' lang='lat' dir='ltr'>tali</span> <span class='ocrx_word' id='word_1_71' title='bbox 995 726 1143 765; x_wconf 87' lang='lat' dir='ltr'>scelere</span> <span class='ocrx_word' id='word_1_72' title='bbox 1178 726 1339 766; x_wconf 78' lang='lat' dir='ltr'>exitium</span> <span class='ocrx_word' id='word_1_73' title='bbox 1366 727 1437 766; x_wconf 85' lang='lat' dir='ltr'>sibi</span> <span class='ocrx_word' id='word_1_74' title='bbox 1472 742 1517 767; x_wconf 89' lang='lat' dir='ltr'>ac</span> <span class='ocrx_word' id='word_1_75' title='bbox 1549 742 1633 782; x_wconf 87' lang='lat' dir='ltr'>per-</span> 
     </span>
     <span class='ocr_line' id='line_1_9' title="bbox 97 791 1636 849; baseline 0 -14"><span class='ocrx_word' id='word_1_76' title='bbox 97 794 237 835; x_wconf 88' lang='lat' dir='ltr'>niciem</span> <span class='ocrx_word' id='word_1_77' title='bbox 273 793 523 834; x_wconf 81' lang='lat' dir='ltr'>consciverit.</span> <span class='ocrx_word' id='word_1_78' title='bbox 588 791 645 833; x_wconf 88' lang='lat' dir='ltr'>lta</span> <span class='ocrx_word' id='word_1_79' title='bbox 676 793 790 833; x_wconf 88' lang='lat' dir='ltr'>etiam</span> <span class='ocrx_word' id='word_1_80' title='bbox 826 793 902 844; x_wconf 87' lang='lat' dir='ltr'>illi,</span> <span class='ocrx_word' id='word_1_81' title='bbox 948 808 1032 834; x_wconf 88' lang='lat' dir='ltr'>cum</span> <span class='ocrx_word' id='word_1_82' title='bbox 1068 794 1181 834; x_wconf 85' lang='lat' dir='ltr'>simul</span> <span class='ocrx_word' id='word_1_83' title='bbox 1216 794 1344 834; x_wconf 87' lang='lat' dir='ltr'>omnia</span> <span class='ocrx_word' id='word_1_84' title='bbox 1378 795 1636 849; x_wconf 86' lang='lat' dir='ltr'>permisceant</span> 
     </span>
     <span class='ocr_line' id='line_1_10' title="bbox 98 861 1635 917; baseline 0 -14"><span class='ocrx_word' id='word_1_85' title='bbox 98 863 274 904; x_wconf 90' lang='lat' dir='ltr'>omnibns</span> <span class='ocrx_word' id='word_1_86' title='bbox 298 863 553 913; x_wconf 79' lang='lat' dir='ltr'>exciderunt,</span> <span class='ocrx_word' id='word_1_87' title='bbox 588 876 750 916; x_wconf 75' lang='lat' dir='ltr'>ciunque</span> <span class='ocrx_word' id='word_1_88' title='bbox 774 861 929 901; x_wconf 79' lang='lat' dir='ltr'>divinae</span> <span class='ocrx_word' id='word_1_89' title='bbox 955 862 1179 917; x_wconf 89' lang='lat' dir='ltr'>disciplinae</span> <span class='ocrx_word' id='word_1_90' title='bbox 1208 870 1388 903; x_wconf 79' lang='lat' dir='ltr'>accurata</span> <span class='ocrx_word' id='word_1_91' title='bbox 1415 863 1635 916; x_wconf 82' lang='lat' dir='ltr'>cognitione</span> 
     </span>
     <span class='ocr_line' id='line_1_11' title="bbox 97 929 1637 981; baseline -0.001 -9"><span class='ocrx_word' id='word_1_92' title='bbox 97 938 271 981; x_wconf 81' lang='lat' dir='ltr'>careant,</span> <span class='ocrx_word' id='word_1_93' title='bbox 299 931 465 971; x_wconf 89' lang='lat' dir='ltr'>alienum</span> <span class='ocrx_word' id='word_1_94' title='bbox 490 930 527 970; x_wconf 93' lang='lat' dir='ltr'>in</span> <span class='ocrx_word' id='word_1_95' title='bbox 551 930 741 971; x_wconf 84' lang='lat' dir='ltr'>tramitem</span> <span class='ocrx_word' id='word_1_96' title='bbox 764 944 914 971; x_wconf 91' lang='lat' dir='ltr'>summo</span> <span class='ocrx_word' id='word_1_97' title='bbox 939 945 1072 971; x_wconf 88' lang='lat' dir='ltr'>errore</span> <span class='ocrx_word' id='word_1_98' title='bbox 1099 932 1358 971; x_wconf 76' lang='lat' dir='ltr'>deflexerunt.</span> <span class='ocrx_word' id='word_1_99' title='bbox 1403 929 1508 971; x_wconf 90' lang='lat' dir='ltr'>lstud</span> <span class='ocrx_word' id='word_1_100' title='bbox 1535 931 1637 971; x_wconf 89' lang='lat' dir='ltr'>enim</span> 
     </span>
     <span class='ocr_line' id='line_1_12' title="bbox 98 998 1637 1054; baseline -0.001 -15"><span class='ocrx_word' id='word_1_101' title='bbox 98 1013 338 1054; x_wconf 88' lang='lat' dir='ltr'>nequaqnam</span> <span class='ocrx_word' id='word_1_102' title='bbox 364 999 604 1048; x_wconf 86' lang='lat' dir='ltr'>discernunt,</span> <span class='ocrx_word' id='word_1_103' title='bbox 641 998 754 1039; x_wconf 91' lang='lat' dir='ltr'>talem</span> <span class='ocrx_word' id='word_1_104' title='bbox 782 1013 869 1039; x_wconf 84' lang='lat' dir='ltr'>esse</span> <span class='ocrx_word' id='word_1_105' title='bbox 894 999 1044 1053; x_wconf 80' lang='lat' dir='ltr'>qualem</span> <span class='ocrx_word' id='word_1_106' title='bbox 1070 999 1255 1050; x_wconf 82' lang='lat' dir='ltr'>diximus,</span> <span class='ocrx_word' id='word_1_107' title='bbox 1289 1000 1326 1039; x_wconf 91' lang='lat' dir='ltr'>iu</span> <span class='ocrx_word' id='word_1_108' title='bbox 1351 999 1554 1054; x_wconf 87' lang='lat' dir='ltr'>scripturis</span> <span class='ocrx_word' id='word_1_109' title='bbox 1576 1013 1637 1039; x_wconf 89' lang='lat' dir='ltr'>sa-</span> 
     </span>
     <span class='ocr_line' id='line_1_13' title="bbox 99 1067 986 1122; baseline 0 -14"><span class='ocrx_word' id='word_1_110' title='bbox 99 1069 176 1109; x_wconf 90' lang='lat' dir='ltr'>cris</span> <span class='ocrx_word' id='word_1_111' title='bbox 209 1069 359 1108; x_wconf 89' lang='lat' dir='ltr'>modum</span> <span class='ocrx_word' id='word_1_112' title='bbox 393 1083 437 1108; x_wconf 90' lang='lat' dir='ltr'>ac</span> <span class='ocrx_word' id='word_1_113' title='bbox 469 1067 658 1108; x_wconf 86' lang='lat' dir='ltr'>rationem</span> <span class='ocrx_word' id='word_1_114' title='bbox 691 1067 986 1122; x_wconf 89' lang='lat' dir='ltr'>praescriptam.</span> 
     </span>
    </p>

    <p class='ocr_par' dir='ltr' id='par_1_3' title="bbox 100 1135 1645 2152">
     <span class='ocr_line' id='line_1_14' title="bbox 213 1135 1637 1191; baseline -0.001 -14"><span class='ocrx_word' id='word_1_115' title='bbox 213 1135 256 1178; x_wconf 89' lang='lat' dir='ltr'>Si</span> <span class='ocrx_word' id='word_1_116' title='bbox 287 1136 437 1191; x_wconf 85' lang='lat' dir='ltr'>quidem</span> <span class='ocrx_word' id='word_1_117' title='bbox 464 1149 562 1190; x_wconf 81' lang='lat' dir='ltr'>quae.</span> <span class='ocrx_word' id='word_1_118' title='bbox 588 1136 807 1176; x_wconf 84' lang='lat' dir='ltr'>sacerdotio</span> <span class='ocrx_word' id='word_1_119' title='bbox 837 1143 995 1191; x_wconf 88' lang='lat' dir='ltr'>propter</span> <span class='ocrx_word' id='word_1_120' title='bbox 1025 1136 1260 1190; x_wconf 78' lang='lat' dir='ltr'>singularem</span> <span class='ocrx_word' id='word_1_121' title='bbox 1297 1136 1504 1177; x_wconf 83' lang='lat' dir='ltr'>functionis</span> <span class='ocrx_word' id='word_1_122' title='bbox 1537 1136 1637 1176; x_wconf 89' lang='lat' dir='ltr'>illius</span> 
     </span>
     <span class='ocr_line' id='line_1_15' title="bbox 100 1193 1639 1260; baseline -0.001 -14"><span class='ocrx_word' id='word_1_123' title='bbox 100 1206 323 1260; x_wconf 86' lang='lat' dir='ltr'>dignitatem</span> <span class='ocrx_word' id='word_1_124' title='bbox 357 1205 562 1260; x_wconf 84' lang='lat' dir='ltr'>praecipue</span> <span class='ocrx_word' id='word_1_125' title='bbox 598 1204 739 1245; x_wconf 87' lang='lat' dir='ltr'>tributa</span> <span class='ocrx_word' id='word_1_126' title='bbox 768 1193 886 1255; x_wconf 78' lang='lat' dir='ltr'>sunt,</span> <span class='ocrx_word' id='word_1_127' title='bbox 916 1219 959 1245; x_wconf 87' lang='lat' dir='ltr'>ea</span> <span class='ocrx_word' id='word_1_128' title='bbox 990 1205 1034 1245; x_wconf 90' lang='lat' dir='ltr'>ad</span> <span class='ocrx_word' id='word_1_129' title='bbox 1068 1219 1202 1245; x_wconf 86' lang='lat' dir='ltr'>omues</span> <span class='ocrx_word' id='word_1_130' title='bbox 1235 1206 1491 1245; x_wconf 86' lang='lat' dir='ltr'>communiter</span> <span class='ocrx_word' id='word_1_131' title='bbox 1521 1205 1639 1260; x_wconf 91' lang='lat' dir='ltr'>perti-</span> 
     </span>
     <span class='ocr_line' id='line_1_16' title="bbox 101 1271 1640 1328; baseline -0.002 -13"><span class='ocrx_word' id='word_1_132' title='bbox 101 1288 194 1315; x_wconf 88' lang='lat' dir='ltr'>nere</span> <span class='ocrx_word' id='word_1_133' title='bbox 225 1273 408 1314; x_wconf 88' lang='lat' dir='ltr'>iudicant.</span> <span class='ocrx_word' id='word_1_134' title='bbox 471 1271 566 1313; x_wconf 92' lang='lat' dir='ltr'>lllud</span> <span class='ocrx_word' id='word_1_135' title='bbox 598 1272 750 1327; x_wconf 87' lang='lat' dir='ltr'>quidem</span> <span class='ocrx_word' id='word_1_136' title='bbox 781 1274 1004 1314; x_wconf 84' lang='lat' dir='ltr'>audierunt:</span> <span class='ocrx_word' id='word_1_137' title='bbox 1049 1272 1281 1328; x_wconf 78' lang='lat' dir='ltr'>Episcopum</span> <span class='ocrx_word' id='word_1_138' title='bbox 1316 1272 1640 1328; x_wconf 86' lang='lat' dir='ltr'>irreprebensibi—</span> 
     </span>
     <span class='ocr_line' id='line_1_17' title="bbox 101 1341 1641 1397; baseline -0.001 -14"><span class='ocrx_word' id='word_1_139' title='bbox 101 1343 174 1383; x_wconf 87' lang='lat' dir='ltr'>lem</span> <span class='ocrx_word' id='word_1_140' title='bbox 201 1356 288 1383; x_wconf 82' lang='lat' dir='ltr'>esse</span> <span class='ocrx_word' id='word_1_141' title='bbox 318 1348 523 1397; x_wconf 83' lang='lat' dir='ltr'>oportere,</span> <span class='ocrx_word' id='word_1_142' title='bbox 565 1342 677 1382; x_wconf 91' lang='lat' dir='ltr'>unius</span> <span class='ocrx_word' id='word_1_143' title='bbox 713 1341 849 1382; x_wconf 80' lang='lat' dir='ltr'>uxoris</span> <span class='ocrx_word' id='word_1_144' title='bbox 877 1342 1024 1392; x_wconf 84' lang='lat' dir='ltr'>virum,</span> <span class='ocrx_word' id='word_1_145' title='bbox 1067 1342 1352 1393; x_wconf 87' lang='lat' dir='ltr'>continentem,</span> <span class='ocrx_word' id='word_1_146' title='bbox 1395 1342 1572 1382; x_wconf 90' lang='lat' dir='ltr'>similiter</span> <span class='ocrx_word' id='word_1_147' title='bbox 1603 1349 1641 1382; x_wconf 90' lang='lat' dir='ltr'>et</span> 
     </span>
     <span class='ocr_line' id='line_1_18' title="bbox 103 1408 1643 1465; baseline -0.001 -13"><span class='ocrx_word' id='word_1_148' title='bbox 103 1412 305 1452; x_wconf 88' lang='lat' dir='ltr'>diaconum</span> <span class='ocrx_word' id='word_1_149' title='bbox 328 1418 366 1450; x_wconf 86' lang='lat' dir='ltr'>et</span> <span class='ocrx_word' id='word_1_150' title='bbox 391 1410 679 1465; x_wconf 66' lang='lat' dir='ltr'>presbyterum.</span> <span class='ocrx_word' id='word_1_151' title='bbox 727 1408 784 1450; x_wconf 82' lang='lat' dir='ltr'>lta</span> <span class='ocrx_word' id='word_1_152' title='bbox 811 1411 910 1450; x_wconf 90' lang='lat' dir='ltr'>euim</span> <span class='ocrx_word' id='word_1_153' title='bbox 933 1412 1105 1464; x_wconf 74' lang='lat' dir='ltr'>prolecto</span> <span class='ocrx_word' id='word_1_154' title='bbox 1131 1424 1219 1450; x_wconf 84' lang='lat' dir='ltr'>sese</span> <span class='ocrx_word' id='word_1_155' title='bbox 1241 1424 1305 1451; x_wconf 89' lang='lat' dir='ltr'>res</span> <span class='ocrx_word' id='word_1_156' title='bbox 1330 1411 1459 1461; x_wconf 85' lang='lat' dir='ltr'>babet,</span> <span class='ocrx_word' id='word_1_157' title='bbox 1493 1418 1534 1451; x_wconf 86' lang='lat' dir='ltr'>ut</span> <span class='ocrx_word' id='word_1_158' title='bbox 1556 1417 1643 1465; x_wconf 91' lang='lat' dir='ltr'>post</span> 
     </span>
     <span class='ocr_line' id='line_1_19' title="bbox 104 1478 1642 1534; baseline -0.001 -14"><span class='ocrx_word' id='word_1_159' title='bbox 104 1478 250 1520; x_wconf 84' lang='lat' dir='ltr'>Christi</span> <span class='ocrx_word' id='word_1_160' title='bbox 276 1479 313 1518; x_wconf 91' lang='lat' dir='ltr'>iu</span> <span class='ocrx_word' id='word_1_161' title='bbox 341 1479 470 1519; x_wconf 91' lang='lat' dir='ltr'>orbem</span> <span class='ocrx_word' id='word_1_162' title='bbox 497 1486 688 1519; x_wconf 87' lang='lat' dir='ltr'>terrarum</span> <span class='ocrx_word' id='word_1_163' title='bbox 711 1479 934 1530; x_wconf 84' lang='lat' dir='ltr'>adveutum,</span> <span class='ocrx_word' id='word_1_164' title='bbox 971 1493 1037 1519; x_wconf 88' lang='lat' dir='ltr'>eos</span> <span class='ocrx_word' id='word_1_165' title='bbox 1060 1492 1194 1519; x_wconf 89' lang='lat' dir='ltr'>omnes</span> <span class='ocrx_word' id='word_1_166' title='bbox 1216 1479 1279 1532; x_wconf 87' lang='lat' dir='ltr'>qni</span> <span class='ocrx_word' id='word_1_167' title='bbox 1306 1480 1516 1519; x_wconf 87' lang='lat' dir='ltr'>secundnm</span> <span class='ocrx_word' id='word_1_168' title='bbox 1541 1480 1642 1534; x_wconf 92' lang='lat' dir='ltr'>prio-</span> 
     </span>
     <span class='ocr_line' id='line_1_20' title="bbox 104 1547 1643 1602; baseline -0.001 -14"><span class='ocrx_word' id='word_1_169' title='bbox 104 1562 168 1589; x_wconf 88' lang='lat' dir='ltr'>res</span> <span class='ocrx_word' id='word_1_170' title='bbox 197 1549 349 1602; x_wconf 88' lang='lat' dir='ltr'>nuptias</span> <span class='ocrx_word' id='word_1_171' title='bbox 374 1554 524 1587; x_wconf 85' lang='lat' dir='ltr'>mortua</span> <span class='ocrx_word' id='word_1_172' title='bbox 550 1561 674 1587; x_wconf 73' lang='lat' dir='ltr'>uxore</span> <span class='ocrx_word' id='word_1_173' title='bbox 699 1547 808 1587; x_wconf 87' lang='lat' dir='ltr'>alteri</span> <span class='ocrx_word' id='word_1_174' title='bbox 834 1561 921 1587; x_wconf 86' lang='lat' dir='ltr'>sese</span> <span class='ocrx_word' id='word_1_175' title='bbox 947 1547 1086 1602; x_wconf 89' lang='lat' dir='ltr'>nuptiis</span> <span class='ocrx_word' id='word_1_176' title='bbox 1110 1547 1295 1600; x_wconf 82' lang='lat' dir='ltr'>illigarint</span> <span class='ocrx_word' id='word_1_177' title='bbox 1317 1548 1560 1588; x_wconf 85' lang='lat' dir='ltr'>sanctissima</span> <span class='ocrx_word' id='word_1_178' title='bbox 1584 1548 1643 1587; x_wconf 90' lang='lat' dir='ltr'>dei</span> 
     </span>
     <span class='ocr_line' id='line_1_21' title="bbox 105 1615 1643 1670; baseline 0 -14"><span class='ocrx_word' id='word_1_179' title='bbox 105 1615 303 1670; x_wconf 75' lang='lat' dir='ltr'>disciplina</span> <span class='ocrx_word' id='word_1_180' title='bbox 338 1615 509 1665; x_wconf 85' lang='lat' dir='ltr'>reiiciat,</span> <span class='ocrx_word' id='word_1_181' title='bbox 552 1623 756 1669; x_wconf 86' lang='lat' dir='ltr'>propterea</span> <span class='ocrx_word' id='word_1_182' title='bbox 786 1616 883 1669; x_wconf 87' lang='lat' dir='ltr'>qnod</span> <span class='ocrx_word' id='word_1_183' title='bbox 919 1615 1156 1655; x_wconf 85' lang='lat' dir='ltr'>incredibilis</span> <span class='ocrx_word' id='word_1_184' title='bbox 1190 1622 1250 1655; x_wconf 89' lang='lat' dir='ltr'>est</span> <span class='ocrx_word' id='word_1_185' title='bbox 1277 1617 1484 1656; x_wconf 89' lang='lat' dir='ltr'>sacerdotii</span> <span class='ocrx_word' id='word_1_186' title='bbox 1520 1616 1643 1656; x_wconf 89' lang='lat' dir='ltr'>honor</span> 
     </span>
     <span class='ocr_line' id='line_1_22' title="bbox 104 1683 1641 1738; baseline -0.001 -13"><span class='ocrx_word' id='word_1_187' title='bbox 104 1699 149 1725; x_wconf 84' lang='lat' dir='ltr'>ac</span> <span class='ocrx_word' id='word_1_188' title='bbox 174 1684 354 1737; x_wconf 84' lang='lat' dir='ltr'>dignitas.</span> <span class='ocrx_word' id='word_1_189' title='bbox 418 1684 548 1737; x_wconf 82' lang='lat' dir='ltr'>Atque</span> <span class='ocrx_word' id='word_1_190' title='bbox 578 1684 677 1723; x_wconf 89' lang='lat' dir='ltr'>istud</span> <span class='ocrx_word' id='word_1_191' title='bbox 707 1683 828 1738; x_wconf 92' lang='lat' dir='ltr'>ipsum</span> <span class='ocrx_word' id='word_1_192' title='bbox 853 1690 1102 1724; x_wconf 85' lang='lat' dir='ltr'>sacrosancta</span> <span class='ocrx_word' id='word_1_193' title='bbox 1130 1684 1189 1723; x_wconf 89' lang='lat' dir='ltr'>dei</span> <span class='ocrx_word' id='word_1_194' title='bbox 1224 1684 1389 1725; x_wconf 78' lang='lat' dir='ltr'>ecclesia</span> <span class='ocrx_word' id='word_1_195' title='bbox 1421 1699 1505 1725; x_wconf 90' lang='lat' dir='ltr'>cum</span> <span class='ocrx_word' id='word_1_196' title='bbox 1539 1684 1641 1725; x_wconf 90' lang='lat' dir='ltr'>omni</span> 
     </span>
     <span class='ocr_line' id='line_1_23' title="bbox 104 1750 1642 1808; baseline 0 -16"><span class='ocrx_word' id='word_1_197' title='bbox 104 1752 329 1808; x_wconf 83' lang='lat' dir='ltr'>provisione</span> <span class='ocrx_word' id='word_1_198' title='bbox 362 1751 635 1806; x_wconf 81' lang='lat' dir='ltr'>diligentiaque</span> <span class='ocrx_word' id='word_1_199' title='bbox 668 1760 816 1792; x_wconf 82' lang='lat' dir='ltr'>servat.</span> <span class='ocrx_word' id='word_1_200' title='bbox 881 1750 983 1805; x_wconf 80' lang='lat' dir='ltr'>Quin</span> <span class='ocrx_word' id='word_1_201' title='bbox 1016 1766 1100 1792; x_wconf 89' lang='lat' dir='ltr'>eum</span> <span class='ocrx_word' id='word_1_202' title='bbox 1134 1752 1314 1807; x_wconf 90' lang='lat' dir='ltr'>insuper,</span> <span class='ocrx_word' id='word_1_203' title='bbox 1356 1753 1417 1806; x_wconf 80' lang='lat' dir='ltr'>qni</span> <span class='ocrx_word' id='word_1_204' title='bbox 1450 1753 1573 1793; x_wconf 84' lang='lat' dir='ltr'>adbuc</span> <span class='ocrx_word' id='word_1_205' title='bbox 1604 1753 1642 1792; x_wconf 92' lang='lat' dir='ltr'>in</span> 
     </span>
     <span class='ocr_line' id='line_1_24' title="bbox 106 1820 1640 1875; baseline 0 -14"><span class='ocrx_word' id='word_1_206' title='bbox 106 1821 352 1861; x_wconf 88' lang='lat' dir='ltr'>matrimonio</span> <span class='ocrx_word' id='word_1_207' title='bbox 376 1820 480 1874; x_wconf 81' lang='lat' dir='ltr'>degit</span> <span class='ocrx_word' id='word_1_208' title='bbox 504 1835 547 1860; x_wconf 85' lang='lat' dir='ltr'>ac</span> <span class='ocrx_word' id='word_1_209' title='bbox 571 1820 702 1860; x_wconf 89' lang='lat' dir='ltr'>liberis</span> <span class='ocrx_word' id='word_1_210' title='bbox 727 1821 789 1860; x_wconf 87' lang='lat' dir='ltr'>dat</span> <span class='ocrx_word' id='word_1_211' title='bbox 812 1835 983 1875; x_wconf 85' lang='lat' dir='ltr'>operam,</span> <span class='ocrx_word' id='word_1_212' title='bbox 1019 1820 1172 1860; x_wconf 89' lang='lat' dir='ltr'>tametsi</span> <span class='ocrx_word' id='word_1_213' title='bbox 1197 1821 1310 1861; x_wconf 89' lang='lat' dir='ltr'>unius</span> <span class='ocrx_word' id='word_1_214' title='bbox 1332 1821 1382 1861; x_wconf 89' lang='lat' dir='ltr'>sit</span> <span class='ocrx_word' id='word_1_215' title='bbox 1405 1820 1542 1861; x_wconf 85' lang='lat' dir='ltr'>uxoris</span> <span class='ocrx_word' id='word_1_216' title='bbox 1566 1821 1640 1871; x_wconf 87' lang='lat' dir='ltr'>vir,</span> 
     </span>
     <span class='ocr_line' id='line_1_25' title="bbox 109 1889 1645 1945; baseline -0.001 -14"><span class='ocrx_word' id='word_1_217' title='bbox 109 1904 352 1944; x_wconf 83' lang='lat' dir='ltr'>nequaquam</span> <span class='ocrx_word' id='word_1_218' title='bbox 381 1897 507 1930; x_wconf 82' lang='lat' dir='ltr'>tamen</span> <span class='ocrx_word' id='word_1_219' title='bbox 537 1889 581 1928; x_wconf 87' lang='lat' dir='ltr'>ad</span> <span class='ocrx_word' id='word_1_220' title='bbox 607 1889 781 1940; x_wconf 85' lang='lat' dir='ltr'>diaconi,</span> <span class='ocrx_word' id='word_1_221' title='bbox 816 1889 1055 1944; x_wconf 65' lang='lat' dir='ltr'>presbyteri,</span> <span class='ocrx_word' id='word_1_222' title='bbox 1091 1889 1258 1944; x_wconf 85' lang='lat' dir='ltr'>episcopi</span> <span class='ocrx_word' id='word_1_223' title='bbox 1293 1896 1355 1929; x_wconf 87' lang='lat' dir='ltr'>aut</span> <span class='ocrx_word' id='word_1_224' title='bbox 1390 1889 1645 1945; x_wconf 77' lang='lat' dir='ltr'>hypodiaconi</span> 
     </span>
     <span class='ocr_line' id='line_1_26' title="bbox 109 1957 1645 2011; baseline -0.001 -12"><span class='ocrx_word' id='word_1_225' title='bbox 109 1959 283 1999; x_wconf 90' lang='lat' dir='ltr'>ordinem</span> <span class='ocrx_word' id='word_1_226' title='bbox 316 1957 503 2008; x_wconf 86' lang='lat' dir='ltr'>admittit,</span> <span class='ocrx_word' id='word_1_227' title='bbox 539 1958 604 1997; x_wconf 90' lang='lat' dir='ltr'>sed</span> <span class='ocrx_word' id='word_1_228' title='bbox 632 1972 716 1998; x_wconf 87' lang='lat' dir='ltr'>eum</span> <span class='ocrx_word' id='word_1_229' title='bbox 750 1958 936 1997; x_wconf 79' lang='lat' dir='ltr'>duntaxat</span> <span class='ocrx_word' id='word_1_230' title='bbox 969 1957 1030 2011; x_wconf 88' lang='lat' dir='ltr'>qni</span> <span class='ocrx_word' id='word_1_231' title='bbox 1057 1957 1102 1997; x_wconf 92' lang='lat' dir='ltr'>ab</span> <span class='ocrx_word' id='word_1_232' title='bbox 1129 1958 1242 1998; x_wconf 82' lang='lat' dir='ltr'>unius</span> <span class='ocrx_word' id='word_1_233' title='bbox 1275 1957 1412 1998; x_wconf 82' lang='lat' dir='ltr'>uxoris</span> <span class='ocrx_word' id='word_1_234' title='bbox 1437 1965 1645 1999; x_wconf 89' lang='lat' dir='ltr'>consuetu-</span> 
     </span>
     <span class='ocr_line' id='line_1_27' title="bbox 108 2025 1643 2082; baseline -0.001 -14"><span class='ocrx_word' id='word_1_235' title='bbox 108 2028 196 2068; x_wconf 92' lang='lat' dir='ltr'>dine</span> <span class='ocrx_word' id='word_1_236' title='bbox 222 2041 310 2068; x_wconf 88' lang='lat' dir='ltr'>sese</span> <span class='ocrx_word' id='word_1_237' title='bbox 334 2027 594 2076; x_wconf 87' lang='lat' dir='ltr'>continuerit,</span> <span class='ocrx_word' id='word_1_238' title='bbox 628 2033 695 2066; x_wconf 90' lang='lat' dir='ltr'>aut</span> <span class='ocrx_word' id='word_1_239' title='bbox 720 2040 764 2066; x_wconf 87' lang='lat' dir='ltr'>ea</span> <span class='ocrx_word' id='word_1_240' title='bbox 792 2026 841 2066; x_wconf 91' lang='lat' dir='ltr'>sit</span> <span class='ocrx_word' id='word_1_241' title='bbox 863 2026 1044 2077; x_wconf 79' lang='lat' dir='ltr'>orbatu83</span> <span class='ocrx_word' id='word_1_242' title='bbox 1078 2026 1177 2080; x_wconf 90' lang='lat' dir='ltr'>quod</span> <span class='ocrx_word' id='word_1_243' title='bbox 1207 2025 1245 2066; x_wconf 89' lang='lat' dir='ltr'>in</span> <span class='ocrx_word' id='word_1_244' title='bbox 1276 2025 1350 2067; x_wconf 91' lang='lat' dir='ltr'>illis</span> <span class='ocrx_word' id='word_1_245' title='bbox 1375 2026 1472 2068; x_wconf 86' lang='lat' dir='ltr'>locis</span> <span class='ocrx_word' id='word_1_246' title='bbox 1494 2026 1643 2082; x_wconf 83' lang='lat' dir='ltr'>praeci-</span> 
     </span>
     <span class='ocr_line' id='line_1_28' title="bbox 109 2095 1325 2152; baseline -0.001 -15"><span class='ocrx_word' id='word_1_247' title='bbox 109 2110 181 2152; x_wconf 87' lang='lat' dir='ltr'>pue</span> <span class='ocrx_word' id='word_1_248' title='bbox 213 2096 274 2147; x_wconf 84' lang='lat' dir='ltr'>fit,</span> <span class='ocrx_word' id='word_1_249' title='bbox 309 2095 372 2136; x_wconf 91' lang='lat' dir='ltr'>ubi</span> <span class='ocrx_word' id='word_1_250' title='bbox 404 2095 657 2135; x_wconf 83' lang='lat' dir='ltr'>ecclesiastici</span> <span class='ocrx_word' id='word_1_251' title='bbox 690 2108 859 2135; x_wconf 86' lang='lat' dir='ltr'>canones</span> <span class='ocrx_word' id='word_1_252' title='bbox 891 2102 1070 2135; x_wconf 85' lang='lat' dir='ltr'>accurate</span> <span class='ocrx_word' id='word_1_253' title='bbox 1102 2103 1325 2136; x_wconf 80' lang='lat' dir='ltr'>servantur.</span> 
     </span>
    </p>

    <p class='ocr_par' dir='ltr' id='par_1_4' title="bbox 109 2163 1645 3042">
     <span class='ocr_line' id='line_1_29' title="bbox 222 2163 1643 2219; baseline -0.001 -14"><span class='ocrx_word' id='word_1_254' title='bbox 222 2164 378 2205; x_wconf 88' lang='lat' dir='ltr'>Atenim</span> <span class='ocrx_word' id='word_1_255' title='bbox 405 2163 599 2204; x_wconf 85' lang='lat' dir='ltr'>nonnullis</span> <span class='ocrx_word' id='word_1_256' title='bbox 631 2163 753 2203; x_wconf 85' lang='lat' dir='ltr'>adbuc</span> <span class='ocrx_word' id='word_1_257' title='bbox 787 2163 823 2203; x_wconf 88' lang='lat' dir='ltr'>in</span> <span class='ocrx_word' id='word_1_258' title='bbox 859 2163 954 2203; x_wconf 90' lang='lat' dir='ltr'>locis</span> <span class='ocrx_word' id='word_1_259' title='bbox 984 2163 1228 2219; x_wconf 85' lang='lat' dir='ltr'>presbyteri,</span> <span class='ocrx_word' id='word_1_260' title='bbox 1272 2164 1421 2205; x_wconf 89' lang='lat' dir='ltr'>diaconi</span> <span class='ocrx_word' id='word_1_261' title='bbox 1454 2171 1491 2204; x_wconf 89' lang='lat' dir='ltr'>et</span> <span class='ocrx_word' id='word_1_262' title='bbox 1524 2163 1643 2219; x_wconf 83' lang='lat' dir='ltr'>hypo-</span> 
     </span>
     <span class='ocr_line' id='line_1_30' title="bbox 109 2230 1643 2286; baseline -0.001 -12"><span class='ocrx_word' id='word_1_263' title='bbox 109 2233 256 2274; x_wconf 89' lang='lat' dir='ltr'>diaconi</span> <span class='ocrx_word' id='word_1_264' title='bbox 281 2233 424 2273; x_wconf 88' lang='lat' dir='ltr'>liberos</span> <span class='ocrx_word' id='word_1_265' title='bbox 447 2231 676 2286; x_wconf 78' lang='lat' dir='ltr'>suscipiunt.</span> <span class='ocrx_word' id='word_1_266' title='bbox 739 2230 999 2286; x_wconf 87' lang='lat' dir='ltr'>Respondeo,</span> <span class='ocrx_word' id='word_1_267' title='bbox 1035 2247 1110 2272; x_wconf 93' lang='lat' dir='ltr'>non</span> <span class='ocrx_word' id='word_1_268' title='bbox 1140 2233 1229 2273; x_wconf 90' lang='lat' dir='ltr'>illud</span> <span class='ocrx_word' id='word_1_269' title='bbox 1251 2247 1302 2273; x_wconf 81' lang='lat' dir='ltr'>ex</span> <span class='ocrx_word' id='word_1_270' title='bbox 1326 2233 1487 2274; x_wconf 86' lang='lat' dir='ltr'>canonis</span> <span class='ocrx_word' id='word_1_271' title='bbox 1510 2239 1643 2273; x_wconf 89' lang='lat' dir='ltr'>aucto—</span> 
     </span>
     <span class='ocr_line' id='line_1_31' title="bbox 109 2300 1644 2356; baseline -0.001 -13"><span class='ocrx_word' id='word_1_272' title='bbox 109 2303 222 2343; x_wconf 86' lang='lat' dir='ltr'>ritate</span> <span class='ocrx_word' id='word_1_273' title='bbox 246 2301 352 2351; x_wconf 85' lang='lat' dir='ltr'>fieri,</span> <span class='ocrx_word' id='word_1_274' title='bbox 386 2301 452 2341; x_wconf 90' lang='lat' dir='ltr'>sed</span> <span class='ocrx_word' id='word_1_275' title='bbox 478 2306 635 2355; x_wconf 86' lang='lat' dir='ltr'>propter</span> <span class='ocrx_word' id='word_1_276' title='bbox 659 2300 850 2340; x_wconf 85' lang='lat' dir='ltr'>bominum</span> <span class='ocrx_word' id='word_1_277' title='bbox 880 2300 1096 2354; x_wconf 84' lang='lat' dir='ltr'>ignaviam,</span> <span class='ocrx_word' id='word_1_278' title='bbox 1130 2316 1228 2355; x_wconf 88' lang='lat' dir='ltr'>quae</span> <span class='ocrx_word' id='word_1_279' title='bbox 1260 2302 1376 2342; x_wconf 86' lang='lat' dir='ltr'>certis</span> <span class='ocrx_word' id='word_1_280' title='bbox 1409 2302 1644 2356; x_wconf 90' lang='lat' dir='ltr'>temporibus</span> 
     </span>
     <span class='ocr_line' id='line_1_32' title="bbox 110 2369 1644 2426; baseline -0.001 -15"><span class='ocrx_word' id='word_1_281' title='bbox 110 2371 355 2426; x_wconf 84' lang='lat' dir='ltr'>negligenter</span> <span class='ocrx_word' id='word_1_282' title='bbox 387 2383 504 2424; x_wconf 88' lang='lat' dir='ltr'>agere</span> <span class='ocrx_word' id='word_1_283' title='bbox 538 2383 581 2408; x_wconf 87' lang='lat' dir='ltr'>ac</span> <span class='ocrx_word' id='word_1_284' title='bbox 613 2369 824 2409; x_wconf 83' lang='lat' dir='ltr'>connivere</span> <span class='ocrx_word' id='word_1_285' title='bbox 851 2369 970 2419; x_wconf 89' lang='lat' dir='ltr'>solet,</span> <span class='ocrx_word' id='word_1_286' title='bbox 1014 2369 1061 2410; x_wconf 92' lang='lat' dir='ltr'>ob</span> <span class='ocrx_word' id='word_1_287' title='bbox 1090 2369 1245 2410; x_wconf 89' lang='lat' dir='ltr'>nimiam</span> <span class='ocrx_word' id='word_1_288' title='bbox 1278 2370 1404 2425; x_wconf 87' lang='lat' dir='ltr'>populi</span> <span class='ocrx_word' id='word_1_289' title='bbox 1435 2370 1644 2410; x_wconf 86' lang='lat' dir='ltr'>multitudi-</span> 
     </span>
     <span class='ocr_line' id='line_1_33' title="bbox 110 2438 1645 2493; baseline -0.001 -13"><span class='ocrx_word' id='word_1_290' title='bbox 110 2455 223 2490; x_wconf 79' lang='lat' dir='ltr'>nem3</span> <span class='ocrx_word' id='word_1_291' title='bbox 257 2453 341 2479; x_wconf 89' lang='lat' dir='ltr'>cum</span> <span class='ocrx_word' id='word_1_292' title='bbox 368 2438 519 2478; x_wconf 86' lang='lat' dir='ltr'>scilicet</span> <span class='ocrx_word' id='word_1_293' title='bbox 541 2438 601 2491; x_wconf 89' lang='lat' dir='ltr'>qui</span> <span class='ocrx_word' id='word_1_294' title='bbox 627 2438 672 2477; x_wconf 89' lang='lat' dir='ltr'>ad</span> <span class='ocrx_word' id='word_1_295' title='bbox 701 2452 765 2478; x_wconf 88' lang='lat' dir='ltr'>eas</span> <span class='ocrx_word' id='word_1_296' title='bbox 791 2452 833 2478; x_wconf 91' lang='lat' dir='ltr'>se</span> <span class='ocrx_word' id='word_1_297' title='bbox 861 2439 1078 2478; x_wconf 73' lang='lat' dir='ltr'>functiones</span> <span class='ocrx_word' id='word_1_298' title='bbox 1111 2438 1303 2493; x_wconf 89' lang='lat' dir='ltr'>applicent</span> <span class='ocrx_word' id='word_1_299' title='bbox 1336 2453 1412 2478; x_wconf 92' lang='lat' dir='ltr'>non</span> <span class='ocrx_word' id='word_1_300' title='bbox 1442 2438 1551 2478; x_wconf 82' lang='lat' dir='ltr'>facile</span> <span class='ocrx_word' id='word_1_301' title='bbox 1583 2452 1645 2479; x_wconf 89' lang='lat' dir='ltr'>re-</span> 
     </span>
     <span class='ocr_line' id='line_1_34' title="bbox 112 2503 1645 2564; baseline -0.002 -14"><span class='ocrx_word' id='word_1_302' title='bbox 112 2509 326 2564; x_wconf 88' lang='lat' dir='ltr'>periuntur.</span> <span class='ocrx_word' id='word_1_303' title='bbox 391 2503 503 2559; x_wconf 82' lang='lat' dir='ltr'>Quod</span> <span class='ocrx_word' id='word_1_304' title='bbox 532 2507 577 2546; x_wconf 84' lang='lat' dir='ltr'>ad</span> <span class='ocrx_word' id='word_1_305' title='bbox 612 2507 730 2561; x_wconf 86' lang='lat' dir='ltr'>ipsam</span> <span class='ocrx_word' id='word_1_306' title='bbox 756 2507 905 2560; x_wconf 88' lang='lat' dir='ltr'>quidem</span> <span class='ocrx_word' id='word_1_307' title='bbox 929 2507 1131 2547; x_wconf 87' lang='lat' dir='ltr'>ecclesiam</span> <span class='ocrx_word' id='word_1_308' title='bbox 1163 2507 1322 2557; x_wconf 89' lang='lat' dir='ltr'>attinet,</span> <span class='ocrx_word' id='word_1_309' title='bbox 1357 2520 1425 2556; x_wconf 89' lang='lat' dir='ltr'>ea,</span> <span class='ocrx_word' id='word_1_310' title='bbox 1461 2513 1592 2561; x_wconf 87' lang='lat' dir='ltr'>utpote</span> <span class='ocrx_word' id='word_1_311' title='bbox 1623 2521 1645 2547; x_wconf 89' lang='lat' dir='ltr'>a</span> 
     </span>
     <span class='ocr_line' id='line_1_35' title="bbox 111 2574 1645 2631; baseline -0.002 -13"><span class='ocrx_word' id='word_1_312' title='bbox 111 2584 246 2618; x_wconf 86' lang='lat' dir='ltr'>sancto</span> <span class='ocrx_word' id='word_1_313' title='bbox 280 2575 417 2631; x_wconf 89' lang='lat' dir='ltr'>spiritu</span> <span class='ocrx_word' id='word_1_314' title='bbox 456 2575 553 2614; x_wconf 89' lang='lat' dir='ltr'>bene</span> <span class='ocrx_word' id='word_1_315' title='bbox 590 2574 765 2615; x_wconf 84' lang='lat' dir='ltr'>ordinata</span> <span class='ocrx_word' id='word_1_316' title='bbox 798 2582 912 2630; x_wconf 88' lang='lat' dir='ltr'>atque</span> <span class='ocrx_word' id='word_1_317' title='bbox 949 2575 1180 2625; x_wconf 87' lang='lat' dir='ltr'>constituta,</span> <span class='ocrx_word' id='word_1_318' title='bbox 1224 2576 1320 2629; x_wconf 90' lang='lat' dir='ltr'>quod</span> <span class='ocrx_word' id='word_1_319' title='bbox 1355 2575 1555 2615; x_wconf 90' lang='lat' dir='ltr'>decentius</span> <span class='ocrx_word' id='word_1_320' title='bbox 1586 2582 1645 2616; x_wconf 86' lang='lat' dir='ltr'>est</span> 
     </span>
     <span class='ocr_line' id='line_1_36' title="bbox 113 2642 1641 2697; baseline -0.001 -11"><span class='ocrx_word' id='word_1_321' title='bbox 113 2645 290 2687; x_wconf 89' lang='lat' dir='ltr'>omnibus</span> <span class='ocrx_word' id='word_1_322' title='bbox 322 2645 360 2684; x_wconf 88' lang='lat' dir='ltr'>in</span> <span class='ocrx_word' id='word_1_323' title='bbox 393 2643 508 2684; x_wconf 86' lang='lat' dir='ltr'>rebus</span> <span class='ocrx_word' id='word_1_324' title='bbox 541 2643 816 2694; x_wconf 82' lang='lat' dir='ltr'>considerans,</span> <span class='ocrx_word' id='word_1_325' title='bbox 851 2644 885 2684; x_wconf 89' lang='lat' dir='ltr'>ei</span> <span class='ocrx_word' id='word_1_326' title='bbox 915 2644 968 2684; x_wconf 88' lang='lat' dir='ltr'>rei</span> <span class='ocrx_word' id='word_1_327' title='bbox 1004 2645 1160 2684; x_wconf 91' lang='lat' dir='ltr'>studere</span> <span class='ocrx_word' id='word_1_328' title='bbox 1189 2642 1427 2697; x_wconf 87' lang='lat' dir='ltr'>potissimum</span> <span class='ocrx_word' id='word_1_329' title='bbox 1460 2644 1641 2695; x_wconf 88' lang='lat' dir='ltr'>instituit,</span> 
     </span>
     <span class='ocr_line' id='line_1_37' title="bbox 113 2712 1643 2768; baseline -0.001 -13"><span class='ocrx_word' id='word_1_330' title='bbox 113 2722 153 2755; x_wconf 89' lang='lat' dir='ltr'>ut</span> <span class='ocrx_word' id='word_1_331' title='bbox 176 2727 273 2768; x_wconf 85' lang='lat' dir='ltr'>quae</span> <span class='ocrx_word' id='word_1_332' title='bbox 303 2712 433 2752; x_wconf 83' lang='lat' dir='ltr'>divino</span> <span class='ocrx_word' id='word_1_333' title='bbox 458 2712 602 2752; x_wconf 89' lang='lat' dir='ltr'>numini</span> <span class='ocrx_word' id='word_1_334' title='bbox 636 2712 847 2752; x_wconf 86' lang='lat' dir='ltr'>ministeria</span> <span class='ocrx_word' id='word_1_335' title='bbox 875 2719 1143 2766; x_wconf 86' lang='lat' dir='ltr'>praestantur,</span> <span class='ocrx_word' id='word_1_336' title='bbox 1177 2712 1278 2751; x_wconf 87' lang='lat' dir='ltr'>nulla</span> <span class='ocrx_word' id='word_1_337' title='bbox 1305 2724 1370 2761; x_wconf 85' lang='lat' dir='ltr'>re,</span> <span class='ocrx_word' id='word_1_338' title='bbox 1405 2713 1529 2765; x_wconf 87' lang='lat' dir='ltr'>quoad</span> <span class='ocrx_word' id='word_1_339' title='bbox 1563 2713 1643 2753; x_wconf 87' lang='lat' dir='ltr'>[ieri</span> 
     </span>
     <span class='ocr_line' id='line_1_38' title="bbox 116 2779 1643 2837; baseline -0.001 -14"><span class='ocrx_word' id='word_1_340' title='bbox 116 2789 263 2837; x_wconf 85' lang='lat' dir='ltr'>potest,</span> <span class='ocrx_word' id='word_1_341' title='bbox 309 2780 592 2830; x_wconf 84' lang='lat' dir='ltr'>distrabantur,</span> <span class='ocrx_word' id='word_1_342' title='bbox 638 2780 767 2834; x_wconf 88' lang='lat' dir='ltr'>utique</span> <span class='ocrx_word' id='word_1_343' title='bbox 801 2781 989 2836; x_wconf 84' lang='lat' dir='ltr'>spiritalia</span> <span class='ocrx_word' id='word_1_344' title='bbox 1025 2780 1150 2820; x_wconf 89' lang='lat' dir='ltr'>omnia</span> <span class='ocrx_word' id='word_1_345' title='bbox 1190 2779 1310 2818; x_wconf 86' lang='lat' dir='ltr'>ollicia</span> <span class='ocrx_word' id='word_1_346' title='bbox 1350 2794 1461 2833; x_wconf 87' lang='lat' dir='ltr'>quam</span> <span class='ocrx_word' id='word_1_347' title='bbox 1501 2780 1643 2836; x_wconf 84' lang='lat' dir='ltr'>optima</span> 
     </span>
     <span class='ocr_line' id='line_1_39' title="bbox 115 2847 1643 2904; baseline -0.001 -13"><span class='ocrx_word' id='word_1_348' title='bbox 115 2851 403 2904; x_wconf 84' lang='lat' dir='ltr'>laetissimaque</span> <span class='ocrx_word' id='word_1_349' title='bbox 427 2849 663 2890; x_wconf 87' lang='lat' dir='ltr'>conscientia</span> <span class='ocrx_word' id='word_1_350' title='bbox 687 2857 887 2904; x_wconf 86' lang='lat' dir='ltr'>gerantur.</span> <span class='ocrx_word' id='word_1_351' title='bbox 951 2848 1036 2888; x_wconf 87' lang='lat' dir='ltr'>Hoc</span> <span class='ocrx_word' id='word_1_352' title='bbox 1065 2848 1180 2901; x_wconf 85' lang='lat' dir='ltr'>igitur</span> <span class='ocrx_word' id='word_1_353' title='bbox 1205 2847 1289 2887; x_wconf 87' lang='lat' dir='ltr'>dico</span> <span class='ocrx_word' id='word_1_354' title='bbox 1316 2856 1473 2903; x_wconf 87' lang='lat' dir='ltr'>propter</span> <span class='ocrx_word' id='word_1_355' title='bbox 1497 2849 1643 2890; x_wconf 87' lang='lat' dir='ltr'>subitas</span> 
     </span>
     <span class='ocr_line' id='line_1_40' title="bbox 118 2915 1644 2973; baseline -0.001 -15"><span class='ocrx_word' id='word_1_356' title='bbox 118 2919 335 2959; x_wconf 79' lang='lat' dir='ltr'>functiones</span> <span class='ocrx_word' id='word_1_357' title='bbox 362 2925 476 2973; x_wconf 85' lang='lat' dir='ltr'>atque</span> <span class='ocrx_word' id='word_1_358' title='bbox 503 2918 624 2959; x_wconf 88' lang='lat' dir='ltr'>officia</span> <span class='ocrx_word' id='word_1_359' title='bbox 648 2918 882 2969; x_wconf 86' lang='lat' dir='ltr'>convenire,</span> <span class='ocrx_word' id='word_1_360' title='bbox 916 2925 956 2957; x_wconf 87' lang='lat' dir='ltr'>ut</span> <span class='ocrx_word' id='word_1_361' title='bbox 979 2916 1181 2970; x_wconf 77' lang='lat' dir='ltr'>presbyter</span> <span class='ocrx_word' id='word_1_362' title='bbox 1200 2930 1245 2955; x_wconf 84' lang='lat' dir='ltr'>ac</span> <span class='ocrx_word' id='word_1_363' title='bbox 1268 2915 1469 2968; x_wconf 85' lang='lat' dir='ltr'>diaconus,</span> <span class='ocrx_word' id='word_1_364' title='bbox 1504 2925 1541 2958; x_wconf 87' lang='lat' dir='ltr'>et</span> <span class='ocrx_word' id='word_1_365' title='bbox 1565 2917 1644 2972; x_wconf 88' lang='lat' dir='ltr'>epi-</span> 
     </span>
     <span class='ocr_line' id='line_1_41' title="bbox 118 2983 1643 3042; baseline -0.001 -16"><span class='ocrx_word' id='word_1_366' title='bbox 118 3000 256 3041; x_wconf 80' lang='lat' dir='ltr'>scopus</span> <span class='ocrx_word' id='word_1_367' title='bbox 280 2988 351 3027; x_wconf 88' lang='lat' dir='ltr'>deo</span> <span class='ocrx_word' id='word_1_368' title='bbox 375 2987 526 3042; x_wconf 89' lang='lat' dir='ltr'>penitus</span> <span class='ocrx_word' id='word_1_369' title='bbox 549 2994 676 3027; x_wconf 86' lang='lat' dir='ltr'>vacet.</span> <span class='ocrx_word' id='word_1_370' title='bbox 739 2985 839 3026; x_wconf 89' lang='lat' dir='ltr'>Nam</span> <span class='ocrx_word' id='word_1_371' title='bbox 872 2986 903 3025; x_wconf 91' lang='lat' dir='ltr'>si</span> <span class='ocrx_word' id='word_1_372' title='bbox 934 2984 1008 3024; x_wconf 89' lang='lat' dir='ltr'>illis</span> <span class='ocrx_word' id='word_1_373' title='bbox 1039 2983 1153 3024; x_wconf 89' lang='lat' dir='ltr'>etiam</span> <span class='ocrx_word' id='word_1_374' title='bbox 1186 2985 1247 3038; x_wconf 90' lang='lat' dir='ltr'>qui</span> <span class='ocrx_word' id='word_1_375' title='bbox 1275 2999 1296 3026; x_wconf 89' lang='lat' dir='ltr'>e</span> <span class='ocrx_word' id='word_1_376' title='bbox 1327 2986 1465 3041; x_wconf 90' lang='lat' dir='ltr'>populo</span> <span class='ocrx_word' id='word_1_377' title='bbox 1492 2993 1579 3025; x_wconf 88' lang='lat' dir='ltr'>sunt</span> <span class='ocrx_word' id='word_1_378' title='bbox 1608 2985 1643 3025; x_wconf 90' lang='lat' dir='ltr'>id</span> 
     </span>
    </p>
   </div>
   <div class='ocr_carea' id='block_1_3' title="bbox 1665 1137 1820 1181">
    <p class='ocr_par' dir='ltr' id='par_1_5' title="bbox 1665 1137 1820 1181">
     <span class='ocr_line' id='line_1_42' title="bbox 1665 1137 1820 1181; baseline 0 -12"><span class='ocrx_word' id='word_1_379' title='bbox 1665 1137 1743 1181; x_wconf 82' lang='lat' dir='ltr'>Cap.</span> <span class='ocrx_word' id='word_1_380' title='bbox 1765 1137 1820 1170; x_wconf 82' lang='lat' dir='ltr'>IV.</span> 
     </span>
    </p>
   </div>
   <div class='ocr_carea' id='block_1_4' title="bbox 1660 1278 1842 1312">
    <p class='ocr_par' dir='ltr' id='par_1_6' title="bbox 1660 1278 1842 1312">
     <span class='ocr_line' id='line_1_43' title="bbox 1660 1278 1842 1312; baseline -0.005 -7"><span class='ocrx_word' id='word_1_381' title='bbox 1660 1278 1682 1306; x_wconf 90' lang='lat'>1.</span> <span class='ocrx_word' id='word_1_382' title='bbox 1694 1278 1770 1305; x_wconf 75' lang='lat' dir='ltr'>Tim.</span> <span class='ocrx_word' id='word_1_383' title='bbox 1781 1278 1807 1312; x_wconf 79' lang='lat'>3,</span> <span class='ocrx_word' id='word_1_384' title='bbox 1818 1279 1842 1305; x_wconf 83' lang='lat'>2.</span> 
     </span>
    </p>
   </div>
   <div class='ocr_carea' id='block_1_5' title="bbox 120 3053 1844 3110">
    <p class='ocr_par' dir='ltr' id='par_1_7' title="bbox 120 3053 1844 3110">
     <span class='ocr_line' id='line_1_44' title="bbox 120 3053 1844 3110; baseline -0.003 -17"><span class='ocrx_word' id='word_1_385' title='bbox 120 3055 239 3107; x_wconf 86' lang='lat' dir='ltr'>ipsum</span> <span class='ocrx_word' id='word_1_386' title='bbox 275 3055 470 3108; x_wconf 86' lang='lat' dir='ltr'>apostolus</span> <span class='ocrx_word' id='word_1_387' title='bbox 505 3055 711 3110; x_wconf 80' lang='lat' dir='ltr'>praecipit:</span> <span class='ocrx_word' id='word_1_388' title='bbox 763 3057 830 3097; x_wconf 60' lang='grc' dir='ltr'>(Τί,</span> <span class='ocrx_word' id='word_1_389' title='bbox 872 3053 1018 3106; x_wconf 82' lang='lat' dir='ltr'>inquit,</span> <span class='ocrx_word' id='word_1_390' title='bbox 1058 3055 1106 3091; x_wconf 83' lang='lat' dir='ltr'>ml</span> <span class='ocrx_word' id='word_1_391' title='bbox 1139 3060 1277 3104; x_wconf 71' lang='lat' dir='ltr'>tempus</span> <span class='ocrx_word' id='word_1_392' title='bbox 1308 3063 1436 3093; x_wconf 74' lang='lat' dir='ltr'>rueme!</span> <span class='ocrx_word' id='word_1_393' title='bbox 1465 3057 1639 3102; x_wconf 70' lang='lat' dir='ltr'>orationi,</span> <span class='ocrx_word' id='word_1_394' title='bbox 1664 3061 1803 3096; x_wconf 51' lang='grc' dir='ltr'>[συκῆ</span> <span class='ocrx_word' id='word_1_395' title='bbox 1821 3062 1844 3088; x_wconf 82' lang='grc'>5.</span> 
     </span>
    </p>
   </div>
   <div class='ocr_carea' id='block_1_6' title="bbox 1270 3123 1375 3164">
    <p class='ocr_par' dir='ltr' id='par_1_8' title="bbox 1270 3123 1375 3164">
     <span class='ocr_line' id='line_1_45' title="bbox 1270 3123 1375 3164; baseline 0 0"><span class='ocrx_word' id='word_1_396' title='bbox 1270 3123 1375 3164; x_wconf 81' lang='lat'>12*</span> 
     </span>
    </p>
   </div>
  </div>
 </body>
</html>
