2066 3319
244 1648 331 1690 Κεφ.
350 1645 391 1691 γ’.

245 2398 311 2427 pag,
329 2390 389 2419 712.

404 203 484 243 558
968 208 1131 241 SANCT1
1155 210 1382 244 EPIPHANH

408 287 730 338 3εὗνουχίσαντες
764 284 829 327 διά
857 284 929 339 τὴν
965 287 1160 338 βασιλείαν
1192 292 1269 328 τῶν
1299 287 1498 341 οὐρανῶν·
1540 288 1627 338 καὶ,
1662 287 1792 338 Θέλω,
1833 288 1944 341 φησὶ,

404 352 556 401 πάντας
591 351 690 394 εἶναι
720 351 774 401 ῶς
804 352 993 406 ἐμαυτόν·
1035 354 1122 404 καὶ,
1152 352 1361 407 Ὡμοιώθη
1396 352 1421 407 ἦ
1445 357 1618 407 βασιλεία
1654 359 1732 396 τῶν
1762 352 1944 409 οὐρανῶν

404 421 498 461 δέκα
521 421 757 475 παρθένοις,
788 422 902 462 πέντε
925 426 1087 474 μωραῖς,
1118 421 1184 461 καὶ
1206 422 1318 462 πέντε
1341 424 1558 475 φρονίμοις.
1622 420 1816 476 Φρόνιμοι
1844 439 1942 477 παρ-

403 488 536 538 θένοι,
569 490 699 543 μωραὶ
720 489 937 542 παρθένοι,
978 487 1080 541 πλὴν
1107 489 1323 543 παρθένοι,
1362 491 1536 545 βασιλείᾳ
1565 489 1747 545 οὐρανῶν
1780 488 1943 530 ἀπεικά-

401 560 542 605 ζονται,
572 556 640 596 καὶ
663 553 735 597 οὐκ
757 554 861 597 εἶπεν
885 557 1056 610 ἔγγαμοι,
1120 553 1252 597 Πολλοὶ
1273 556 1313 596 δὲ
1332 560 1492 597 τοιαῦτα
1515 557 1675 613 4ἕαυτῷ
1701 555 1945 612 ε’πισωρεύει,

402 623 469 662 ἵνα
499 624 623 675 δῆθεν
652 622 882 681 παρεκβάλῃ
913 621 1049 678 γάμον.

520 688 578 731 Ού
609 690 755 743 δέχεται
787 691 829 732 δὲ
854 689 946 739 τούς
973 693 1119 739 παῖδας
1141 689 1233 738 τούς
1256 695 1507 739 τελευτῶντας
1536 691 1611 746 πρὸ
1637 691 1836 746 γνώσεως,
1869 689 1945 733 ἀλλ’

405 756 618 810 ἀποβάλλει
653 756 797 806 αὐτούς
820 763 888 811 τῆς
915 758 1168 811 νομιζομένης
1192 759 1356 806 ἐλπίδος.
1419 757 1568 800 Φάσκει
1600 758 1671 814 γάρ
1694 758 1858 808 τούτους
1890 757 1943 812 μή

403 830 660 880 κληρονομεῖν
679 828 876 878 βασιλείαν
902 823 1106 880 οὐρανῶν,
1138 824 1287 878 ἐπειδὴ,
1319 826 1431 878 φησὶ,
1463 824 1535 867 οὐκ
1560 824 1812 880 ἠγωνίσαντο.
1849 825 1948 867 Ἐάν

403 891 477 949 γάρ
505 891 610 951 άθλῇ
634 911 702 943 τις,
735 892 784 934 ού
806 898 1079 945 στεφανοῦται,
1112 891 1180 934 έοὶν
1203 891 1256 946 μη
1278 895 1455 945 νομίμως
1476 891 1646 950 οἷθλήσῃ.
1707 895 1763 934 Εἰ
1784 892 1859 949 γάρ
1881 894 1945 934 καὶ

404 959 427 1003 ὁ
451 958 586 1003 άθλῶν
605 959 653 1002 οὐ
675 966 957 1013 στεφανοῦται,
990 960 1059 1003 έοὶν
1085 959 1138 1014 μὴ
1162 963 1357 1013 νομίμως,
1390 959 1501 1018 πόσῳ
1524 977 1566 1015 γε
1591 965 1738 1014 μᾶλλον
1769 962 1810 1002 οἵ
1831 962 1948 1014 μηδέ-

403 1047 465 1071 πω
491 1031 542 1077 εἰς
568 1027 700 1084 άγῶνα
723 1029 969 1082 κεκλημένοις
1014 1027 1062 1070 ού
1085 1028 1255 1070 πιστεύει
1285 1028 1326 1069 δὲ
1353 1026 1472 1069 πάλιν
1496 1023 1614 1077 οὗτος
1634 1027 1874 1084 παράδεισον
1895 1026 1944 1070 εἷ·

403 1115 468 1139 ναι
498 1095 710 1150 αἰσθητὸν,
755 1096 881 1151 ὥςπερ
913 1094 1044 1149 α’μέλει
1069 1097 1136 1138 καὶ
1157 1094 1376 1151 Ὠριγένης·
1422 1094 1533 1146 οὐδὲ,
1565 1093 1619 1144 ῶς
1643 1097 1767 1150 ἔφην,
1798 1100 1947 1151 νεκρῶν

407 1163 616 1206 ἀνάστασιν
637 1163 708 1217 τήν
727 1163 791 1205 διά
814 1164 969 1219 σαρκός.
1028 1162 1121 1205 Ἀλλ’
1143 1162 1352 1205 άνάστασιν
1375 1163 1444 1216 μὲν
1469 1168 1618 1218 νεκρῶν
1634 1165 1746 1218 λέγει,
1778 1162 1946 1205 άνάστα-

405 1247 465 1274 σιν
491 1233 531 1273 δὲ
568 1230 637 1285 τήν
659 1237 737 1273 τῶν
773 1237 935 1284 ψυχῶν,
977 1233 1044 1272 καὶ
1075 1230 1344 1284 πνευματικήν
1374 1247 1460 1272 τινα
1491 1229 1654 1282 φάσκων
1689 1234 1946 1286 μυθολογίαν.

409 1299 550 1348 Οὐδεὶς
570 1300 610 1341 δὲ
633 1299 705 1352 μετ’
735 1297 864 1340 αὐτῶν
885 1297 1110 1353 συνάγεται,
1142 1296 1235 1339 ἄλλα
1257 1300 1291 1338 εἰ
1314 1300 1372 1350 εἰἠ
1399 1299 1620 1352 παρθένος,
1649 1297 1884 1351 ἢμονάζων,
1915 1298 1944 1352 ἢ

406 1366 614 1423 ἐγκρατὴς,
646 1366 672 1419 ἢ
693 1365 802 1421 χήρα.
866 1367 967 1421 Περὶ
990 1367 1032 1407 δὲ
1053 1364 1122 1407 τὸν
1151 1366 1300 1420 πατέρα
1334 1366 1401 1407 καὶ
1433 1364 1522 1407 υἱόν
1551 1366 1618 1407 καὶ
1654 1365 1765 1421 ἅγιον
1792 1371 1946 1420 πνεῦμα

408 1434 456 1477 οὕ
476 1434 620 1486 φάσκει
648 1432 748 1475 κατά
780 1433 848 1475 τόν
878 1431 1103 1489 Ὠριγένην,
1135 1431 1228 1475 ἄλλα
1252 1432 1423 1475 πιστεύει
1449 1432 1571 1482 ὅντως
1596 1431 1664 1476 τόν
1686 1432 1775 1476 υἱόν
1802 1435 1845 1476 ἐκ
1876 1451 1949 1476 πα-

406 1501 497 1558 τρὸς
517 1502 806 1557 γεγεννημένον,

521 1639 601 1679 Καὶ
632 1638 720 1692 περὶ
743 1642 814 1679 τοῦ
833 1635 1054 1690 πνεύματος
1082 1641 1152 1678 τοῦ
1183 1634 1317 1691 άγίου,
1350 1638 1391 1678 ἐκ
1412 1635 1558 1692 πατρὸς
1593 1634 1734 1678 Ιεῖναι.
1799 1634 1948 1679 Φάσκει

406 1706 448 1747 δὲ
471 1700 603 1758 οὗτος,
637 1703 690 1753 ῶς
716 1709 736 1733 2
751 1703 832 1746 ἅνω
857 1722 924 1757 μοι
945 1706 985 1746 ἐν
1004 1708 1052 1761 τῇ
1072 1708 1149 1745 τῶν
1163 1707 1526 1758 Μελχισεδεκιανῶν
1551 1705 1696 1760 αἱρέσει
1718 1703 1947 1757 δεδήλωται,

406 1775 496 1829 περὶ
529 1777 600 1815 τοῦ
632 1771 747 1827 άγίου
778 1771 1019 1825 πνεύματος,
1064 1771 1124 1813 ὅτι
1160 1770 1278 1820 αὐτός
1307 1773 1411 1814 ἐστιν
1437 1770 1460 1813 ό
1489 1772 1748 1825 Μελχισεδὲκ,
1788 1770 1854 1814 διά
1886 1771 1944 1823 τό,

406 1842 518 1894 φησὶ,
552 1841 744 1895 εἰρηκέναι
766 1839 839 1891 ὅτι,
869 1838 1209 1894 ’Υπερεντυγχάνει
1233 1845 1459 1895 στεναγμοῖς
1480 1837 1682 1893 ἀλαλήτοις
1701 1837 1800 1894 ’ὑπὲρ
1820 1837 1943 1893 ἡμῶν.

408 1910 489 1950 Καὶ
512 1911 568 1956 τίς
595 1909 696 1950 ε’στιν
720 1902 854 1957 οὗτος,
885 1906 996 1948 ’And
1023 1909 1126 1961 μένει
1149 1906 1273 1962 ἱερεύς
1295 1909 1350 1956 εἷς
1376 1906 1418 1949 vd
1441 1908 1626 1960 διηνεκές.
1680 1906 1732 1949 Τὸ
1757 1908 1798 1948 δὲ
1821 1906 1946 1963 ἱερεύς

406 1978 460 2025 εἷς
481 1974 523 2018 τὸ
553 1975 726 2028 διηνεκὲς
752 1974 817 2016 διὰ
847 1974 890 2017 τό
922 1973 1279 2030 ὖπερεντυγχάνειν.
1345 1979 1468 2016 Τοῦτο
1493 1975 1535 2016 δὲ
1562 1973 1604 2017 vd
1627 1979 1783 2028 πνεῦμα
1806 1989 1945 2028 συνην-

403 2044 562 2097 τηκέναι
585 2047 639 2100 τῷ
667 2041 843 2097 Ἀβραάμ
877 2041 959 2084 κατ’
988 2045 1111 2085 έκεῖνο
1140 2048 1301 2098 καιροῦ,
1344 2041 1478 2095 ἐπειδὴ
1513 2041 1585 2098 γάρ
1620 2041 1758 2096 ὅμοιόν
1786 2044 1863 2084 ἔστι
1892 2046 1946 2099 τῷ

403 2114 489 2168 υἱῷ.
551 2112 631 2152 Καὶ
656 2109 721 2152 διοέ
745 2110 859 2152 τοῦτό
884 2125 981 2164 φησι
1015 2109 1038 2152 ὅ
1070 2109 1306 2161 ἀπόστολος,
1345 2108 1547 2165 Ἀπάτωρ,
1577 2107 1757 2165 ἀμήτωρ,
1789 2107 1946 2165 οἷγενεα-

402 2178 574 2233 λόγητος.
632 2176 808 2232 Ἀμήτωρ
834 2180 954 2231 φησὶ,
987 2178 1045 2220 ὅτι
1071 2176 1144 2220 οὐκ
1172 2180 1245 2232 ἔχει
1268 2179 1431 2233 μητέρα·
1464 2175 1625 2231 άπάτωρ
1647 2178 1766 2230 φησὶ,
1798 2176 1860 2219 ὅτι
1881 2178 1947 2219 ἐπὶ

403 2251 474 2302 γῆς
496 2244 569 2288 οὐκ
588 2247 671 2299 ἔσχε
691 2247 853 2300 πατέρα·
886 2244 1198 2299 άφωμοιῶμενος
1227 2246 1268 2287 δὲ
1292 2250 1346 2303 τῷ
1376 2248 1449 2302 υἱῷ
1471 2250 1541 2287 τοῦ
1565 2249 1664 2287 θεοῦ
1690 2245 1795 2298 μένει
1821 2243 1946 2299 ἴερεῦς

404 2315 460 2362 εἰς
483 2312 526 2355 τὸ
547 2314 731 2366 διηνεκές.
794 2314 872 2355 Καὶ
892 2312 1012 2355 πολλά
1037 2319 1225 2369 φλυαρῶν
1248 2315 1336 2368 περὶ
1369 2318 1440 2355 τοῦ
1462 2311 1575 2368 άγίου
1604 2311 1825 2366 πνεύματος
1851 2314 1946 2362 διεξ-

407 2386 507 2434 ῆλθε
540 2381 629 2435 περὶ
654 2380 796 2422 τούτου
819 2380 964 2434 πολλὴν
987 2384 1263 2436 πραγματείαν.
1325 2380 1512 2423 Βούλεται
1539 2381 1580 2422 δὲ
1603 2379 1675 2434 τὴν
1703 2382 1847 2422 τελείαν
1873 2379 1945 2421 αὐ-

403 2454 474 2491 τοῦ
505 2448 688 2490 σύστασιν
712 2455 914 2490 ποιεῖσθαι
951 2447 1030 2490 άπό
1061 2454 1129 2490 τοῦ
1160 2447 1419 2502 Ἀναβατικοῦ
1442 2447 1623 2498 Ἡσαΐου,
1665 2450 1791 2500 δῆθεν
1822 2445 1875 2496 ὥς
1905 2448 1946 2488 έν

406 2522 457 2573 τῷ
483 2515 726 2573 Ἀναβατικῷ
749 2517 941 2574 λεγομένῳ
964 2518 1089 2571 ἔλεγεν
1105 2517 1226 2557 ἐκεῖσε
1250 2516 1328 2567 ὅτι,
1358 2515 1509 2566 ’Ἐδειξέ
1529 2532 1596 2568 μοι
1615 2513 1637 2557 o‘
1662 2511 1821 2570 ἅγγελος
1851 2520 1947 2556 3715&-

407 2589 582 2639 ριπατῶν
615 2585 843 2637 ἔμπροσθέν
873 2601 969 2636 μου,
1013 2584 1080 2624 καὶ
1112 2584 1231 2632 ἕδειξέ
1257 2601 1344 2636 μοι,
1375 2585 1443 2625 καὶ
1474 2581 1577 2634 εἶπε,
1619 2585 1692 2643 ἑΓίς
1720 2583 1822 2624 ἔστιν
1853 2579 1877 2623 ὅ
1906 2582 1947 2623 ἒν

408 2654 517 2708 δεξιᾷ
538 2656 609 2693 τοῦ
628 2655 747 2692 θεοῦ·
787 2652 853 2692 καὶ
876 2649 1019 2701 4εἶπα,
1051 2649 1112 2691 Σύ
1135 2649 1265 2701 οἶδας,
1296 2650 1427 2705 κύριε,
1470 2651 1607 2706 Λέγει,
1641 2643 1771 2697 Οὗτός
1792 2649 1894 2690 ἐστιν
1924 2646 1947 2690 ὅ

407 2716 616 2773 ἀγαπητός.
670 2719 750 2759 Καὶ
768 2721 826 2767 τίς
849 2721 950 2761 ἐστιν
974 2717 996 2760 ὁ
1020 2717 1132 2766 ἄλλος
1156 2716 1178 2759 ὁ
1199 2717 1334 2770 ὅμοιος
1358 2717 1463 2775 αὐτῷ
1488 2719 1526 2767 ἒξ
1551 2715 1763 2772 ἀριστερῶν
1788 2713 1943 2765 ἐλθών,

411 2786 491 2826 Καὶ
528 2784 669 2836 ὃεῖπα,
711 2784 772 2826 Συ
799 2785 1020 2841 γινώσκεις,
1050 2786 1221 2828 τουτέστι
1253 2784 1294 2827 w*
1330 2785 1443 2841 ἅγιον
1472 2789 1625 2837 πνεῦμα
1656 2781 1699 2824 τὸ
1730 2787 1871 2824 λαλοῦν
1901 2784 1945 2825 ἔν

454 2909 486 2942 3.
512 2907 773 2954 εὖνουχῆσαντες
808 2914 915 2952 scripti
949 2914 1019 2944 libri
1049 2915 1077 2944 et
1106 2912 1152 2943 ecl.
1246 2910 1323 2942 CAp.
1345 2912 1402 2942 ΙΙΙ.
1428 2929 1471 2934 —
1522 2910 1548 2941 1.
1573 2910 1683 2949 Repete
1710 2906 1868 2942 πιστεύει.

405 2957 507 2996 princ.
1245 2954 1277 2987 2.
1303 2957 1336 2986 V.
1360 2956 1445 2987 haer.
1469 2954 1526 2994 55,
1540 2954 1571 2985 5.

454 2998 485 3032 4.
511 2998 708 3042 ἐπισωρεύει
731 2999 840 3045 ἑαυτῷ
866 3002 932 3034 cod.
955 3002 1084 3042 Rhediq.
1243 2998 1274 3032 3.
1299 3000 1386 3031 Libri
1406 3001 1514 3039 scripti
1533 2999 1645 3031 habent
1664 2998 1870 3040 περιπατῶν,
1896 3000 1946 3030 cm·
