2066 3319
357 191 434 231 166
921 195 1081 228 SANCTI
1105 196 1330 229 EPJPHANH

784 370 971 414 RATA
1020 371 1336 417 ΟΥΑΛΗΣΙ
1360 374 1478 429 ΩΝ,

577 446 818 511 τριακοστὴ
856 445 1009 509 ὀγδόη,
1045 446 1073 509 ἠ
1110 450 1188 496 καὶ
1223 449 1491 511 πεντηκοστ’
1535 447 1678 511 ἐγῧὸη.

175 555 262 598 Κεφ.
290 555 332 588 α’.
474 547 574 601 Περὶ
601 545 831 599 Ουαλησίων
864 543 1060 599 άκούομεν
1089 546 1290 598 πολλάκις,
1331 546 1378 589 οὗ
1406 549 1569 601 1μέντοι
1599 549 1769 602 ε’γνωμεν
1800 552 1894 597 ποῦ,

356 617 435 665 τίς,
463 613 490 668 ἡ
514 613 644 656 πόθεν
670 612 841 669 ωρμᾶτο,
872 613 900 666 ἢ
921 617 957 655 τί
979 613 1138 669 λέγων
1119 614 1147 667 η’
1168 621 1371 657 νουθετῶν
1391 615 1418 668 ἢ
1442 614 1712 696 φθεγγόμενος
1737 613 1759 656 ό
1791 613 1895 656 Οὐά-

356 688 426 736 λης
456 684 583 731 οὗτος.
645 687 665 710 ²
685 680 736 724 To
765 682 835 735 μὲν
862 681 986 736 ὄνομα
1015 681 1224 766 Ἀραβικὸν
1255 682 1434 737 ὑπάρχον
1466 702 1552 726 τινα
1581 681 1776 725 υπόνοιαν
1803 681 1898 736 ἡμῖν

358 754 494 793 δίδωσι
520 753 784 804 διανοηθῆναι
813 755 953 792 τοῦτον
979 752 1045 792 καὶ
1074 750 1145 805 τὴν
1169 750 1290 794 αυτοῦ
1321 755 1471 806 αίρεσιν
1504 753 1614 800 εἰςέτι
1639 754 1754 806 δεῦρο
1786 752 1898 806 φέρε-

359 827 457 862 σθαι
490 817 544 869 οἷς
578 821 620 861 ἐν
652 817 843 876 ὑπονοίᾳ,
873 818 1057 875 καθάπερ
1090 821 1212 873 ἔφην,
1250 819 1359 869 τινας
1387 819 1501 869 ὄντας
1531 822 1571 862 ἐν
1595 818 1801 868 Βακάθοις
1829 824 1899 872 τῆς

364 894 381 917 3
401 891 701 941 Φιλαδελφηνῆς
731 886 860 942 χώρας
889 888 1012 942 πέραν
1043 891 1112 930 τοῦ
1135 887 1356 943 Ἰορδάνου.
1418 890 1496 930 Καὶ
1528 890 1568 930 οἱ
1595 888 1663 940 μὲν
1698 886 1899 942 ἐπιχώριοι

359 958 525 1006 τούτους
548 954 797 1004 Γνωστικοῦς
829 954 1035 1008 βούλονται
1061 957 1201 1012 λέγειν,
1232 955 1306 998 οὔκ
1331 961 1352 985 4
1368 958 1438 999 εἰσι
1471 957 1512 998 δὲ
1544 961 1621 998 τῶν
1647 959 1898 998 Γνωστικῶν·

360 1027 469 1081 ἕτερα
500 1023 574 1081 γάρ
610 1023 759 1066 τούτων
793 1023 841 1065 τοὶ
875 1023 1119 1080 φρονήματα,
1187 1023 1242 1066 Τά
1281 1026 1323 1066 δὲ
1356 1028 1409 1074 εἰς
1439 1023 1542 1078 ἡμᾶς
1575 1024 1742 1066 ἐλθόντα
1775 1025 1900 1079 ὃπερὶ

362 1092 493 1135 αὐτῶν
514 1097 653 1135 τοῦτον
676 1094 751 1146 ἔχει
772 1090 841 1134 τόν
864 1092 1023 1148 τρόπον.
1083 1091 1157 1135 Ἐν
1178 1094 1247 1146 μὲν
1269 1098 1317 1151 τῇ
1340 1095 1521 1150 ἐκκλησίᾳ
1543 1095 1583 1135 οἵ
1602 1095 1761 1141 πλείους
1782 1093 1900 1146 συνή-

362 1179 476 1218 γοντο
508 1162 583 1210 ἕως
609 1165 751 1216 καιροῦ
776 1178 902 1212 τινος,
938 1163 1042 1210 6ἕως
1065 1163 1118 1210 εἰς
1143 1160 1288 1209 πλάτος
1318 1156 1441 1214 ἦλθεν
1466 1159 1491 1214 ἡ
1515 1159 1645 1203 αὐτῶν
1668 1159 1803 1211 ἄνοια,
1833 1161 1901 1202 καὶ

363 1229 644 1284 ἅπεβλήθησαν
668 1234 737 1282 τῆς
762 1231 977 1282 ἐκκλησίας.
1037 1231 1128 1271 Εἰσὶ
1162 1230 1204 1271 δὲ
1229 1229 1372 1278 πάντες
1399 1228 1651 1271 7οἷποίιοποι·
1691 1230 1759 1270 καὶ
1789 1227 1901 1270 αὐτοὶ

366 1299 440 1340 8-δὲ
474 1299 561 1353 περὶ
594 1296 740 1353 Ἀρχῶν
767 1298 835 1338 καὶ
859 1295 1071 1347 Ἐξουσιῶν
1101 1299 1164 1339 καὶ
1202 1296 1325 1339 ἄλλων
1364 1297 1522 1347 Ξὀὕτως
1547 1297 1759 1348 δοξάζουσι.
1821 1298 1902 1338 Καὶ

362 1367 458 1410 ὅταν
478 1365 650 1420 λάβωσιν
673 1364 890 1420 ἄνθρωπον
913 1367 967 1413 εἰς
988 1368 1219 1418 μαθητείαν,
1244 1364 1338 1406 καθ’
1359 1364 1454 1407 ὅσον
1474 1366 1543 1419 μὲν
1562 1365 1703 1421 χρόνον
1730 1364 1900 1408 10οὔπω

362 1440 441 1477 τῶν
471 1436 618 1489 μορίων
651 1432 885 1486 ἀπετμήθη,
917 1431 1106 1486 ἐμψύχων
1138 1431 1186 1474 οὔ
1213 1432 1518 1487 μεταλαμβάνει,
1549 1433 1642 1475 ὅταν
1672 1434 1714 1476 δὲ
1742 1437 1903 1476 πείσωσι

361 1502 428 1545 τὸν
449 1506 629 1544 τοιοῦτον
651 1500 678 1555 ἢ
699 1499 794 1555 μετά
816 1499 988 1556 ἀνάγκης
1010 1499 1130 1543 αὐτόν
1155 1500 1399 1554 οῗποτέμωσι,
1430 1501 1515 1543 τότε
1536 1505 1617 1543 πᾶν
1638 1500 1771 1544 ὁτιοῦν
1792 1519 1901 1556 μετα-

361 1570 570 1625 λαμβάνει,
603 1567 656 1618 ὦς
678 1569 755 1623 ἤδη
779 1571 1030 1623 πεπαυμένος
1057 1568 1208 1625 ἆγῶνος
1235 1571 1300 1611 καὶ
1327 1571 1464 1623 μηκέτι
1488 1572 1738 1620 ἐπικίνδυνος
1763 1569 1819 1612 ὧν
1848 1573 1903 1619 εἰς

363 1637 407 1681 τὸ
432 1637 721 1694 ἐποτρύνεσθαι
749 1636 814 1679 διά
835 1643 914 1679 τῶν
938 1637 1159 1692 ἐδεσμάτων
1187 1640 1240 1687 εἰς
1263 1637 1412 1692 ἡδονὴν
1434 1638 1543 1692 ἥκειν
1567 1640 1793 1692 ἐπιθυμίας.
1843 1637 1902 1680 Οὐ

365 1706 488 1761 μόνον
509 1707 551 1749 δὲ
575 1705 668 1756 τούς
692 1709 817 1756 ἰδίους
846 1711 858 1734 ¹
874 1711 886 1735 ¹
904 1712 1044 1749 τοῦτον
1069 1705 1321 1762 άπαρτίζουσι
1341 1706 1408 1749 τὸν
1430 1706 1602 1761 τρόπον,
1633 1705 1726 1748 ἄλλα
1754 1712 1901 1749 12πολ.-

364 1775 476 1825 λάκις
497 1777 565 1817 καὶ
591 1777 725 1826 ξένους
746 1776 1062 1832 παρερχομένους
1090 1776 1155 1816 καὶ
1179 1773 1270 1830 παρ’
1295 1774 1428 1824 αὐτοῖς
1449 1775 1757 1825 ἐπιξενωθέντας
1780 1773 1902 1833 ταύτῃ

369 1845 545 1886 διέθεντο
567 1849 614 1902 τῇ
644 1849 687 1874 13
704 1843 850 1902 ἀγωγῇ,
883 1842 935 1893 ὦς
956 1842 1079 1893 πολύς
1097 1845 1183 1899 περὶ
1207 1842 1348 1886 τούτου
1376 1847 1634 1898 14θρυλεῖται
1653 1843 1778 1898 λόγος.
1817 1841 1902 1897 Ἀρ-

366 1912 531 1964 πάζουσι
549 1931 623 1968 γαρ
644 1930 737 1962 τους
757 1912 962 1962 τοιούτους
983 1914 1097 1954 ε’νδον
1117 1913 1183 1954 καὶ
1209 1913 1283 1941 1⁵⁹
1267 1913 1331 1954 επὶ
1353 1915 1583 1964 συμψελίοις
1603 1910 1790 1964 δήσαντες
1809 1910 1904 1965 μετά

204 2004 271 2034 pag.
291 1996 349 2024 ⁴9⁰.
371 1980 544 2037 ανάγκης
566 1999 608 2023 το
630 1980 895 2036 χειρότευκτον
919 1980 1141 2036 ἐργάζονται
1164 1986 1232 2034 τῆς
1257 1985 1334 2022 τῶν
1361 1984 1486 2033 μελῶν
1511 1978 1762 2034 αφαιρέσεως.
1823 1980 1904 2020 Καὶ

366 2049 488 2092 ταῦτά
518 2051 620 2092 ε’στιν
648 2068 673 2090 α
708 2067 796 2105 περι
830 2049 980 2092 τούτων
1011 2051 1065 2098 εἰς
1096 2047 1201 2103 ημᾶς
1231 2051 1344 2102 ἡκεν,
1377 2047 1520 2103 οῧςπερ
1549 2049 1705 2103 γνόντες
1732 2049 1772 2089 ἐν
1801 2049 1903 2104 ποίῳ

368 2117 478 2176 τόπῳ
505 2117 576 2172 τὴν
604 2136 826 2171 καταμονην
855 2119 1004 2171 ε’χουσι,
1043 2118 1109 2159 καὶ
1145 2135 1197 2166 ως
1223 2116 1266 2159 τὸ
1299 2115 1424 2169 ὄνομα
1452 2121 1567 2158 τοῦτο
1599 2114 1699 2157 πολυ
1726 2114 1905 2171 τυγχάνει

370 2189 410 2230 ἐν
433 2193 514 2236 τοῖς
540 2187 693 2242 μέρεσιν
719 2187 902 2237 ἐκείνοις,
933 2187 999 2227 καὶ
1024 2184 1076 2235 ὥς
1097 2190 1167 2239 τῆς
1198 2187 1380 2241 αἱρέσεως
1407 2186 1535 2239 ἕτερον
1558 2182 1683 2238 ὄνομα
1709 2182 1756 2226 οὗ
1781 2200 1903 2226 κατει-

369 2254 570 2310 λήφαμεν,
601 2257 831 2309 ἐνομίσαμεν
861 2253 1006 2308 ταύτην
1038 2252 1145 2296 εἶναι.

418 2429 495 2460 CAP.
517 2430 543 2460 Ι.
570 2447 611 2452 -
661 2427 691 2460 1.
717 2425 776 2470 μέν
798 2426 848 2460 τοί
866 2437 905 2469 γε
928 2429 995 2459 cod.
1021 2429 1117 2459 Venet.
1162 2429 1307 2460 tationem
1318 2436 1378 2458 non
1392 2427 1566 2457 admittunt.
1601 2427 1638 2457 At
1657 2428 1727 2457 sunt
1749 2429 1906 2466 corrupta,

416 2474 447 2506 2.
475 2473 533 2507 καὶ
555 2472 592 2508 τὸ
621 2471 678 2515 μὲν
702 2474 769 2504 cod.
791 2474 862 2503 Veri.
1162 2476 1217 2504 aut
1237 2482 1361 2512 manca,
1384 2473 1416 2503 id
1436 2472 1517 2511 quod
1531 2473 1694 2502 Pelavium
1715 2473 1906 2511 suspicatum

416 2520 447 2552 3.
474 2518 729 2561 Φιλαδελφικῆς
753 2519 818 2550 cod.
842 2519 913 2549 Ven.
1163 2528 1225 2550 esse
1236 2519 1335 2556 video,
1356 2518 1495 2557 quodque
1513 2519 1597 2555 patet
1616 2526 1654 2547 ex
1672 2518 1772 2548 verbis
1784 2518 1906 2548 Nicetae

418 2562 449 2596 4.
475 2565 557 2598 εἴναι
581 2564 657 2617 (sic)
683 2565 749 2596 cod.
774 2565 845 2595 Ven.
1163 2565 1293 2602 Panopl.
1315 2564 1367 2602 IV,
1391 2561 1443 2594 30.
1479 2561 1573 2603 (Bibl.
1596 2563 1681 2592 Patr.
1705 2563 1806 2601 Lu9d.
1832 2564 1905 2592 tom.

418 2613 449 2644 5.
473 2609 550 2652 περὶ
582 2606 692 2643 αυτῶν
720 2608 833 2642 τοῦτον
865 2606 934 2652 ἔχει
962 2606 1016 2641 τὸν
1050 2611 1117 2640 cod.
1162 2610 1260 2646 XXV,
1281 2618 1313 2648 p.
1339 2605 1452 2649 129.).·
1481 2605 1626 2645 „Valens
1647 2606 1778 2649 quidam
1802 2605 1905 2638 Arabs

376 2658 476 2689 Venet.
525 2657 621 2695 Vulgo
644 2657 727 2686 extat
750 2652 896 2698 περιέχει
914 2653 1027 2687 τοῦτον
1048 2651 1114 2687 Teia.
1163 2653 1296 2685 natione
1326 2651 1424 2683 fuisse
1458 2651 1581 2689 fertur,
1619 2662 1657 2682 ex
1689 2662 1753 2695 quo
1784 2651 1905 2690 evenit,

419 2700 449 2734 6.
475 2712 521 2738 ως
546 2702 612 2732 cod.
640 2702 711 2731 Ven.
1166 2706 1200 2730 ut
1225 2699 1292 2730 eius
1315 2697 1458 2729 haeresis
1484 2696 1516 2727 in
1542 2696 1692 2728 Bacathis
1719 2695 1905 2739 pullularet.

419 2746 451 2779 7.
477 2743 640 2780 <atheoton
663 2743 746 2788 πλην
773 2741 912 2788 ἆλίγων,
946 2755 1004 2777 και.
1037 2748 1120 2776 extat
1165 2746 1248 2775 Sunt
1268 2750 1376 2774 autem
1401 2742 1542 2774 Bacatha
1568 2741 1806 2779 Mettocomia,
1840 2741 1906 2773 hoc

374 2794 408 2824 in
429 2793 496 2824 cod.
520 2793 591 2823 len.
1165 2796 1215 2821 est
1251 2788 1439 2831 primarium
1478 2787 1636 2830 oppidum
1677 2787 1745 2818 eius
1780 2785 1904 2818 Philal-

420 2840 452 2870 ὅ.
479 2835 516 2870 δὲ
540 2847 600 2868 ηοη
625 2838 763 2877 agnoscit
786 2837 853 2867 cod.
878 2836 949 2867 Ven.
1164 2834 1284 2878 phiae,
1319 2845 1401 2877 quae
1422 2833 1455 2864 iu
1480 2832 1598 2864 Arabia
1622 2839 1712 2864 trans
1733 2831 1906 2864 Iordanem

420 2882 452 2915 9.
480 2883 529 2914 Uti
549 2884 697 2913 nimirum
719 2879 846 2925 Ἀρχὰς
865 2883 937 2913 illas
959 2885 985 2912 el
1003 2878 1120 2920 Ἐξου·
1165 2880 1226 2911 sita
1257 2886 1318 2912 est
1366 2878 1489 2910 Eadem
1516 2877 1626 2920 itaque
1650 2877 1791 2909 Valentii
1821 2888 1904 2920 quo·

379 2926 453 2964 σίας
481 2931 617 2959 exsectus
649 2936 711 2958 esse
742 2930 768 2958 et
801 2928 985 2967 genitalibus
1017 2936 1120 2958 carere
1166 2937 1228 2968 que
1258 2925 1298 2956 de
1322 2923 1492 2966 Principiis
1525 2930 1558 2954 et
1582 2922 1803 2955 Potestatibus
1833 2933 1905 2954 cum

375 2976 522 3006 statuam.
554 2975 658 3005 Aliam
671 2974 750 3004 enim
769 2973 843 3005 haec
862 2974 957 3004 verba
975 2974 1120 3012 interpre-
1166 2969 1384 3010 Archonticis‚
1409 2968 1591 3008 Sethianis‚
1618 2975 1651 3000 et
1674 2967 1791 3000 ceteris
1811 2967 1905 3000 huius
