2030 3324
462 222 645 254 PANAau
669 222 750 254 Lm.
773 225 812 255 n.
837 225 946 256 Tou.
970 225 1009 258 11.
1035 224 1168 256 mun.
1185 224 1312 255 mx.
1587 215 1668 255 697

114 304 332 358 horamque
364 309 494 343 mente
527 302 797 353 celebremus,
846 317 917 344 nec
949 304 985 345 in
1020 318 1067 345 eo
1099 318 1275 344 mancum
1309 303 1450 358 aliquid
1484 316 1572 344 esse
1605 316 1669 343 su-

117 374 326 428 spicemur.
389 369 493 411 Nam
526 370 557 410 si
592 371 647 421 is,
694 372 756 424 qui
791 372 835 412 ad
877 373 1250 427 repraesentandum
1295 372 1464 412 omnium
1504 372 1667 412 salutem

117 440 298 490 advenit,
334 438 395 479 vel
427 439 624 479 minimum
657 440 694 479 in
728 454 771 480 se
804 441 996 480 desectum
1031 441 1169 490 habet,
1205 441 1359 494 quinam
1394 455 1413 480 a
1447 441 1528 481 suis
1561 441 1668 481 defe-

116 508 241 550 ctibus
274 507 464 548 vindicari
498 514 676 548 creatura
710 508 877 563 poterit?

228 575 307 617 Sed
340 575 487 616 instant
518 576 836 616 adversariorum
869 590 978 616 more
1011 578 1119 627 (nam
1153 589 1293 616 revera
1317 574 1483 617 ludaieis
1517 576 1666 631 opinio·
1739 576 1817 619 Cap.

115 644 226 686 nibus
257 644 392 685 imbuti
424 652 535 695 sunt,
573 658 644 684 nec
675 645 720 684 ab
752 644 827 684 illis
853 652 1122 699 praeterquam
1149 644 1407 699 appellatione
1431 644 1664 696 dissident);
1715 622 1840 653 Lxm'

115 712 229 764 novi,
264 713 443 767 inquam,
478 713 541 752 isti
576 711 704 753 ludaei
739 720 874 753 contra
907 713 1121 752 catholicos
1154 713 1429 766 insurgentes,
1465 721 1501 752 et
1526 714 1664 753 adver-

114 795 181 822 sus
214 781 450 821 salvatorem
486 782 673 835 quaedam
707 780 826 820 verba
855 781 1110 831 meditantes,
1147 789 1187 819 u!
1208 785 1325 833 ipsam
1347 796 1556 821 sermonum
1581 796 1667 820 suo-
1691 779 1817 850 ⁸22³}“1‘5

112 864 195 889 rum
229 852 372 902 laqueis
403 854 600 897 irretiant,
637 857 677 889 ut
709 849 745 889 in
772 850 977 903 evangelio
1000 851 1185 904 scriptum
1212 857 1295 900 est,
1330 850 1418 890 illud
1449 851 1571 904 ipsum
1598 864 1666 889 no-

115 918 174 958 bis
207 918 416 959 obiiciuut:
454 917 563 958 Dixit
593 918 766 972 pendens
798 918 834 958 in
869 931 984 957 eruce
1010 916 1215 969 Christus,
1251 920 1319 957 Elz'
1345 921 1413 965 cll,
1451 920 1580 957 lemma
1606 932 1666 957 sa—

115 987 310 1034 baeHuml,
357 987 429 1026 hoc
463 993 546 1036 est,
590 989 691 1024 Deus
722 1001 843 1033 meus,
879 989 970 1025 deus
999 1001 1121 1034 meus,
1168 1001 1285 1039 qnare
1315 1002 1370 1025 me
1401 989 1666 1039 dereliquelstl?
1687 985 1809 1055 Ᾰὲξῖῑῑξῐή

116 1053 263 1106 Vides,
311 1054 514 1108 inquiunt,
566 1062 607 1094 ut
647 1054 923 1094 miserabiliter
961 1054 1140 1108 imploret
1181 1069 1225 1094 ac
1266 1055 1420 1108 lugeat,
1469 1062 1507 1094 et
1548 1054 1665 1106 dieat,

116 1126 241 1174 Quare
271 1138 327 1162 me
357 1125 624 1175 derele’queste'?
682 1121 824 1176 Neque
858 1122 930 1162 hoc
962 1123 1091 1162 animo
1125 1122 1367 1177 percipiunt,
1402 1123 1579 1162 homines
1613 1123 1669 1162 vi-

115 1191 266 1231 rulenta
301 1191 370 1231 bac
404 1190 490 1231 Arii
523 1190 700 1241 insania,
745 1191 852 1231 velut
885 1191 1046 1245 quadam
1080 1191 1260 1245 crapula,
1303 1191 1479 1245 gravati,
1529 1204 1573 1231 ac
1605 1191 1665 1230 dei

114 1259 349 1313 cognitionis
382 1267 593 1313 expertes,
644 1259 833 1299 liumanos
873 1273 1010 1299 omnes
1049 1260 1213 1300 affectus
1246 1259 1283 1299 in
1318 1256 1479 1300 Christo
1511 1259 1667 1299 domino

113 1328 384 1382 agnoscendos
423 1327 461 1367 in
495 1341 588 1368 vera
628 1328 731 1368 illius
771 1327 1043 1368 incarnatione
1077 1342 1121 1367 ac
1152 1328 1394 1368 confitendos
1428 1342 1531 1383 esse.
1597 1328 1669 1367 At-

114 1410 188 1450 que
220 1396 396 1450 inprimis
430 1396 476 1436 ab
500 1410 576 1436 uno
603 1396 640 1436 in
665 1396 765 1436 aliud
801 1396 1015 1437 ‹lesultorio
1049 1410 1156 1436 more
1190 1403 1463 1446 transeuntes,
1499 1396 1588 1450 quid
1621 1396 1668 1436 de

115 1478 163 1504 eo
196 1465 441 1505 sentiendum
476 1465 727 1505 decreverint
757 1465 1069 1516 obliviscuntur,
1119 1479 1191 1505 nec
1223 1465 1262 1505 in
1295 1479 1371 1505 uno
1404 1471 1507 1505 statu
1538 1464 1668 1505 consi-

112 1540 234 1573 stunt.
287 1532 429 1588 Neque
463 1533 564 1574 enim
599 1534 712 1574 aliter
746 1534 873 1574 tacere
898 1540 1061 1588 possunt
1085 1533 1147 1588 qui
1175 1541 1303 1574 mente
1332 1534 1541 1589 desipiunt.
1592 1531 1669 1587 lgi-

114 1609 176 1642 tnr
209 1616 484 1656 nonnunquam
519 1602 757 1642 salvatorem
791 1603 891 1642 hunc
925 1609 1130 1653 asserunt,
1167 1609 1203 1642 et
1229 1602 1449 1654 dominum,
1484 1617 1528 1642 ac
1553 1599 1669 1643 Chri-

112 1677 236 1720 stum,
273 1671 528 1725 omnibusque
557 1671 799 1726 superiorem
827 1671 995 1721 seculis,
1032 1678 1068 1711 ct
1094 1671 1322 1724 angelorum
1359 1679 1474 1725 atque
1502 1671 1668 1711 archan-

112 1739 287 1794 gelorum
314 1739 533 1790 dominum,
569 1754 639 1794 per
662 1754 772 1794 quem
800 1740 928 1780 omnia
961 1740 1115 1780 condita
1143 1746 1255 1791 sunt,
1300 1740 1537 1795 principatus
1565 1740 1669 1779 scili-

113 1815 175 1848 cet
199 1814 239 1847 et
262 1806 511 1858 Potestates,
557 1809 685 1863 angeli
713 1815 750 1848 et
777 1808 1026 1863 archangeli,
1073 1809 1196 1860 coeli,
1243 1815 1282 1848 et
1305 1822 1404 1863 quae
1437 1809 1474 1849 in
1499 1809 1545 1848 iis
1578 1816 1669 1849 sunt

111 1877 319 1927 universa,
356 1890 508 1916 necnon
535 1883 573 1916 et
598 1884 725 1919 terra.
762 1892 847 1918 cum
872 1878 1051 1918 omnibus
1080 1877 1323 1928 hominibus,
1357 1877 1479 1932 iisque
1505 1891 1604 1932 quae
1629 1877 1667 1917 in

112 1952 215 1985 terra
242 1954 354 1995 sunt,
389 1959 434 1985 ac
459 1945 625 2000 denique
650 1960 780 1997 mare,
817 1954 855 1986 et
887 1959 984 2000 quae
1019 1945 1115 1986 mari
1141 1946 1408 1987 continentur.
1474 1943 1509 1986 Ο
1539 1946 1667 1986 incre-

111 2014 265 2054 dibilem
292 2028 427 2053 eorum
455 2014 679 2054 stultitiam!
717 2014 780 2069 qui
804 2029 888 2055 cum
919 2015 970 2055 ita
995 2015 1041 2054 de
1065 2015 1129 2055 illo
1152 2015 1339 2065 sentiant,
1375 2015 1411 2054 in
1441 2015 1566 2055 altero
1590 2029 1667 2055 uon

110 2083 245 2122 vident
270 2082 352 2122 lieri
378 2096 453 2122 non
479 2096 594 2137 posse
620 2089 659 2123 ut
683 2083 745 2138 qui
773 2083 975 2124 divinitate
1011 2097 1079 2123 sua
1114 2083 1246 2124 secula
1279 2084 1487 2124 antecedat
1518 2084 1664 2134 omnia,

110 2149 172 2205 qui
195 2150 370 2201 coelum,
407 2157 629 2205 terramque
655 2151 877 2202 fabricarit,
912 2159 950 2192 ct
981 2152 1144 2206 angelos
1169 2159 1284 2206 atque
1307 2152 1592 2206 archangelOS,
1628 2158 1667 2192 et

110 2226 152 2259 ut
184 2234 260 2259 uno
286 2219 407 2260 verbo
438 2220 587 2271 dicam,
631 2220 760 2260 omnia
786 2227 860 2261 tam
887 2234 985 2275 quae
1012 2221 1262 2276 aspectabilia
1296 2227 1386 2260 sunt
1421 2235 1533 2274 quam
1568 2233 1666 2274 quae

111 2295 311 2342 aspectum
339 2288 512 2342 l'ugiunt,
547 2288 580 2327 is
606 2295 668 2339 ut,
703 2288 882 2343 inquam,
918 2289 1108 2330 eiusmodi
1131 2304 1268 2330 vocem
1294 2303 1346 2329 ex
1370 2303 1537 2344 persona
1570 2303 1666 2329 suae

111 2356 326 2396 divinitatis
351 2356 538 2407 ediderit,
582 2360 684 2396 Dens
714 2372 835 2406 meus,
871 2361 962 2397 (leus
983 2373 1104 2406 meus,
1141 2366 1184 2397 ut
1203 2361 1294 2411 quid
1316 2360 1555 2410 derele'qncsle‘
1581 2363 1666 2397 me?

112 2424 372 2479 Quandonam
409 2425 510 2464 enim
545 2439 565 2465 a
595 2432 702 2480 patre
727 2426 936 2467 derelictus
971 2434 1032 2467 est
1056 2427 1183 2467 filius?
1227 2434 1293 2467 aut
1329 2427 1482 2480 quando
1518 2441 1592 2466 non
1626 2426 1665 2467 in

112 2500 221 2548 patre
246 2493 345 2533 filius
373 2493 528 2544 extitit,
563 2501 601 2533 et
623 2501 734 2549 pater
761 2495 796 2534 iu
824 2495 929 2535 filio?
988 2495 1145 2536 Etenim
1171 2510 1255 2535 cum
1286 2495 1349 2535 ille
1380 2495 1461 2550 ipse
1496 2495 1595 2536 tilius
1620 2509 1665 2535 ac

111 2563 206 2602 deus
231 2561 392 2601 verbum
416 2561 451 2601 iu
479 2569 581 2602 terra
607 2563 864 2614 consisteret,
900 2564 1051 2604 coelum
1082 2563 1235 2603 interim
1260 2563 1500 2617 attingebat,
1535 2571 1573 2604 et
1595 2564 1667 2604 ini-

111 2631 233 2670 micos
260 2645 396 2670 omnes
428 2631 575 2685 gloriae
603 2645 699 2672 suae
729 2632 938 2686 splendore
967 2632 1201 2687 complebat.
1269 2630 1316 2671 Et
1345 2632 1381 2671 iu
1408 2630 1561 2672 Mariae
1585 2633 1666 2686 qui-

111 2699 194 2739 dam
219 2706 329 2739 utero
354 2700 562 2740 conclusus
587 2707 693 2749 erat,
729 2714 773 2740 ac
801 2708 977 2740 naturam
1004 2700 1171 2741 hominis
1192 2700 1391 2748 induebat,
1427 2701 1494 2741 sed
1519 2701 1665 2742 virtute

111 2781 179 2808 sua
204 2767 376 2823 replebat
406 2768 606 2808 universa.
672 2766 855 2809 Potuitne
882 2768 970 2809 talis
1002 2783 1046 2808 ac
1079 2776 1209 2808 tantus
1239 2768 1333 2808 haec
1371 2783 1420 2808 ex
1452 2768 1665 2810 divinitatis

111 2850 278 2891 persona
305 2843 378 2876 tam
407 2836 584 2891 lugubria
601 2835 763 2876 dicere?
804 2839 889 2884 Eli,
925 2840 994 2885 eli,
1029 2839 1159 2876 lemma
1173 2838 1407 2876 sabacthani.
1475 2836 1560 2878 Hoc
1586 2846 1661 2889 est,

110 2908 212 2944 Deus
235 2920 358 2953 meus,
394 2908 484 2945 deus
509 2921 610 2944 meus
624 2936 633 2953 ,
669 2920 786 2958 quare
809 2908 1048 2958 dereliquisti
1074 2910 1158 2944 me?
1218 2903 1457 2946 Praesertim
1486 2920 1570 2946 cum
1605 2907 1667 2947 ille
1690 2905 1790 2931 ¹⁰³¹¹¹'¹·

1708 2941 1748 2970 lt,
1777 2941 1814 2965 ΙΗ-

111 2973 193 3027 ipsc
218 2973 409 3024 dixisset,
445 2978 586 3014 Herum
612 2977 725 3022 rado,
761 2982 797 3013 e!
819 2990 892 3013 mm
924 2977 1132 3027 relinquam
1166 2989 1228 3013 ros
1259 2977 1469 3027 orphanos,
1504 2979 1572 3014 sed
1602 2991 1659 3015 re—
1682 2974 1792 3034 ἶὲῧῑῑῖξῑι·

110 3044 172 3081 m'o
203 3044 255 3080 acl
283 3057 358 3081 vos.
425 3042 528 3083 Tum
557 3042 632 3084 alio
656 3043 757 3094 loco,
792 3047 913 3082 Amen
945 3046 1028 3082 de'co
1053 3045 1174 3090 vobis,
1210 3058 1334 3083 onmes
1356 3059 1420 3084 vos
1446 3047 1663 3084 scandalum
1686 3042 1839 3111 ⁰iui⁰333¹¹fh
