2030 3324
188 297 276 339 Κεφ.
295 293 353 328 vzz'.

205 380 271 408 pac.
284 371 343 398 713.

191 2664 282 2708 Κεφ.
306 2663 366 2709 νβ’.

368 206 448 245 670
921 210 1083 243 εΑΝοΤῙ
1107 211 1336 244 ΕΡῙΡΗΑΝΠ

471 286 609 328 ’Ἑσται
640 285 713 341 γᾶρ
750 291 864 329 τοῦτο
898 288 1072 328 ἐναντίον
1107 292 1160 344 τῷ
1191 289 1278 343 περὶ
1312 291 1402 331 υἱοῦ
1435 287 1722 344 τροπικιότερον
1753 287 1903 342 λέγοντι

368 355 457 406 περὶ
477 359 546 408 τῆς
567 356 610 396 ἐκ
634 353 849 408 προςώπου
874 353 1229 409 ένανθρωπήσεως,
1260 354 1334 396 κὸἶν
1354 357 1394 397 ἔν
1423 374 1498 398 τινι
1528 357 1632 411 μέρει
1654 354 1773 410 λόγου
1796 371 1899 410 γενο·

368 423 486 475 μένης
514 420 766 472 ὑποθέσεως,
801 420 868 462 διὰ
897 426 968 463 τοῦ
998 419 1201 475 οἷληθινῶς
1230 423 1546 477 ένανθρωπῆσαι.
1607 425 1661 464 Εἰ
1688 421 1761 477 γάρ
1792 422 1904 475 ἀλλη-

368 495 539 544 γορεῖται
568 489 612 531 τό
642 490 732 544 περὶ
762 492 893 542 ψυχῆς
923 491 1036 540 υἱοῦ,
1069 491 1136 530 καὶ
1165 489 1455 544 τροπικώτερον
1485 493 1574 545 περὶ
1605 490 1727 543 αὐτῆς
1756 488 1902 542 ὑπολη-

368 558 509 607 πτέον,
542 555 618 612 ι’ίρα
649 558 716 598 καὶ
746 557 834 610 περὶ
865 558 1029 610 καρδίας
1064 561 1257 598 1’τοιαῦτα
1286 558 1462 610 λελέχθω.
1523 559 1603 599 Καὶ
1625 557 1803 610 δώσομεν
1826 562 1902 598 λοι-

368 622 447 666 πόν
476 623 523 665 τοὶ
554 623 682 666 πάντα
712 623 874 677 δόκησιν
904 622 1025 674 εἶναι,
1054 624 1123 665 καὶ
1155 623 1230 665 οὐκ
1261 622 1460 677 ἆλήθειαν.
1525 630 1731 680 Τροπικῶς
1758 627 1907 679 εἴρηται

368 693 436 733 καὶ
465 693 556 747 περὶ
588 690 752 747 σαρκὸς,
792 690 891 733 κατοῖ
929 689 998 732 τὸν
1036 693 1263 742 φιλονείκου
1291 689 1442 746 Ἀρείου
1471 690 1597 746 λόγον.
1658 694 1738 734 Καὶ
1776 690 1907 734 οὐκέτι

368 762 531 814 καρδίαν
561 761 667 813 ἔσχεν
697 757 824 800 ε’λθαὶν
855 757 878 801 ὁ
906 758 1039 813 λόγος,
1071 757 1161 800 οὔτε
1184 757 1314 813 ἤπαρ,
1346 757 1435 800 οὕτε
1457 757 1603 813 σάρκα,
1635 758 1724 801 οὔτε
1747 761 1904 814 ἔγκατα,

369 825 459 869 οὔτε
489 826 622 878 ὀστέα,
655 825 744 869 οὔτε
772 844 808 868 τι
837 831 914 868 τῶν
943 825 1153 877 τοιούτων,
1184 825 1279 867 ἀλλὰ
1310 825 1436 866 πάντα
1465 825 1604 868 λοιπὸν
1625 826 1905 882 ἆλληγορεῖται,

370 897 438 937 καὶ
465 894 755 950 τροπικιότερον
785 894 947 949 λέγεται·
994 892 1022 947 ἢ
1051 892 1112 936 ὅτι
1141 893 1241 942 ὅλως
1280 892 1432 949 φυρτόν
1461 895 1573 946 ἔλαβε
1603 899 1736 947 σῶμα,
1787 894 1908 948 μηδὲν

369 968 447 1005 τῶν
479 965 729 1005 2ε’ντοσθίων
759 963 858 1015 ἕχον.
921 966 1018 1010 Πῶς
1048 956 1122 1002 οὖν
1151 959 1268 1014 ἤσθιε
1288 962 1356 1002 καὶ
1377 963 1526 1011 ἔπινεν,
1559 959 1653 1002 ἄλλα
1678 959 1812 1016 ἄπαγε.
1856 962 1912 1002 Εἰ

370 1031 412 1073 δὲ
442 1029 464 1073 δ
495 1029 622 1085 πατὴρ
660 1031 758 1086 λέγει
796 1031 962 1084 καρδίαν
1003 1031 1071 1070 καὶ
1101 1027 1256 1082 ψυχήν,
1299 1028 1460 1070 δύναται
1492 1029 1533 1070 δὲ
1563 1031 1616 1077 εἰς
1646 1027 1767 1072 αὐτόν
1797 1027 1909 1082 οἷλλη-

370 1105 579 1155 γορεῖσθαι
616 1099 683 1139 καὶ
712 1102 910 1152 τροπικῶς
938 1097 1138 1152 λέγεσθαι,
1181 1097 1249 1138 καὶ
1279 1098 1334 1145 εἰς
1362 1095 1432 1138 τόν
1461 1095 1551 1138 υἰόν
1579 1101 1799 1152 τροπικῶς,
1843 1094 1909 1138 διοὶ

369 1165 414 1208 τὸ
446 1166 654 1222 ἀρνεῖσθαι
683 1163 804 1207 αὐτόν
834 1166 1034 1217 εἰληφέναι
1064 1163 1208 1217 ψυχήν.
1268 1166 1344 1213 Εἰς
1374 1164 1414 1205 δὲ
1444 1163 1486 1206 τὸ
1518 1165 1606 1219 περὶ
1637 1166 1802 1220 καρδίας
1829 1179 1910 1205 πιε·

371 1233 522 1287 ζόμενοι
553 1233 600 1275 οὐ
632 1232 818 1274 δύνανται
855 1231 1127 1287 ἀρνήσασθαι,
1170 1230 1234 1272 διοὶ
1265 1231 1308 1273 τὸ
1340 1230 1620 1286 ὁμολογεῖσθαι
1659 1229 1748 1286 παρ’
1780 1229 1910 1273 αὐτῶν

371 1306 502 1343 πᾶσαν
531 1299 602 1353 τήν
630 1300 746 1341 θέσιν
775 1304 845 1341 τοῦ
875 1298 1055 1352 σώματος
1089 1297 1185 1340 3τὸν
1205 1297 1343 1353 κύριον
1368 1299 1586 1351 εἰληφέναι,
1618 1297 1700 1341 ἀπὸ
1723 1303 1793 1340 τοῦ
1815 1316 1909 1353 καρ-

373 1372 461 1411 δίαν
484 1370 548 1410 καὶ
569 1369 757 1422 καρδίαν,
787 1365 860 1420 τήν
889 1366 959 1419 μὲν
989 1364 1188 1419 α’ληθινῶς
1219 1363 1560 1421 ὁμολογουμένην,
1590 1364 1661 1420 τήν
1690 1366 1732 1407 δὲ
1754 1364 1910 1422 ἆλληγο-

372 1437 577 1491 ρουμένην.
642 1434 755 1476 Οὕτω
787 1435 853 1476 καὶ
883 1435 971 1488 περὶ
1001 1438 1133 1486 ψυχῆς
1163 1431 1185 1475 ὅ
1214 1435 1330 1489 λόγος
1354 1432 1508 1487 ἀληθὴς
1531 1432 1715 1488 ὑπάρχει,
1745 1435 1812 1475 καὶ
1835 1433 1912 1476 οὐκ

373 1502 661 1559 ἅλληγορεῖται,
704 1500 794 1543 οὔτε
829 1505 1027 1557 τροπικῶς
1062 1502 1217 1556 λέγεται.
1293 1500 1426 1554 Οὔσης
1456 1501 1498 1542 δὲ
1533 1506 1604 1555 τῆς
1633 1507 1704 1544 τοῦ
1737 1505 1911 1557 Χριστοῦ

375 1569 716 1626 ἐνανθρωπήσεως
746 1571 787 1611 ἐν
816 1570 934 1611 παντὶ
966 1571 1288 1622 4τετελειωμένης
1317 1568 1464 1622 σώματι
1495 1570 1561 1610 καὶ
1588 1574 1720 1627 ψυχῇ,
1757 1570 1824 1611 καὶ
1855 1573 1911 1625 νῷ

374 1641 442 1682 καὶ
472 1642 634 1696 καρδίᾳ,
664 1639 730 1680 καὶ
761 1639 816 1686 εἰς
845 1636 973 1679 πάντα
1002 1636 1076 1679 ὅσα
1107 1638 1212 1679 ἐστὶν
1231 1635 1451 1692 ἄνθρωπος
1474 1638 1594 1692 χωρὶς
1615 1634 1822 1692 ἁμαρτίας,
1854 1637 1913 1692 γέ·

373 1724 462 1763 γονε
492 1707 534 1749 δὲ
563 1705 667 1764 αὐτῷ
697 1705 745 1747 τοὶ
775 1704 1010 1761 ἀνθρώπινα
1041 1703 1210 1760 εὐλόγως
1234 1703 1497 1760 πράττεσθαι,
1527 1707 1596 1746 καὶ
1613 1705 1655 1746 έν
1675 1703 1836 1758 θεότητι
1856 1720 1912 1745 τε-

373 1778 483 1824 λείως
512 1777 553 1817 έν
583 1777 755 1831 σωτηρίᾳ
778 1775 1054 1824 ἐπιτελεῖσθαι,
1086 1771 1214 1814 οὐκέτι
1236 1771 1262 1826 ἡ
1284 1771 1405 1814 αὐτοῦ
1434 1771 1579 1826 θεότης
1602 1771 1787 1826 ἀδοξήσει
1805 1770 1913 1827 παροὶ

373 1842 445 1896 τήν
473 1847 544 1885 τοῦ
572 1840 721 1897 πατρὸς
749 1840 982 1894 τελειότητα,
1014 1840 1109 1884 ἄλλα
1132 1839 1197 1882 διὰ
1218 1839 1286 1894 τήν
1311 1842 1500 1895 ἕνσαρκον
1522 1838 1826 1894 ε’νανθρώπησιν
1847 1840 1915 1881 καὶ

374 1909 417 1952 τό
461 1913 650 1963 διψῆσαι,
696 1911 762 1951 καὶ
803 1908 846 1951 τὸ
878 1914 1079 1960 πεινᾶσαι,
1122 1910 1190 1950 καὶ
1231 1907 1275 1950 τό
1318 1914 1422 1950 πιεῖν
1458 1909 1527 1950 καὶ
1558 1910 1726 1959 ἐσθίειν,
1767 1909 1834 1950 καὶ
1869 1906 1913 1949 τὸ

375 1976 532 2020 ὑπνοῦν
550 1979 615 2019 καὶ
641 1976 854 2031 ἀδημονεῖν
876 1976 1201 2032 πληρωθήσεται,
1233 1974 1419 2024 ἀπαθοῦς
1440 1974 1560 2029 οὔσης
1578 1981 1648 2030 τῆς
1671 1973 1795 2017 αὐτοῦ
1822 1973 1913 2016 θεό-

374 2063 498 2100 τητος.
560 2046 639 2086 Καὶ
669 2046 843 2087 διέπεσεν
873 2043 1003 2087 αὐτῶν
1033 2043 1151 2087 πάλιν
1182 2043 1204 2087 ὁ
1234 2045 1324 2100 περὶ
1352 2043 1494 2086 τούτου
1523 2042 1658 2099 λόγος,
1689 2041 1825 2097 ἐπειδὴ
1849 2037 1914 2096 ἦλ-

376 2120 450 2157 θεν
479 2115 535 2162 εἷς
563 2112 688 2169 σάρκα
717 2112 815 2162 θεὸς
845 2111 910 2154 ὤν.

498 2660 734 2717 1Λεγόντων
765 2660 896 2704 αὐτῶν
927 2660 987 2703 ὅτι
998 2694 1008 2713 ,
1051 2662 1108 2701 Εἰ
1135 2655 1186 2714 ἦν
1215 2662 1258 2702 ἐκ
1287 2664 1357 2702 τοῦ
1386 2656 1554 2713 πατρὸς,
1595 2660 1681 2705 πῶς
1709 2654 1763 2704 εἰς
1791 2650 1917 2711 σάρκα

428 2786 502 2819 ΟΛΡ.
527 2788 582 2820 LI.
617 2808 659 2813 —
710 2787 738 2821 1.
762 2790 899 2822 τοιαῦτα
932 2789 1022 2820 codd.
1054 2797 1124 2820 mss.
1171 2787 1270 2818 situm
1290 2785 1432 2830 partium
1450 2783 1598 2827 corporis
1611 2781 1781 2814 dominum
1802 2792 1916 2814 susce-

379 2829 421 2865 τά
440 2833 576 2865 τοιαῦτα
600 2835 682 2865 editi.
1172 2831 1269 2876 pisse.

425 2876 455 2907 2.
483 2876 655 2911 έντοστίων
679 2880 748 2910 cod.
768 2880 898 2919 Rhedigy.
1216 2875 1247 2908 4.
1283 2875 1542 2918 τετελειωμένης
1573 2883 1637 2914 e9o.
1695 2871 1917 2914 τελειωμένης

424 2921 455 2954 3.
485 2923 571 2953 Libri
599 2924 709 2954 habent
739 2925 796 2957 τοῦ
822 2923 944 2965 κυρίου.
992 2926 1054 2955 Pro
1080 2921 1124 2956 εἰ-
1171 2923 1260 2954 codd.
1280 2931 1343 2953 mss
1400 2917 1628 2961 τελειουμένης
1651 2919 1699 2950 ed.
1719 2918 1825 2951 Pelav.
1865 2927 1916 2950 τε-

380 2964 518 3009 ληφέναι
541 2968 587 2997 ed.
610 2977 657 3006 pr.
679 2969 768 3000 habet
791 2967 979 3011 εἰλήφεται,
1002 2970 1049 2999 ed.
1066 2970 1124 3000 Pe·
1171 2965 1342 3008 λειομένης
1364 2967 1411 2998 ecl.
1430 2975 1478 3006 pr.

380 3015 444 3044 tav.
471 3010 653 3054 εἰληφέναι.
702 3014 872 3046 Cornarius
893 3015 982 3046 vertit
998 3023 1127 3045 omnem
