2066 3319
506 204 684 236 PANARu
710 204 792 236 Lm.
812 206 852 238 Η.
877 207 984 238 ToM.
1008 208 1047 239 u.
1075 207 1204 239 HAER.
1229 208 1349 240 vai.
1621 200 1701 239 435

287 282 386 324 XX.
437 281 625 324 Iulianus.

573 352 619 392 tti
656 367 790 393 omnes
825 357 869 394 ad
905 355 1093 395 decimum
1127 369 1267 395 annum
1305 356 1492 396 Antonini
1525 354 1582 397 Pii
1616 370 1701 412 per-

490 420 666 460 veniunt.

261 485 383 527 XXI.
434 488 625 529 Gaianus.

242 554 384 596 XXII.
432 553 705 610 Symmachus.

218 622 382 664 XXIII.
433 622 574 675 Caius,
609 626 656 665 ad
689 633 867 666 octavum
901 641 1042 668 annum
1072 626 1181 667 Veri.

221 690 383 732 XXIV.
433 690 620 734 Iulianus.

242 758 384 801 XXV.
433 759 589 816 Capito.

217 827 381 869 XXVI.
429 828 654 880 Maximus,
688 832 734 871 ad
766 845 906 872 annum
940 831 1128 871 decimum
1160 838 1315 872 sextum
1340 831 1452 873 Veri.

200 895 383 939 XXVII.
431 898 672 939 Antoninus.

178 964 384 1006 XXVIII.
432 965 595 1007 Valens.

212 1032 379 1074 XXIX.
431 1032 706 1087 Dolicliianus,
740 1036 785 1076 ad
820 1033 1075 1077 Commodum
1109 1051 1246 1091 usque.

239 1100 383 1143 XXX.
431 1100 662 1144 Narcissus.

217 1169 383 1211 XXXI.
434 1169 555 1222 Dius,
590 1173 635 1212 ad
670 1170 863 1214 Severum
898 1187 1032 1228 usque.

196 1237 381 1280 XXXII.
432 1237 662 1281 Germanio.

175 1306 384 1348 XXXIII.
433 1306 628 1360 Gordius,
664 1324 784 1364 usque
816 1310 862 1350 ad
896 1309 1153 1350 Antoninum.

177 1374 384 1416 XXXW.
433 1375 647 1418 Narcissus
682 1379 843 1428 iterum,
878 1393 998 1433 usque
1027 1380 1071 1418 ad
1098 1379 1367 1419 Alexandrum
1392 1377 1638 1421 mammaeae
1664 1381 1705 1420 [i-

432 1446 547 1497 lium,
582 1461 658 1486 non
690 1445 973 1498 Macedonem,
1007 1448 1074 1488 sed
1108 1448 1271 1488 alterum
1305 1449 1511 1501 quendam.

200 1512 385 1554 XXXV.
434 1515 686 1566 Alexander,
721 1530 842 1570 usque
874 1516 918 1556 ad
953 1517 1116 1556 eundem
1150 1514 1436 1556 Alexandrum.

178 1579 384 1623 XXXVI.
434 1581 699 1633 Mazabanus,
735 1585 779 1624 ad
814 1584 968 1625 Gallum
1002 1591 1039 1624 et
1066 1583 1336 1624 Volusianum.

162 1648 390 1691 XXXVII.
435 1650 711 1707 Hymenaeus,
747 1653 791 1692 ad
824 1652 1097 1693 Aurelianum.

276 1774 524 1832 Colliguntur
548 1778 594 1818 ab
619 1778 850 1818 ascensione
873 1776 1019 1819 Christi
1041 1779 1084 1818 ad
1106 1776 1283 1829 Manem,
1318 1786 1356 1819 et
1383 1778 1635 1819 Aurelianum
1660 1794 1704 1820 ac

162 1843 331 1886 Probum
361 1846 640 1901 imperatores,
675 1849 765 1886 anni
792 1844 1074 1898 CCLXXVI,
1108 1860 1158 1886 ex
1183 1847 1434 1901 quorumdam
1468 1847 1705 1901 chronogra-

163 1915 322 1971 phorum
357 1915 530 1965 calculo,
566 1929 618 1955 ex
649 1915 810 1956 aliorum
841 1930 935 1956 vero
968 1915 1241 1970 supputatione
1267 1913 1498 1956 CCXLVI.
1562 1917 1594 1956 A
1631 1931 1704 1970 quo

163 1991 335 2039 tempore
360 1985 406 2024 ad
434 1983 658 2023 hodiernam
690 1983 788 2024 diem
822 1984 855 2023 hi
889 1984 1056 2038 episcopi
1093 1991 1367 2024 numerantur:
1414 1983 1568 2035 Bazas,
1605 1984 1705 2025 Her-

163 2067 268 2102 mon,
297 2051 513 2101 Macarius,
536 2050 754 2103 Maximus,
791 2050 978 2108 Cyrillns,
1015 2051 1254 2103 Herennius,
1290 2050 1463 2107 Cyrillns
1487 2054 1600 2103 alter,
1636 2053 1706 2093 Hi-

163 2122 357 2172 larionus,
399 2120 460 2175 qui
498 2134 598 2160 nunc
633 2121 823 2161 ecclesiae
855 2120 1071 2176 praesidet,
1115 2121 1176 2176 qui
1211 2136 1296 2161 cum
1331 2122 1492 2162 Arianis
1525 2121 1704 2162 habuisse

164 2190 473 2231 communionem
508 2198 713 2229 accusatus
746 2197 819 2230 est.

278 2257 538 2313 Imperatores
563 2273 657 2297 vero
684 2258 867 2313 deinceps
894 2258 928 2298 hi
953 2258 1074 2298 secuti
1099 2266 1212 2309 sunt,
1249 2273 1409 2313 quorum
1442 2272 1529 2298 cum
1554 2259 1703 2312 episco-

164 2327 221 2382 pis
248 2335 420 2382 tempora
445 2327 651 2367 coniuncta
676 2334 779 2367 sunt.
844 2328 1081 2367 Aurelianus
1107 2342 1208 2367 anno
1232 2342 1307 2368 uno
1335 2327 1548 2382 superfuit,
1585 2325 1703 2367 Taci-

165 2403 225 2436 tus
256 2396 454 2436 mensibus
483 2410 581 2446 sex,
617 2394 744 2437 Carus
772 2403 809 2436 et
837 2393 1006 2436 Carinus
1038 2403 1075 2436 et
1103 2394 1369 2437 Numerianus
1402 2409 1555 2435 menses
1588 2396 1699 2446 dnos,

167 2462 435 2505 Diocletianus
468 2479 592 2504 annos
625 2464 782 2518 viginti,
823 2462 1115 2514 Maximianus,
1157 2463 1355 2513 Licinius,
1400 2462 1700 2514 Constantinus,

166 2529 436 2583 Constantius,
475 2532 659 2583 lulianus,
697 2531 894 2580 Iovianus,
927 2531 1238 2583 Valentinianus,
1277 2531 1438 2581 Valens,
1473 2531 1699 2582 Gratianus,

165 2603 261 2641 adeo
291 2609 373 2642 uta
400 2599 620 2641 Manichaei
650 2609 821 2657 tempore
845 2603 890 2642 ad
925 2602 1024 2642 hunc
1057 2617 1222 2650 annum,
1257 2602 1318 2655 qui
1354 2609 1411 2640 est
1439 2599 1613 2641 Valentis
1638 2604 1702 2641 de-

166 2670 287 2711 cimus
316 2671 475 2720 tertius,
511 2670 686 2711 Gratiani
721 2685 869 2721 nonus,
905 2668 1170 2711 Valentiniani
1203 2670 1364 2709 iunioris
1401 2669 1567 2724 primus,
1610 2669 1701 2710 anni

165 2771 243 2802 seqq.
267 2772 324 2802 pro
341 2759 463 2803 Βάζας,
479 2757 637 2804 ’Έρμωη
663 2758 830 2803 Μάκαρις,
853 2760 911 2802 Μ.,
1008 2760 1055 2793 13.
1082 2763 1229 2801 Suspicor
1249 2758 1294 2794 ἐ’ν.

166 2806 222 2848 Κ,
245 2803 410 2848 Ἑρέννις.
440 2805 600 2848 Κύρι).λο;
623 2804 737 2848 ἄλλως,
762 2804 912 2847 Ἱκαρίω-
1007 2809 1056 2838 14.
1084 2805 1141 2847 ἔτη
1166 2811 1288 2846 uterque
1313 2807 1378 2837 cod.
1400 2817 1455 2838 ms.

166 2863 217 2890 νος
231 2863 271 2892 ap
295 2854 498 2893 Nicephorum
512 2855 654 2893 leguntur
665 2852 814 2896 Ζαρδἆς,
833 2850 911 2894 Ἑρ·
1009 2853 1056 2884 15.
1087 2854 1181 2891 1'11190
1206 2848 1455 2885 ‹J-Jmaeurmofi.

169 2897 250 2938 μῶν,
268 2897 454 2939 Μακάριος,
471 2899 527 2939 M„
546 2898 601 2940 K„
615 2895 912 2941 Ἀρσένιος,“Ηροὶ-
1008 2898 1056 2929 10'.
1082 2898 1168 2928 Libri
1187 2898 1297 2928 habent
1320 2896 1411 2935 ἔτους
1434 2896 1474 2934 α’.
1509 2899 1701 2941 mmmm-

169 2943 293 2982 κλειος,
318 2941 469 2985 Ἱλάριος.
959 2944 1012 2976 νοῦ
1044 2941 1081 2975 δὲ
1117 2940 1171 2984 [δὲ
1203 2953 1262 2973 om.
1289 2944 1355 2974 cod.
1380 2945 1524 2986 thediy.)
1561 2944 1619 2987 ἔτη
1645 2943 1701 2985 0:-

219 2990 266 3019 ιλ.
292 2989 345 3020 Sic
365 2991 494 3021 correxi.
529 2990 614 3021 Libri
635 2990 745 3021 habent
761 2987 911 3031 Ἱλαρίω-
961 2990 1128 3020 Carnarius
1151 2990 1295 3019 convertit
1330 2996 1364 3019 ut
1394 2989 1460 3020 sint
1483 3003 1499 3020 a
1532 2991 1701 3033 puuedicto

169 3043 221 3070 νος
244 3032 307 3067 νῦν.
958 3034 1044 3065 hunc
1070 3044 1169 3076 usquc
1192 3032 1225 3063 in
1247 3051 1266 3057 —·
1284 3051 1301 3057 -
1323 3052 1339 3057 -
1360 3052 1380 3057 —
1403 3035 1622 3067 Valentiniani
1646 3038 1702 3068 lu-

1329 3092 1429 3135 28*
