2066 3319
552 202 732 234 PANARn
754 203 838 234 ΜΒ.
861 204 902 235 11.
927 204 1035 236 Tou.
1055 205 1078 236 1.
1105 204 1235 236 HAER.
1255 203 1377 236 LXIV.
1660 196 1735 235 341

199 296 246 338 pe
269 288 469 337 peccatum
494 295 607 322 omne
636 295 680 321 ac
705 289 867 322 conatus
895 283 1127 324 adminiculo
1154 283 1284 324 carnis
1314 284 1359 323 ad
1392 284 1568 324 effectum
1602 283 1742 339 perdu-

199 350 311 391 citur.
376 348 640 404 Quamobrem
674 364 957 405 saepenumero
990 351 1028 391 in
1065 352 1240 407 epistolis
1275 353 1406 392 eadem
1442 353 1503 392 illa
1537 353 1741 393 manifeste

198 418 308 459 nobis
331 418 530 459 inculcans
556 419 689 473 fugere
714 419 968 473 aversarique
994 420 1113 460 iubet.
1176 423 1304 460 Nolite
1326 436 1471 468 errat-e,
1506 421 1644 475 inquit,
1679 436 1742 460 ne·
1759 432 1904 466 aeone,
1920 433 1944 461 τ.

196 502 266 540 que
279 489 560 540 sorm‘ealores,
595 502 713 539 neque
734 490 969 535 idololatrae,
1004 504 1071 527 nec
1095 491 1272 535 “dedier-s,
1307 504 1424 541 neque
1448 492 1589 536 molles,
1624 505 1741 542 neque

196 558 443 595 masculorum
469 557 747 603 concubitores,
790 572 907 608 neque
939 558 1068 608 sures,
1112 572 1178 596 nec
1212 560 1339 604 aval‘e',
1384 572 1450 596 nec
1475 559 1590 605 ebrii,
1625 573 1741 610 neque

195 627 483 671 conviciatores,
518 639 635 676 neque
661 632 831 676 raptores
853 640 1008 676 regumn
1032 628 1095 664 (lei
1109 626 1366 677 possidebant.
1432 624 1582 665 Deinde
1597 658 1606 676 ,
1641 627 1739 680 quod

196 699 310 746 caput
334 699 415 743 est,
453 699 492 732 ut
518 706 589 733 nos
615 693 660 732 ad
694 700 894 747 peccatum
929 694 1031 733 omni
1065 707 1136 747 ope
1173 693 1369 733 vitandum
1401 700 1439 733 ct
1466 694 1739 734 excutiendum

195 760 437 815 impelleret,
471 763 684 800 Ime‘lalores
709 765 799 809 mei,
835 761 954 815 inquit
971 794 981 812 ,
1015 769 1148 809 estote,
1183 765 1282 800 sicut
1310 770 1348 800 et
1368 777 1437 812 ego
1462 764 1615 801 Christi.
1683 760 1740 802 lta
1760 771 1772 797 l
1789 770 1943 803 Cor.11‚1.

195 844 270 869 non
295 829 446 883 agendo
474 829 827 884 committendoque
853 843 949 884 quae
973 829 1114 879 nollet,
1149 830 1216 869 sed
1244 830 1450 884 cogitando
1477 830 1601 869 solum
1627 844 1741 885 supe-

195 898 300 939 riora
325 898 386 938 illa
414 898 629 953 proposuit.
693 897 850 953 Alioqui
877 897 939 952 qui
967 905 1098 952 posset
1124 898 1294 938 imitator
1319 895 1464 939 Christi
1496 911 1583 938 csse
1616 899 1742 953 persc-

195 967 306 1007 ctus?
366 965 483 1007 Nunc
507 974 634 1007 autem
667 981 751 1007 cum
776 980 893 1021 saepe
919 966 1131 1006 bestiarum
1159 966 1314 1021 proprie
1343 966 1454 1007 nobis
1481 966 1740 1020 cogitationes

192 1035 386 1087 incidant,
419 1049 517 1090 quae
550 1049 622 1076 nos
654 1035 728 1075 alia
761 1035 856 1076 alias
888 1035 1097 1089 cupiditate
1131 1049 1174 1075 ac
1207 1035 1434 1076 curiositate
1467 1035 1701 1091 compleant,

486 1118 704 1155 lllztscarzmz
737 1118 848 1154 velem
879 1118 1076 1154 densarum
1109 1119 1281 1154 etz-(traina
1313 1118 1443 1164 mulla,
1758 1123 1792 1151 11.
1814 1124 1848 1158 B,
1872 1124 1930 1152 ⁴6⁹.

192 1241 352 1292 idcirco,
388 1240 481 1282 Non
506 1241 606 1296 quod
628 1241 734 1293 volo,
768 1240 881 1292 dixit,
916 1241 988 1282 hoc
1012 1240 1128 1282 facio.
1193 1240 1305 1295 Quae
1331 1242 1483 1296 quidem
1510 1248 1738 1282 constanter

193 1324 244 1352 ex
268 1310 397 1351 animo
420 1309 611 1350 eiicienda
635 1317 739 1361 sunt,
775 1317 813 1351 ut
838 1310 883 1350 ad
909 1310 1053 1351 nullum
1078 1310 1236 1351 omnino
1261 1311 1425 1352 faciendi
1453 1325 1552 1366 quae
1573 1311 1742 1351 suaserit

192 1379 315 1433 gratia
340 1379 593 1419 declinemus.
656 1376 708 1419 Ut
731 1379 830 1419 enim
858 1379 902 1418 ad
929 1379 1101 1419 coeleste
1128 1393 1291 1434 regnum
1317 1380 1599 1431 adscribamur,
1635 1386 1740 1434 post-

193 1461 303 1502 quam
336 1461 404 1502 per
438 1460 572 1487 omnes
600 1446 820 1502 voluptates
846 1461 890 1488 ac
916 1447 1071 1488 dolores
1106 1447 1318 1503 periculum
1354 1448 1479 1489 nostri
1513 1450 1736 1499 fecerimus,

193 1524 411 1557 utrumnam
438 1522 665 1556 constantes
693 1522 807 1570 atque
834 1515 1091 1557 immutabiles
1121 1517 1264 1566 simus,
1301 1524 1338 1557 ct
1360 1516 1500 1572 ubique
1526 1517 1739 1573 incorrupti

192 1586 317 1625 instar
339 1585 422 1625 auri
447 1584 537 1638 igne
559 1592 673 1638 atque
694 1584 874 1624 incendio
897 1584 1070 1639 probati,
1106 1584 1199 1625 nihil
1222 1599 1242 1625 a
1265 1586 1419 1640 propria
1446 1586 1590 1627 virtute
1612 1585 1738 1626 desci-

193 1653 387 1705 verimus,
422 1661 501 1694 tum
529 1667 624 1694 vero
647 1652 841 1708 plerisque
866 1653 982 1693 rebus
1014 1653 1165 1694 animus
1190 1660 1326 1694 noster
1348 1654 1598 1709 perturbatur
1622 1662 1738 1709 atque

191 1722 360 1776 angitur.
425 1719 688 1775 Quamobrem
717 1722 868 1762 fortiter
895 1736 966 1762 nos
996 1736 1129 1763 eorum
1162 1722 1366 1763 conatibus
1392 1737 1589 1778 opponere
1621 1724 1738 1765 debe-

190 1804 291 1832 mus.
354 1790 689 1845 Quemadmodum
715 1804 862 1844 genere
885 1804 925 1831 se
953 1791 1095 1831 milites
1127 1790 1275 1841 solent,
1312 1791 1376 1845 qui
1404 1806 1488 1832 cum
1518 1806 1561 1832 se
1591 1792 1636 1832 ab
1670 1792 1737 1833 ho-

190 1859 314 1900 stibus
337 1859 507 1900 obsideri
530 1859 683 1911 videut,
720 1859 855 1899 horum
880 1859 1032 1914 sagittis
1058 1874 1100 1900 ac
1126 1858 1262 1899 iaculis
1294 1860 1525 1916 contemptis
1551 1861 1736 1902 tutandae

191 1927 296 1968 urbis
319 1927 444 1982 gratia
469 1942 608 1982 magno
638 1927 768 1968 animo
792 1927 1088 1983 impressionem
1113 1928 1149 1968 in
1176 1942 1244 1968 eos
1273 1928 1441 1979 faciunt,
1477 1943 1601 1984 neque
1631 1931 1737 1985 quic-

191 2011 303 2052 quam
329 1997 443 2037 studii
469 1996 804 2051 praetermittunt,
839 1998 963 2037 donec
985 1998 1201 2037 confertum
1226 1996 1379 2038 illorum
1403 1998 1559 2053 globum
1583 2000 1736 2054 propul-

190 2073 278 2106 sent
310 2073 424 2120 atque
446 2073 567 2116 ,extra
603 2066 700 2105 lines
735 2079 827 2106 suos
863 2065 1034 2106 eiiciant.
1097 2064 1221 2107 Vides
1254 2068 1354 2106 enim
1394 2066 1446 2106 uti
1480 2067 1737 2121 cogitationes

190 2141 348 2190 propter
368 2141 566 2188 peccatum
590 2133 698 2185 illud,
733 2134 832 2188 quod
855 2134 892 2174 in
914 2133 1026 2174 nobis
1046 2133 1208 2185 habitat,
1245 2135 1496 2176 extrinsecus
1517 2135 1735 2190 insurgant,

192 2203 298 2244 velut
318 2203 438 2244 rabidi
465 2204 617 2258 quidam
642 2216 774 2253 canes,
807 2202 868 2243 vel
892 2203 1057 2243 audaces
1082 2217 1127 2244 ac
1150 2203 1359 2244 truculenti
1380 2204 1614 2259 praedones,
1641 2219 1737 2258 quos

189 2272 366 2312 immanis
392 2272 455 2312 ille
478 2279 668 2328 tyrannus
692 2278 732 2311 et
758 2270 970 2312 iniustitiae
996 2271 1175 2328 princeps
1205 2272 1362 2313 assidue
1388 2273 1426 2312 in
1456 2287 1526 2313 nos
1550 2272 1734 2313 immittit.

191 2340 320 2395 Atque
345 2340 390 2381 ab
421 2341 468 2381 iis
495 2341 647 2395 quidem
672 2340 901 2395 probamur,
936 2348 1063 2381 utrum
1091 2342 1278 2382 resistere
1302 2341 1416 2396 ipsis,
1452 2348 1566 2395 atque
1595 2355 1645 2381 ex
1671 2342 1736 2382 ad-

191 2422 306 2450 verso
339 2409 446 2450 velut
474 2410 513 2450 in
545 2410 629 2449 acie
662 2410 880 2450 consistere
913 2410 1120 2465 possimus.

303 2478 390 2532 Age
424 2478 554 2533 itaque
588 2478 676 2519 vide
711 2479 789 2530 sis,
830 2478 981 2531 anima,
1023 2493 1072 2519 ne
1107 2478 1274 2519 infracta
1312 2478 1541 2532 quandoque
1573 2478 1611 2519 in
1642 2478 1734 2519 illud
1786 2482 1863 2523 Cap

191 2553 418 2589 transversa
443 2547 632 2603 rapiaris,
668 2561 739 2588 nec
770 2547 847 2588 ullo
875 2554 911 2587 te
937 2547 1217 2603 redemptionis
1252 2547 1374 2602 pretio
1401 2547 1566 2588 liberare
1598 2561 1735 2601 possu-
1778 2528 1869 2561 L1X

190 2629 289 2656 mus.
349 2618 465 2667 Quam
487 2620 580 2656 enim
603 2608 920 2656 commutationem
945 2618 1048 2656 dabit
1070 2619 1175 2655 homo
1192 2631 1266 2669 pro
1286 2620 1408 2655 (mima
1430 2630 1498 2654 sua
1512 2620 1530 2654 ἴ)
1574 2614 1627 2656 Et
1652 2616 1733 2671 qui·
1764 2617 1875 2681 Ῑῖῐὸῑῑῑὲὲξ

190 2683 275 2725 dem
306 2686 513 2740 optandum
547 2685 638 2726 illud
672 2692 755 2726 erat
780 2700 823 2726 ac
850 2685 1018 2726 laetitiae
1048 2685 1337 2740 plenissimum,
1373 2684 1497 2725 nullos
1527 2691 1568 2725 ut
1597 2685 1735 2726 adver·
1806 2674 1814 2688 ’

190 2753 316 2794 sarios
337 2761 450 2809 atque
475 2753 609 2795 hostes
634 2754 879 2795 haberemus.
944 2752 1022 2796 Sed
1048 2754 1228 2809 quoniam
1252 2753 1332 2792 fieri
1362 2753 1462 2793 istud
1489 2767 1565 2793 non
1589 2760 1732 2808 potest,

191 2828 229 2861 et
264 2823 362 2876 quod
403 2823 581 2864 volumus
622 2837 862 2878 nequaquam
902 2823 1162 2878 assequimur.
1229 2820 1418 2862 Volumus
1457 2822 1558 2862 enim
1592 2822 1733 2863 habere

191 2949 271 2979 enim
293 2950 384 2988 vutyo
408 2944 495 2993 ἄχρι.
983 2951 1065 2989 quod
1092 2950 1162 2980 libri-
1192 2950 1330 2980 retinent.
1381 2946 1426 2986 εἰς
1459 2948 1588 2991 μηδένα
1617 2951 1735 2990 placuit

237 2993 267 3024 Ξ).
281 2992 395 3046 μηδὲ-,ω
431 2997 520 3037 (aut,
543 2999 569 3027 si
593 2999 696 3037 magis
717 2999 837 3037 placet,
873 3008 936 3039 μη·
983 2997 1119 3027 Ρε(αι·ι“ο.

192 3035 245 3079 δὲ)
271 3033 356 3077 όλως
376 3049 429 3081 ²9⁰
448 3044 592 3082 rescripsi
611 3052 668 3083 pro
693 3042 821 3086 μηδένα
836 3038 936 3083 ὅλως,
1028 3039 1060 3073 (5.
1086 3036 1276 3074 ἀπώσονται
1300 3041 1371 3072 edit.
1392 3042 1492 3081 princ.

524 3107 541 3123 ὁ
