2030 3324
497 231 677 263 PANAnn
704 230 786 263 Lm.
808 231 845 264 n.
872 231 1038 265 TOM.11.
1067 232 1197 263 tmen.
1221 232 1346 264 inx.
1622 223 1703 263 (319

151 325 242 368 prae
269 309 449 351 omnibus
469 309 532 364 qui
556 310 781 363 unigenitus
810 311 1043 366 appellatur,
1078 325 1253 366 quaeque
1280 311 1351 352 hoc
1373 325 1514 352 nomen
1537 325 1579 352 re
1603 311 1704 367 ipsa,

150 394 226 421 non
257 379 365 420 vocis
395 378 608 429 abusione,
654 378 727 418 sibi
761 379 947 420 vindicat.
1024 379 1179 420 Etenim
1215 380 1342 420 omnia
1379 394 1477 434 quae
1509 381 1555 421 ad
1592 381 1705 421 deum

149 448 346 504 pertinent
382 447 575 502 sapientia
607 454 718 498 sunt,
766 462 942 502 quaeque
981 448 1027 488 ab
1064 448 1129 488 itto
1163 448 1485 503 proficiscuntur,
1530 449 1598 489 sed
1630 449 1704 490 alia

149 523 276 557 tamen
306 523 365 555 est
388 515 544 571 proprie
573 514 689 566 dicta,
721 517 971 571 omniumque
997 531 1195 571 suprema,
1231 516 1291 556 dei
1315 517 1499 557 videlicet
1525 517 1704 571 unigeni-

149 591 210 625 tus
234 583 348 634 tilius,
375 584 436 638 qui
463 598 538 624 non
565 585 928 625 accommodatione
952 585 1078 635 vocis,
1107 585 1175 625 sed
1202 598 1253 624 ex
1277 585 1332 624 rei
1357 585 1522 625 veritate
1550 585 1705 640 sapien-

151 653 200 693 tia
234 652 396 702 dieitur,
442 652 504 706 qui
534 659 594 692 est
622 666 706 692 cnm
735 660 842 708 patre
870 660 1080 708 perpetuo,
1116 661 1241 704 utpote
1265 656 1328 691 clei
1351 657 1470 692 virtus
1497 662 1532 692 et
1557 657 1704 705 sapien-

149 724 223 769 tia,
261 720 584 775 quemadmodum
608 721 794 776 scriptum
818 729 899 771 est,
936 723 1052 760 Nobis
1082 730 1203 760 antem
1230 724 1403 760 Christus
1434 725 1496 761 dei
1524 725 1643 761 virtus
1667 730 1705 761 et
1723 732 1912 765 1.Cor.1‚2t.

148 792 213 829 dec·
232 792 438 841 sapientia:
486 789 601 840 item,
636 793 830 841 Sapientia
860 805 944 828 ret-o
967 793 1147 841 pauperis
1178 798 1234 828 est
1263 798 1493 842 contempta:
1529 794 1701 842 quoniam
1721 801 1810 864 ΙΕ-ῑὲεὲ.Γ
1823 801 1849 863 91,
1869 801 1913 861 pli.

149 861 186 897 in
216 860 401 910 sapientia
433 860 497 896 dei
530 872 602 897 non
642 861 820 909 cognovit
858 861 1017 897 nzundus
1056 861 1160 897 deum
1173 889 1182 906 ,
1225 861 1372 910 placuit
1404 873 1476 910 por
1504 861 1704 897 stultitiam
1739 857 1744 862 ”
1814 856 1819 862 ’
1854 856 1862 867 ’
1907 852 1912 857 ”

148 928 339 978 evangelii
364 928 489 965 salvos
515 928 647 978 [tmere
677 928 892 965 eredentes:
942 933 1002 977 et,
1047 929 1211 965 Stultum
1240 928 1333 979 feeit
1363 929 1453 965 (leus
1484 930 1703 979 sapientiam
1716 939 1740 966 1.
1753 937 1912 972 Cor.1,20.

148 998 280 1034 mundi
305 997 440 1033 huius:
487 994 606 1045 item,
642 997 752 1033 Dedit
782 996 872 1032 deus
905 1009 970 1033 eor
1001 997 1216 1042 Salomoni,
1262 1003 1436 1047 tanquam
1470 997 1702 1034 latitudinem
1722 1007 1758 1066 3.⁴
1768 1006 1845 1068 Βὲιξς.

148 1066 286 1111 maris,
322 1071 361 1102 et
387 1066 596 1115 sapientior
627 1071 710 1101 erat
727 1064 832 1114 filiis
856 1065 984 1102 Enae:
1021 1063 1137 1113 item,
1172 1066 1284 1102 Dedit
1313 1066 1403 1102 deus
1437 1065 1619 1102 Beseleeli
1644 1077 1704 1102 sa-
1720 1058 1867 1109 Exbdsat,
1887 1076 1914 1103 2.

144 1135 348 1184 pientiam:
383 1133 548 1183 implevit
569 1134 660 1170 deas
684 1134 868 1183 sapientia
877 1133 1009 1183 (filium
1028 1134 1107 1170 L=⁷ri.
1174 1129 1291 1173 Plura
1315 1132 1361 1171 de
1384 1131 1575 1187 sapientia
1599 1146 1704 1171 eom-

150 1199 358 1241 memorari
386 1206 573 1254 possunt3
617 1199 834 1240 cuiusmodi
863 1200 954 1240 iilud
984 1207 1065 1240 est:
1116 1204 1206 1250 (mis
1237 1208 1293 1239 est
1324 1203 1428 1240 loeus
1452 1203 1708 1253 prudentum?
1727 1212 1895 1247 tob.2e,12.

149 1277 185 1308 et
213 1271 397 1320 sapientia
431 1271 527 1307 unde
557 1272 706 1307 inventa
738 1274 821 1307 est?
883 1266 982 1308 Cum
1019 1268 1138 1322 igitur
1166 1269 1259 1309 haec
1297 1270 1378 1324 ipsa
1406 1283 1503 1324 qnae
1533 1269 1707 1309 celebra-

150 1346 212 1379 tur
246 1337 439 1392 sapientia
473 1337 599 1387 dicat,
647 1340 729 1389 Ego
760 1340 944 1389 sapientia
975 1339 1102 1376 habito
1134 1341 1171 1377 in
1203 1340 1359 1377 consilio
1390 1346 1427 1377 et
1455 1341 1635 1386 seientia,
1671 1346 1707 1377 et
1719 1350 1851 1382 Proxze,
1870 1350 1909 1377 12.

148 1409 436 1458 intelligentiam
463 1408 665 1453 advocavi,-
695 1422 766 1457 pet·
789 1421 844 1444 me
874 1420 983 1457 reges
1015 1415 1200 1457 regnant,
1232 1422 1304 1458 per
1326 1421 1381 1445 me
1412 1415 1607 1457 magnates
1628 1422 1705 1446 am-

143 1477 367 1528 plitudinem
400 1482 703 1526 consequemtur,
749 1483 786 1513 et
815 1477 997 1525 dynastae
1035 1478 1134 1514 iusta
1166 1476 1404 1522 describunt,
1452 1484 1489 1514 et
1512 1479 1706 1528 principes

149 1552 274 1583 terrae
304 1546 567 1582 donu‘nanmr:
610 1558 679 1593 ego
701 1545 903 1593 alilegentes
935 1559 990 1582 me
1020 1546 1139 1594 diligo
1152 1575 1161 1591 ‚
1197 1552 1233 1582 el
1263 1547 1331 1596 qui
1358 1560 1413 1583 me
1444 1553 1626 1596 quaerent
1649 1548 1706 1584 in-

149 1615 294 1652 venient
318 1626 397 1650 me:
441 1614 594 1650 divitiae
623 1619 659 1649 el
685 1613 814 1662 gloria
845 1614 940 1650 milti
965 1620 1186 1664 suppetunt,
1223 1620 1259 1651 et
1280 1617 1468 1664 possessio
1499 1616 1638 1661 multa,
1673 1621 1710 1653 et

148 1683 315 1720 iustitia:
351 1684 388 1719 in
415 1683 472 1719 via
505 1682 672 1718 institute
701 1682 849 1719 ambulo
862 1712 871 1728 ,
908 1689 943 1719 et
975 1684 1012 1720 iu
1044 1683 1161 1719 medio
1197 1684 1339 1719 riarum
1372 1684 1539 1721 iustiliae
1560 1697 1702 1730 versor,

149 1758 190 1789 ut
220 1752 380 1788 dividam
405 1749 651 1799 diligentibus
683 1764 738 1788 me
767 1751 1014 1788 substantiam
1028 1780 1038 1797 ,
1073 1757 1110 1788 el
1136 1752 1332 1788 thesauros
1362 1752 1513 1789 illorum
1544 1753 1706 1802 repleam

150 1819 278 1857 bonis:
321 1820 359 1856 si
377 1820 605 1858 Jeanciavero
639 1819 738 1856 vobis
770 1833 864 1870 quae
895 1821 1059 1870 quotidie
1078 1820 1207 1869 simet,
1243 1820 1534 1858 commemorabo
1565 1834 1660 1871 quae
1685 1834 1707 1858 a

148 1889 274 1926 seculo
304 1894 415 1934 sunt,
465 1893 505 1924 ut
534 1900 745 1925 numerem.-
794 1890 974 1925 Dominus
1005 1890 1148 1925 creavit
1178 1902 1234 1925 me
1264 1890 1410 1926 initium
1445 1890 1588 1927 marcam
1618 1903 1707 1927 saa-

148 1969 231 1994 ram
244 1985 253 2002 ‚
290 1958 327 1993 in
360 1968 472 2006 opera
503 1969 572 1992 saa
585 1972 596 1993 :
630 1963 717 1994 ante
747 1957 912 1994 seculum
932 1957 1119 2009 staulavit
1149 1971 1205 1994 me
1235 1958 1342 1994 initio
1356 1987 1365 2003 ‚
1401 1965 1599 2009 antequam
1632 1964 1707 1996 ter-

149 2038 229 2063 ram
250 2025 427 2077 jaceret,
463 2030 499 2061 el
520 2031 717 2075 antequam
749 2032 898 2062 crearet
927 2025 1104 2074 abyssos,
1140 2032 1337 2077 antequam
1359 2028 1562 2076 prodirent
1581 2027 1708 2078 sontes

149 2106 331 2145 aquarum
346 2122 355 2139 ,
392 2099 428 2130 el
458 2100 654 2144 antequam
687 2100 829 2131 montes
859 2094 1126 2140 firmarentm·,
1162 2100 1249 2132 ante
1275 2108 1399 2132 omnes
1430 2096 1545 2132 eolles
1572 2096 1708 2145 genuit

148 2175 204 2200 me
235 2166 310 2200 ete.
375 2157 473 2200 Cum
515 2155 610 2200 haee
649 2160 768 2215 igitur
807 2160 1023 2216 sapientiae
1057 2161 1300 2212 tribuantur,
1347 2162 1594 2202 manifestum
1627 2168 1702 2211 est,

149 2243 235 2270 cum
262 2229 452 2270 adversus
478 2229 634 2269 allatuin
659 2229 760 2270 hune
788 2229 913 2270 locuni
939 2229 1079 2284 aliquid
1106 2229 1302 2280 obiicitur,
1338 2244 1548 2270 occurrere
1574 2230 1704 2270 statim

150 2296 401 2338 adversarios
437 2304 510 2337 tam
545 2297 701 2338 nomine
740 2298 824 2352 ipso
857 2298 1046 2353 sapientia
1080 2313 1193 2353 quam
1233 2300 1427 2340 sermonis
1461 2312 1707 2353 consequen-

150 2367 201 2407 tia
234 2367 381 2415 fretos,
417 2368 596 2405 Dominus
627 2370 771 2405 creavit
799 2381 876 2414 me,
913 2374 991 2406 tum
1019 2368 1118 2421 quod
1147 2368 1315 2408 additum
1343 2368 1414 2417 sit,
1450 2370 1534 2418 Ego
1558 2371 1705 2419 sapien-
1726 2382 1909 2418 Prov.s‚22.

149 2439 201 2474 tia
232 2436 359 2473 habito
391 2437 428 2472 in
454 2437 624 2474 consilio.
692 2434 818 2485 Eece,
855 2434 1050 2489 inquiunt,
1084 2436 1296 2491 sapientia,
1331 2450 1428 2490 quae
1454 2436 1704 2490 semetipsam

149 2503 259 2544 initio
293 2501 533 2553 nominavit,
582 2503 766 2558 deinceps
806 2517 1017 2558 progressa
1057 2518 1099 2544 se
1132 2505 1254 2559 ipsam
1287 2504 1503 2558 significat,
1551 2504 1702 2556 dicens,

148 2574 331 2611 Dominus
361 2575 506 2610 creavit
536 2586 604 2610 me.
669 2570 775 2612 Nam
808 2579 846 2612 et
876 2580 965 2612 ante
998 2572 1120 2623 dixit,
1163 2575 1248 2624 Ego
1279 2575 1483 2624 sapientia,
1520 2579 1558 2613 et
1590 2573 1704 2628 paulo

150 2646 260 2696 post,
306 2642 355 2679 Si
380 2643 603 2679 mma'cwero
635 2641 736 2679 vobis
765 2655 860 2693 qaae
890 2644 1055 2693 quotidie
1073 2643 1202 2693 fiunt,
1247 2655 1579 2681 commemoravero
1610 2657 1705 2694 quae

147 2724 170 2749 a
201 2711 326 2748 seculo
357 2716 466 2756 sant,
504 2716 545 2747 ut
575 2723 796 2748 enumerem.
864 2706 946 2750 Cur
977 2708 1097 2763 igitur
1128 2709 1245 2760 dicit,
1280 2712 1460 2749 Dominus
1483 2714 1626 2750 creavit
1649 2725 1704 2750 me

149 2781 295 2817 initium
328 2780 472 2816 viarum
503 2782 688 2816 suarum?

265 2844 344 2886 Sed
382 2860 454 2886 nos
488 2853 601 2886 antea
628 2844 848 2885 monuimus
884 2845 1002 2885 muita
1031 2858 1118 2885 esse
1153 2846 1369 2900 sapientiae
1395 2860 1566 2900 genera,
1603 2861 1701 2902 quae
1717 2861 1908 2905 Cap.XXt.

148 2914 357 2954 identidem
387 2928 408 2954 a
439 2915 511 2955 deo
534 2914 755 2963 tibunntur,
790 2913 927 2967 quibus
954 2913 1049 2953 haec
1079 2913 1286 2968 appellatio
1311 2914 1500 2956 abusione
1537 2917 1701 2970 quadam

149 2982 349 3022 convenit.
414 2980 566 3038 Quippe
592 2983 685 3023 deus
713 2982 843 3022 omnia
867 2982 1059 3037 sapientia
1091 2981 1254 3037 perficit.
1319 2981 1399 3024 Sed
1427 2985 1539 3025 unica
1573 2992 1701 3025 tamen
1725 3003 1727 3006 ⁴
