2066 3319
473 174 652 206 PANARH
677 175 760 206 [ΑΒ.
779 176 820 207 11.
845 175 952 208 ToM.
974 176 997 208 ι.
1022 176 1264 210 HAER.LX1.
1566 171 1643 210 197

108 253 211 294 enim
235 253 281 293 de
308 252 535 292 haeresibus
563 252 792 308 recipimus,
827 256 1076 308 quarumdam
1103 270 1174 296 nos
1203 258 1352 298 radices
1378 272 1421 297 ac
1449 257 1642 312 dogmata,

107 328 172 361 aut
195 320 334 374 aliquid
359 334 490 360 eorum
515 334 612 374 quae
638 321 684 360 ab
710 321 784 361 illis
809 322 890 362 lieri
923 324 1050 363 solent
1081 338 1168 364 esse
1195 333 1448 376 narraturos,
1482 326 1643 366 aliarum

107 402 201 429 vero
227 388 381 428 nomine
408 395 520 428 tenus
545 389 778 429 mentionem
809 404 896 430 esse
924 392 1111 432 facturos.
1161 390 1286 432 Porro
1310 401 1490 447 quantum
1516 394 1645 434 divina

107 456 217 497 nobis
243 470 314 511 ope
337 456 606 511 praesidioque
632 471 860 498 concessum
892 465 953 499 est
977 460 1154 499 omnibus
1180 461 1223 500 ad
1252 461 1348 501 bane
1374 476 1494 515 usque
1527 462 1645 502 sectis

107 524 324 580 expositis,
358 524 523 577 nullam,
560 525 630 565 hac
654 533 843 580 excepta,
877 527 1209 581 praetermisimus
1233 542 1342 581 quam
1368 544 1442 568 non
1468 530 1645 570 oratione

105 593 410 634 declararemus.
475 590 554 632 Sed
581 594 720 633 accidit
749 595 916 634 fortasse
948 602 987 634 ut
1013 609 1096 634 cum
1124 594 1231 635 brevi
1257 596 1321 635 illa
1353 603 1526 651 tempore
1558 612 1646 638 sese

103 661 322 701 insolenter
343 660 575 710 extulisset,
610 676 653 701 ac
685 668 882 716 postremo
910 662 1111 711 desiisset,
1147 662 1239 702 nibil
1268 664 1313 702 de
1342 664 1424 717 ipsa
1449 666 1543 705 certi
1577 680 1646 706 ex-

104 729 318 784 ploratique
346 728 546 783 percipere
580 742 799 784 possemus.
866 727 998 783 ltaque
1025 729 1108 769 sola
1144 730 1227 770 eius
1256 731 1511 785 appellatione
1544 734 1646 773 cele-

102 797 198 837 riter
231 796 535 851 comprchensa,
580 811 704 851 eoque
740 796 918 847 nomine,
960 797 1069 837 velut
1103 796 1280 838 abortivo
1318 800 1481 852 quodam
1521 802 1642 852 foetu,

103 865 239 916 suncti,
273 864 344 905 hoc
367 865 452 905 loco
476 865 754 919 praetermisso
776 865 821 905 ad
847 865 1164 920 contemplandas
1187 872 1338 906 ceteras
1361 867 1527 907 animum
1552 883 1644 908 con-

102 940 315 974 vertemus.
379 931 515 986 ltaque
540 932 702 988 primum
726 933 772 972 ab
798 932 1065 973 universitatis
1091 933 1245 973 domino
1271 935 1571 989 postulabimus,
1604 944 1646 976 ut

101 1002 239 1041 adesse
264 1001 375 1042 nobis
402 1001 510 1051 velit,
545 1009 583 1041 et
609 1007 649 1040 ut
672 1015 769 1055 quae
794 1001 891 1055 apud
916 1000 1002 1041 illos
1026 1002 1120 1041 liunt
1143 1002 1288 1056 exiguo
1311 1009 1425 1057 atque
1452 1004 1644 1044 imbecillo

102 1070 259 1124 ingenio
281 1077 416 1110 nostro
437 1068 647 1110 subiiciens
671 1069 854 1109 universa
880 1083 949 1108 nos
969 1084 1082 1123 quam
1106 1071 1398 1112 accuratissime
1420 1073 1642 1127 perdoceat,

102 1153 176 1192 quo
204 1145 243 1178 et
267 1153 338 1179 nos
361 1138 466 1193 ipsos
488 1144 528 1177 et
549 1144 703 1178 ceteros
724 1138 878 1177 erudire
902 1138 1110 1192 possimus,
1145 1139 1198 1178 uti
1225 1153 1309 1179 cum
1332 1140 1431 1180 mala
1454 1140 1642 1192 devitent,

101 1213 180 1247 tum
202 1206 239 1246 in
265 1206 338 1257 his,
373 1219 470 1260 quae
495 1205 595 1246 bona
622 1220 666 1246 ac
692 1205 846 1246 veritati
870 1206 1038 1246 maxime
1066 1214 1328 1248 consentanea
1354 1215 1460 1259 sunt,
1495 1210 1641 1249 firmam

100 1275 137 1314 in
171 1274 243 1315 deo
273 1274 522 1315 stabilitatem
553 1288 597 1314 ac
628 1274 886 1315 constantiam
919 1274 1132 1315 obtineant.

380 1434 778 1484 ADVERSUS
818 1434 1372 1498 APOSTOLICOS,

538 1515 734 1563 haeresis
770 1514 920 1574 XLI„
957 1515 1050 1563 sive
1085 1515 1209 1563 LXI.

215 1616 294 1657 Alii
320 1616 530 1657 secuudum
558 1617 645 1656 illos
671 1616 744 1656 dici
773 1629 815 1656 se
842 1615 1092 1671 Apostolicos
1119 1617 1349 1670 voluerunt,
1384 1619 1446 1673 qui
1475 1626 1514 1659 et
1534 1618 1641 1674 Apo-
1669 1624 1746 1667 Cap.
1768 1626 1788 1654 1.

103 1685 290 1735 tacticos,
326 1685 397 1725 hoc
429 1692 489 1725 est
510 1684 816 1725 Renuntiatores
848 1685 998 1739 seipsos
1026 1686 1242 1726 nominant.
1305 1686 1391 1726 Hoc
1423 1687 1524 1727 enim
1558 1687 1641 1727 dili-

101 1760 240 1808 genter
274 1753 506 1803 observant,
542 1767 589 1793 ne
613 1753 814 1808 quicquam
844 1753 1081 1807 possideant.
1144 1752 1263 1794 lidem
1291 1769 1407 1808 porro
1430 1770 1451 1795 a
1481 1755 1640 1796 Tatiani

102 1821 342 1876 dogmatibus
367 1821 473 1862 velut
494 1822 697 1862 avulsione
719 1822 880 1876 quadam
904 1823 1127 1877 propagati,
1161 1823 1232 1863 hoc
1257 1830 1316 1863 est
1338 1823 1383 1863 ab
1407 1822 1638 1874 Encratitis,

103 1889 284 1931 Tatianis
312 1897 349 1930 et
376 1886 580 1941 catharis,
616 1890 678 1944 qui
703 1904 837 1930 omnes
865 1891 1071 1946 praecipue
1103 1892 1227 1945 legem
1265 1891 1469 1946 repudiant
1500 1892 1643 1932 habent

101 1959 154 1999 illi
181 1958 336 1999 diversa
362 1971 383 1998 a
409 1958 552 1998 nostris
585 1966 830 1999 sacramenta
857 1966 969 2012 atque
993 1960 1196 2015 mysteria.
1259 1958 1319 2000 De
1350 1959 1477 2014 inopia
1503 1974 1638 2011 ‚rerum

103 2027 271 2067 omnium
295 2025 526 2080 gloriantur,
561 2041 605 2066 ac
629 2034 916 2067 sacrosanctam
947 2027 1007 2067 dei
1035 2028 1241 2069 ecclesiam
1273 2028 1475 2068 adscititiis
1506 2041 1642 2083 super-

102 2095 323 2136 stitionibus
347 2102 492 2135 temere
518 2095 691 2135 dividunt
714 2110 759 2136 ac
785 2095 1040 2148 labefactant,
1074 2104 1113 2136 et
1137 2111 1157 2136 a
1182 2096 1310 2137 divina
1336 2096 1543 2136 clementia
1571 2111 1640 2136 ex-

103 2164 248 2204 cidunt.
310 2161 450 2217 Neque
476 2163 576 2203 enim
603 2177 688 2203 eum
712 2164 774 2217 qui
797 2164 916 2204 semel
942 2165 1144 2219 prolapsus
1171 2165 1222 2205 sit
1245 2165 1436 2219 recipiunt
1460 2165 1638 2219 amplius,

101 2239 215 2286 atque
236 2232 369 2272 eadem
392 2232 550 2272 omnino
574 2232 619 2272 de
644 2231 786 2286 nuptiis
813 2232 1031 2287 ceterisque
1057 2234 1092 2273 id
1116 2247 1240 2287 genus
1266 2248 1352 2273 cum
1375 2232 1640 2287 superioribus

102 2300 177 2340 illis
201 2300 388 2341 sentiunt.
452 2298 628 2355 Cumque
654 2298 814 2341 Cathari
845 2302 1013 2355 receptis
1048 2303 1238 2342 duntaxat
1265 2301 1469 2356 scripturis
1500 2300 1642 2341 adhae-

105 2374 280 2418 rescant,
320 2369 383 2409 isti
411 2369 595 2409 Andreae
629 2383 673 2409 ac
706 2368 884 2409 Thomae
916 2369 984 2422 (ita
1018 2370 1119 2410 enim
1152 2371 1310 2424 vocant)
1341 2369 1453 2409 Actis
1486 2368 1641 2423 potissi-

102 2451 203 2477 mum
236 2437 427 2489 nituntur,
461 2444 625 2491 suntque
657 2437 703 2477 ab
735 2437 925 2478 eeclesiae
957 2439 1090 2492 regula
1124 2453 1282 2493 prorsus
1314 2438 1444 2478 alieni.

213 2504 315 2546 Nam
352 2505 382 2546 si
418 2505 696 2545 abominandae
728 2512 818 2546 sunt
849 2506 1028 2561 nuptiae,
1062 2507 1198 2562 impuri
1224 2507 1332 2561 plane
1363 2506 1413 2545 illi
1446 2506 1517 2560 ipsi
1549 2514 1636 2547 sunt

103 2574 164 2628 qui
198 2588 218 2614 e
255 2573 397 2629 nuptiis
428 2574 615 2628 originem
651 2581 872 2614 traxerunt.
937 2574 996 2615 Ac
1030 2575 1061 2615 si
1098 2575 1264 2616 ecclesia
1294 2574 1353 2613 dei
1385 2588 1436 2614 ex
1468 2574 1514 2615 iis
1546 2576 1640 2616 solis

103 2649 255 2683 constat
287 2643 350 2696 qui
376 2643 518 2697 nuptiis
549 2643 844 2693 renuntiarunt,
879 2657 1004 2698 neque
1033 2644 1210 2698 nuptiae,
1246 2656 1369 2696 neque
1401 2649 1519 2683 totum
1553 2659 1639 2698 pro-

103 2711 300 2766 pagandae
332 2711 478 2752 sobolis
505 2711 701 2765 negotium
730 2725 779 2751 ex
806 2712 877 2752 deo
902 2719 976 2753 est.
1039 2709 1170 2764 Quare
1196 2718 1234 2750 et
1260 2710 1330 2764 ipsi
1358 2725 1442 2751 cum
1470 2711 1636 2753 indidem

105 2779 183 2819 nati
205 2780 298 2830 sint,
332 2794 352 2820 a
375 2780 446 2819 deo
468 2787 582 2820 erunt
602 2779 733 2820 alieni.
779 2779 904 2834 Quem
928 2780 1046 2834 igitur
1068 2780 1191 2819 locum
1217 2778 1370 2818 babebit
1393 2779 1500 2831 illud,
1537 2784 1637 2831 Quae
1657 2798 1840 2831 Marc.10‚9.

147 2901 177 2935 4.
203 2907 355 2944 Rescripsi
376 2903 440 2948 δή,
476 2907 580 2937 invitis
600 2907 724 2945 quidem
748 2907 842 2945 libris,
889 2908 1076 2945 scripturam
1096 2901 1355 2946 Ἐγκρατητῶν,
1388 2907 1426 2936 ab
1449 2902 1640 2948 Ἔγκρατη-

104 2951 156 2988 qui
182 2952 327 2989 praebent
351 2949 397 2985 δὲ.
894 2946 968 2991 τῆς,
994 2960 1072 2989 quoe
1090 2954 1209 2982 vetusta
1230 2954 1270 2982 est
1291 2960 1327 2982 ac
1351 2953 1486 2992 genuina
1508 2954 1639 2984 nominis

152 2994 227 3026 cst.
251 2997 272 3026 l.
306 3015 351 3020 —
408 2998 436 3029 1.
472 2998 551 3028 Alibi
579 2999 699 3036 passim
728 2999 849 3028 invenio
895 2997 1005 3034 forma.
