2066 3319
416 215 595 247 PANARII
619 215 702 247 LIB.
719 215 760 246 ΙΙ.
784 215 892 247 ΤΟΜ.
911 216 936 246 Ι.
962 215 1092 247 HAER.
1111 216 1233 246 LXlV.
1516 205 1595 245 365

67 297 218 335 induere
242 297 577 345 incorruptionem,
611 303 647 333 et
669 297 824 333 mot-lale
849 297 917 333 lzoe
939 299 1091 334 indum-e
1114 297 1440 334 inuam-tale'tatem.
1505 292 1545 334 N
1549 307 1596 333 on

66 362 164 402 dixit
190 362 351 402 mortale
375 363 522 413 solum,
558 376 682 417 neque
705 363 954 417 corruptibile
979 364 1125 413 solum,
1160 378 1230 402 uec
1254 362 1507 402 immortalem
1534 362 1599 401 de-

66 430 178 484 nique
202 430 388 481 animam,
422 431 489 471 sed
511 433 753 483 corruptibile
773 434 841 470 hoe
864 439 900 470 el
922 435 1097 479 mot-lale,
1133 431 1260 470 addito
1285 431 1487 484 utrobique
1512 445 1598 484 pro-

65 498 220 539 nomine
241 501 322 537 hoe.
389 497 651 551 Quamobrem
676 514 836 554 granum
862 500 1003 554 ipsius,
1040 507 1077 539 ct
1102 500 1253 552 quidem
1279 500 1486 553 integrum,
1523 514 1599 538 uon

65 567 148 607 eius
182 568 446 607 tantummodo
482 582 595 621 parS,
638 569 705 609 sed
738 569 954 622 integrum,
989 569 1040 607 uti
1071 568 1261 617 diximus,
1295 568 1492 617 surrexit,
1527 581 1598 607 nec

65 635 166 676 aliud
190 649 300 689 quam
333 636 433 689 quod
458 643 541 676 erat
562 643 678 677 antea
704 651 890 690 granum,
925 636 991 676 sed
1015 636 1105 676 illud
1133 636 1257 689 ipsum
1281 636 1378 689 quod
1404 635 1439 674 iu
1465 650 1599 674 monu-

64 710 234 744 mentum
258 703 473 754 ceciderat,
509 711 628 744 totum
650 705 918 758 integrumque
942 704 1130 744 surrexit.
1195 702 1296 756 Quid
1321 703 1439 757 igitur
1461 703 1599 742 virium

64 771 179 812 habet
198 771 364 812 absurda
391 771 454 812 illa
481 779 544 812 tua
570 773 792 813 sententia?
852 771 939 812 Duo
967 772 1153 826 siquidem
1186 785 1328 825 grana,
1364 785 1461 824 quae
1488 772 1600 825 paulo

64 847 151 881 ante
180 840 404 890 retulimus,
440 841 630 895 scriptura
657 847 953 891 commemorat,
987 854 1148 893 quorum
1176 840 1334 879 alterius
1363 839 1400 878 in
1430 853 1599 892 evange-

63 908 137 960 lio,
171 908 331 949 alterius
364 909 462 962 apud
486 909 700 963 apostolum
732 909 771 948 fit
795 908 954 949 mentio.
1015 906 1187 948 Primum
1219 908 1309 947 illud
1342 908 1386 947 ad
1421 921 1501 947 rem
1534 908 1599 947 de-

64 977 284 1017 clarandam
309 976 616 1018 efficacissimum
643 986 724 1028 est,
759 978 970 1018 secundum
997 990 1042 1016 ea
1066 990 1165 1030 quae
1194 977 1365 1030 perfecte
1389 976 1426 1015 in
1456 990 1502 1015 eo
1533 989 1600 1029 ge-

63 1052 123 1086 sta
154 1052 266 1096 sunt3
300 1046 399 1099 quod
433 1053 492 1086 est
517 1046 624 1086 velut
656 1046 956 1086 resurrectionis
989 1045 1204 1099 exemplar.
1269 1043 1424 1084 Etenim
1456 1044 1600 1083 docens

62 1112 163 1153 istud
196 1113 391 1164 salvator,
433 1121 471 1154 et
499 1115 668 1164 faciens,
710 1115 873 1155 subinde
906 1113 1178 1154 confirmandis
1210 1112 1320 1153 nobis
1349 1113 1478 1153 omnia
1509 1126 1601 1152 cou—

63 1188 212 1222 stanter
247 1183 453 1237 praestitit.
514 1181 618 1223 Nam
651 1183 696 1223 de
728 1197 850 1237 grano
885 1183 1008 1236 deque
1044 1182 1178 1222 eodem
1212 1181 1419 1222 excitando
1457 1180 1601 1220 idcirco

64 1249 268 1301 disseruit,
311 1258 350 1291 ut
384 1252 465 1307 spei
499 1258 655 1292 nostrae
688 1265 801 1306 quam
831 1252 876 1291 de
902 1264 997 1291 vera
1029 1251 1319 1291 resurrectione
1354 1249 1601 1304 concepimus

64 1318 174 1359 fidem
197 1326 409 1360 assereret.
459 1318 559 1360 Huic
584 1321 775 1361 successit
798 1319 1012 1374 apostolus,
1046 1319 1109 1373 qui
1134 1318 1254 1359 divini
1275 1318 1434 1374 spiritus
1456 1318 1598 1367 afflatu,

64 1393 284 1428 sanctorum
309 1387 497 1441 gloriam,
530 1401 628 1442 quae
663 1395 749 1443 post
781 1388 1108 1428 resurrectionem
1137 1388 1263 1428 futura
1295 1395 1377 1438 est,
1411 1402 1456 1427 ac
1479 1387 1601 1427 bono-

63 1469 147 1495 rum
177 1456 341 1496 fructum
369 1456 680 1510 voluptatemque
709 1456 932 1506 declarans,
968 1457 1101 1496 eadem
1130 1455 1240 1510 graui
1277 1456 1390 1496 tritici
1425 1456 1602 1496 similitu-

65 1523 152 1563 dine
186 1524 425 1564 demonstrat
455 1524 529 1564 tale
560 1525 750 1564 adversus
780 1524 954 1564 infideles
983 1525 1229 1579 praeconium
1262 1524 1484 1564 instituens.
1546 1528 1602 1563 At
1620 1527 1752 1556 lb51¹·35-

65 1594 165 1631 dices
186 1594 295 1640 mihi,
332 1594 516 1642 Quomodo
538 1602 747 1645 resurgunt
767 1596 933 1632 mortui?
963 1607 1119 1645 quonam
1142 1608 1226 1631 vero
1247 1608 1402 1644 corpore
1424 1595 1602 1632 veniant?

66 1661 126 1701 Ad
149 1661 244 1701 haec
266 1661 317 1700 ita
342 1660 565 1715 respondit:
600 1664 737 1700 Stulte.
804 1660 956 1702 Stultus
985 1661 1085 1701 enim
1110 1669 1169 1702 est
1195 1668 1234 1701 et
1257 1662 1502 1716 imprudens,
1538 1662 1601 1715 qui

66 1729 223 1769 omnino
245 1729 290 1769 de
315 1730 603 1770 resurrectione
628 1729 788 1770 dubitat.
850 1728 959 1784 Ergo
982 1730 1034 1770 ita
1058 1730 1236 1780 subiicit,
1270 1732 1407 1778 Stulte,
1444 1738 1482 1769 tec
1505 1733 1604 1782 quod

65 1801 224 1837 seminas
244 1813 316 1837 non
339 1800 550 1850 m‘ugfieatm·
570 1802 648 1838 m‘se'
665 1806 848 1837 mortuam
867 1800 1015 1851 suerit:
1050 1806 1086 1837 et
1107 1801 1207 1850 quod
1226 1802 1406 1846 seminas,
1442 1814 1514 1838 nole
1529 1800 1600 1852 szc-

66 1874 188 1905 turum
213 1881 348 1919 eorpus
367 1870 540 1915 seminas,
575 1870 641 1906 sed
662 1870 798 1906 mulum
821 1882 999 1918 granum,
1033 1870 1196 1919 eoeemplz‘
1214 1881 1347 1906 caussa
1370 1870 1500 1914 trilici,
1535 1875 1604 1906 aut

66 1937 225 1974 aliorum
244 1939 421 1974 seminum
435 1967 445 1983 ,
480 1944 519 1975 et
537 1951 609 1975 non
637 1938 848 1987 ve'uzstealm‘
870 1939 948 1975 suls-2⁴
972 1944 1155 1975 mortuum
1182 1938 1324 1988 fuerit:
1365 1939 1454 1975 deas
1479 1943 1600 1974 antem

66 2006 133 2043 dat
150 2006 211 2043 ille·
227 2018 362 2056 eorpus
382 2008 484 2043 sicat
505 2007 633 2053 voluit,
669 2013 705 2043 el
726 2008 922 2057 calceatique
943 2008 1078 2044 εεηιίηί
1091 2008 1287 2056 proprium
1310 2019 1458 2057 eorpus.
1504 2004 1604 2044 Ani-

67 2072 301 2123 madvertis,
335 2073 494 2127 opinor,
537 2088 612 2113 non
647 2073 873 2113 commutari
907 2087 1062 2128 corpus.
1124 2071 1254 2113 Nemo
1287 2073 1388 2113 enim
1421 2072 1484 2127 qui
1515 2072 1603 2112 hor-

68 2141 179 2181 deum
205 2141 374 2192 severit,
411 2141 578 2182 triticum
601 2142 786 2196 requirit,
821 2155 945 2196 neque
971 2141 1112 2196 nigella
1135 2140 1314 2181 Romana
1340 2140 1489 2182 consita
1515 2140 1603 2180 hor-

69 2209 179 2249 deum
201 2209 361 2264 reperit‚
396 2210 464 2250 sed
490 2210 525 2249 id
549 2210 672 2265 ipsum
698 2210 894 2251 excitatur
916 2211 1015 2264 quod
1039 2217 1165 2251 satum
1186 2217 1259 2250 est.
1313 2209 1374 2249 Ac
1399 2209 1601 2249 dummodo

68 2277 207 2332 aliquid
233 2291 285 2318 ex
307 2278 392 2333 ipso
415 2279 591 2319 relictum
617 2279 653 2319 in
679 2287 782 2320 terra
809 2279 924 2320 suerit
953 2287 1067 2333 atque
1095 2292 1146 2319 ex
1171 2293 1217 2319 eo
1240 2291 1399 2332 germen
1428 2278 1603 2317 efflorue-

68 2346 139 2397 rit,
173 2345 229 2386 sic
256 2347 294 2387 in
321 2347 559 2403 corruptibili
590 2347 661 2388 hoc
692 2348 841 2399 tritico,
877 2348 975 2402 quod
1002 2347 1094 2388 nulli
1123 2346 1264 2388 iudicio
1289 2345 1498 2386 obnoxium
1526 2353 1600 2396 est,

68 2413 200 2455 inutile
222 2416 407 2469 estquod
442 2416 695 2470 relinquitur,
730 2417 829 2470 quod
862 2417 1057 2457 excitatur
1084 2430 1179 2456 vero
1214 2415 1490 2470 praestantius.
1552 2413 1603 2454 ll-

68 2482 144 2523 lum
172 2497 288 2538 porro
312 2483 557 2538 splendorem
584 2499 628 2525 ac
652 2485 866 2525 claritatem
893 2491 1050 2540 propter
1077 2498 1209 2525 eorum
1244 2483 1504 2523 infidelitatem
1538 2483 1602 2522 de-

69 2551 216 2592 clarare
239 2552 361 2592 voluit
387 2553 450 2606 qui
477 2553 570 2594 nihil
595 2567 617 2593 a
639 2553 711 2593 deo
733 2553 831 2607 quod
856 2560 1037 2608 speretur
1062 2559 1287 2608 expectant.
1338 2549 1441 2591 Nam
1465 2564 1603 2591 revera

70 2620 335 2661 tenuissimum
367 2629 426 2662 est
458 2621 574 2661 tritici
606 2636 783 2676 granum.
847 2620 892 2662 In
927 2636 1000 2676 qua
1033 2620 1184 2676 quidem
1221 2627 1294 2659 tam
1328 2618 1471 2673 exigua
1502 2619 1602 2660 mole

71 2687 224 2729 ubinam
248 2689 398 2730 radices
421 2696 458 2730 et
480 2689 589 2744 quasi
614 2690 859 2730 fundamenta
881 2692 997 2731 sunt?
1029 2697 1105 2730 tum
1130 2688 1268 2729 deinde
1289 2687 1458 2737 culmus,
1493 2687 1603 2741 geni-

73 2757 179 2807 cula,
213 2764 270 2797 tot
292 2758 463 2809 fistulae,
499 2759 699 2813 capitella,
732 2758 913 2809 folliculi,
947 2759 1090 2799 aristae
1110 2769 1306 2811 granaque
1329 2755 1604 2810 multiplicata?

185 2822 340 2866 Clarius
363 2826 450 2879 quid
476 2826 590 2867 velim
617 2827 797 2881 eloquar,
832 2835 946 2881 atque
971 2827 1029 2867 his
1055 2825 1193 2866 similia
1222 2838 1458 2879 percurram.
1522 2823 1601 2865 Un-
1651 2830 1729 2870 Cap.

73 2892 208 2933 denam
232 2892 364 2950 Moysi
388 2891 648 2936 lochabethae
673 2902 710 2936 et
730 2895 907 2936 Amrami
933 2895 1010 2935 filio
1035 2895 1097 2934 illa
1128 2894 1273 2944 virtus,
1317 2900 1356 2933 ut
1378 2893 1490 2947 virga
1520 2892 1600 2933 sili-
1614 2875 1806 2954 Νἶζξιῇζη.

120 3037 150 3072 4.
176 3041 259 3073 Libri
280 3043 373 3082 vulgo
395 3038 521 3085 ἤγειρε.
