<?xml version="1.0" encoding="UTF-8"?>
<!DOCTYPE html PUBLIC "-//W3C//DTD XHTML 1.0 Transitional//EN"
    "http://www.w3.org/TR/xhtml1/DTD/xhtml1-transitional.dtd">
<html xmlns="http://www.w3.org/1999/xhtml" xml:lang="en" lang="en">
 <head>
  <title>
</title>
<meta http-equiv="Content-Type" content="text/html;charset=utf-8" />
  <meta name='ocr-system' content='tesseract 3.04.00' />
  <meta name='ocr-capabilities' content='ocr_page ocr_carea ocr_par ocr_line ocrx_word'/>
</head>
<body>
  <div class='ocr_page' id='page_1' title='image "./p2corporishaereseo02epipuoft_0594.png"; bbox 0 0 2066 3319; ppageno 0'>
   <div class='ocr_carea' id='block_1_1' title="bbox 276 1734 420 1770">
    <p class='ocr_par' dir='ltr' id='par_1_1' title="bbox 276 1734 420 1770">
     <span class='ocr_line' id='line_1_1' title="bbox 276 1734 420 1770; baseline 0.007 -9"><span class='ocrx_word' id='word_1_1' title='bbox 276 1743 342 1770; x_wconf 76' lang='lat' dir='ltr'>pag.</span> <span class='ocrx_word' id='word_1_2' title='bbox 361 1734 420 1762; x_wconf 73' lang='lat'><em>719.</em></span> 
     </span>
    </p>
   </div>
   <div class='ocr_carea' id='block_1_2' title="bbox 437 215 1411 253">
    <p class='ocr_par' dir='ltr' id='par_1_2' title="bbox 437 215 1411 253">
     <span class='ocr_line' id='line_1_2' title="bbox 437 215 1411 253; baseline -0.001 0"><span class='ocrx_word' id='word_1_3' title='bbox 437 215 516 253; x_wconf 82' lang='lat'><em>572</em></span> <span class='ocrx_word' id='word_1_4' title='bbox 999 218 1160 252; x_wconf 84' lang='lat' dir='ltr'>SANCTI</span> <span class='ocrx_word' id='word_1_5' title='bbox 1182 219 1411 252; x_wconf 85' lang='lat' dir='ltr'>EPIPHANII</span> 
     </span>
    </p>
   </div>
   <div class='ocr_carea' id='block_1_3' title="bbox 437 294 1980 960">
    <p class='ocr_par' dir='ltr' id='par_1_3' title="bbox 437 294 1980 960">
     <span class='ocr_line' id='line_1_3' title="bbox 441 294 1977 354; baseline -0.002 -14"><span class='ocrx_word' id='word_1_6' title='bbox 441 316 527 350; x_wconf 87' lang='grc' dir='ltr'><em>τας,</em></span> <span class='ocrx_word' id='word_1_7' title='bbox 558 299 625 339; x_wconf 87' lang='grc' dir='ltr'><em>καὶ</em></span> <span class='ocrx_word' id='word_1_8' title='bbox 645 296 819 350; x_wconf 75' lang='grc' dir='ltr'><em>τάξωμεν</em></span> <span class='ocrx_word' id='word_1_9' title='bbox 842 294 976 345; x_wconf 76' lang='grc' dir='ltr'><em>αὐτοῖς</em></span> <span class='ocrx_word' id='word_1_10' title='bbox 1000 295 1208 349; x_wconf 78' lang='grc' dir='ltr'><em>μετάνοιαν</em></span> <span class='ocrx_word' id='word_1_11' title='bbox 1239 299 1294 346; x_wconf 84' lang='grc' dir='ltr'><em>εἰς</em></span> <span class='ocrx_word' id='word_1_12' title='bbox 1316 296 1358 339; x_wconf 85' lang='grc' dir='ltr'>τὸ</span> <span class='ocrx_word' id='word_1_13' title='bbox 1384 298 1735 353; x_wconf 80' lang='grc' dir='ltr'><em>παρακαθέζεσθαι</em></span> <span class='ocrx_word' id='word_1_14' title='bbox 1767 301 1814 354; x_wconf 81' lang='grc' dir='ltr'><em>τῇ</em></span> <span class='ocrx_word' id='word_1_15' title='bbox 1844 297 1977 350; x_wconf 82' lang='grc' dir='ltr'><em>ἐκκλη-</em></span> 
     </span>
     <span class='ocr_line' id='line_1_4' title="bbox 439 361 1978 422; baseline -0.001 -15"><span class='ocrx_word' id='word_1_16' title='bbox 439 369 522 422; x_wconf 74' lang='grc' dir='ltr'><em>σίᾳ,</em></span> <span class='ocrx_word' id='word_1_17' title='bbox 554 367 618 406; x_wconf 84' lang='grc' dir='ltr'><em>καὶ</em></span> <span class='ocrx_word' id='word_1_18' title='bbox 652 364 705 418; x_wconf 79' lang='grc' dir='ltr'><em>μὴ</em></span> <span class='ocrx_word' id='word_1_19' title='bbox 736 363 1049 419; x_wconf 80' lang='grc' dir='ltr'><em>ἆποστρέψωμεν</em></span> <span class='ocrx_word' id='word_1_20' title='bbox 1069 362 1231 416; x_wconf 76' lang='grc' dir='ltr'><em>αὐτούς,</em></span> <span class='ocrx_word' id='word_1_21' title='bbox 1268 363 1362 418; x_wconf 81' lang='grc' dir='ltr'><em>μήτε</em></span> <span class='ocrx_word' id='word_1_22' title='bbox 1386 364 1454 407; x_wconf 80' lang='grc' dir='ltr'><em>τὸν</em></span> <span class='ocrx_word' id='word_1_23' title='bbox 1475 370 1619 420; x_wconf 88' lang='grc' dir='ltr'><em>κλῆρον</em></span> <span class='ocrx_word' id='word_1_24' title='bbox 1650 362 1720 414; x_wconf 72' lang='grc' dir='ltr'><em>(ὥς</em></span> <span class='ocrx_word' id='word_1_25' title='bbox 1745 361 1766 405; x_wconf 81' lang='lat' dir='ltr'><em>o‘</em></span> <span class='ocrx_word' id='word_1_26' title='bbox 1791 365 1845 412; x_wconf 76' lang='grc' dir='ltr'><em>εἰς</em></span> <span class='ocrx_word' id='word_1_27' title='bbox 1874 362 1978 417; x_wconf 78' lang='grc' dir='ltr'><em>ἡμᾶς</em></span> 
     </span>
     <span class='ocr_line' id='line_1_5' title="bbox 437 429 1975 487; baseline -0.001 -13"><span class='ocrx_word' id='word_1_28' title='bbox 437 432 564 475; x_wconf 78' lang='grc' dir='ltr'><em>ἐλθών</em></span> <span class='ocrx_word' id='word_1_29' title='bbox 588 432 700 487; x_wconf 82' lang='grc' dir='ltr'><strong><em>λόγος</em></strong></span> <span class='ocrx_word' id='word_1_30' title='bbox 723 433 920 487; x_wconf 81' lang='grc' dir='ltr'><em>περιέχει),</em></span> <span class='ocrx_word' id='word_1_31' title='bbox 953 430 1007 484; x_wconf 86' lang='grc' dir='ltr'><em>μή</em></span> <span class='ocrx_word' id='word_1_32' title='bbox 1031 447 1122 472; x_wconf 88' lang='grc' dir='ltr'><em>ποτε</em></span> <span class='ocrx_word' id='word_1_33' title='bbox 1150 436 1163 459; x_wconf 88' lang='lat'>¹</span> <span class='ocrx_word' id='word_1_34' title='bbox 1181 432 1234 480; x_wconf 85' lang='grc' dir='ltr'><em>εἰς</em></span> <span class='ocrx_word' id='word_1_35' title='bbox 1258 431 1463 485; x_wconf 75' lang='grc' dir='ltr'><em>αἰσχύνην,</em></span> <span class='ocrx_word' id='word_1_36' title='bbox 1494 433 1559 474; x_wconf 84' lang='grc' dir='ltr'><em>καὶ</em></span> <span class='ocrx_word' id='word_1_37' title='bbox 1587 430 1653 473; x_wconf 69' lang='grc' dir='ltr'><em>διὰ</em></span> <span class='ocrx_word' id='word_1_38' title='bbox 1677 429 1880 485; x_wconf 83' lang='grc' dir='ltr'><em>παρολκήν</em></span> <span class='ocrx_word' id='word_1_39' title='bbox 1903 435 1975 473; x_wconf 89' lang='grc' dir='ltr'><strong><em>τοῦ</em></strong></span> 
     </span>
     <span class='ocr_line' id='line_1_6' title="bbox 438 497 1977 555; baseline -0.001 -14"><span class='ocrx_word' id='word_1_40' title='bbox 438 499 581 555; x_wconf 88' lang='grc' dir='ltr'><em>χρόνου</em></span> <span class='ocrx_word' id='word_1_41' title='bbox 611 502 651 541; x_wconf 87' lang='grc' dir='ltr'><em>οἷ</em></span> <span class='ocrx_word' id='word_1_42' title='bbox 679 499 782 549; x_wconf 67' lang='grc' dir='ltr'><em>ἅπαξ</em></span> <span class='ocrx_word' id='word_1_43' title='bbox 809 497 888 541; x_wconf 59' lang='lat' dir='ltr'><em>find</em></span> <span class='ocrx_word' id='word_1_44' title='bbox 915 497 1146 553; x_wconf 77' lang='grc' dir='ltr'><em>ἄνανδρείας</em></span> <span class='ocrx_word' id='word_1_45' title='bbox 1177 499 1243 540; x_wconf 83' lang='grc' dir='ltr'><em>καὶ</em></span> <span class='ocrx_word' id='word_1_46' title='bbox 1275 498 1482 548; x_wconf 77' lang='grc' dir='ltr'><em>ἀσθενείας</em></span> <span class='ocrx_word' id='word_1_47' title='bbox 1515 497 1594 541; x_wconf 58' lang='lat' dir='ltr'><em>ind</em></span> <span class='ocrx_word' id='word_1_48' title='bbox 1620 497 1809 552; x_wconf 85' lang='grc' dir='ltr'><em>διαβόλου</em></span> <span class='ocrx_word' id='word_1_49' title='bbox 1837 500 1977 540; x_wconf 85' lang='grc' dir='ltr'><em>ἐπισει·</em></span> 
     </span>
     <span class='ocr_line' id='line_1_7' title="bbox 439 564 1978 623; baseline -0.001 -14"><span class='ocrx_word' id='word_1_50' title='bbox 439 568 599 616; x_wconf 81' lang='grc' dir='ltr'><em>σθέντες</em></span> <span class='ocrx_word' id='word_1_51' title='bbox 620 569 686 608; x_wconf 88' lang='grc' dir='ltr'><em>καὶ</em></span> <span class='ocrx_word' id='word_1_52' title='bbox 711 566 1069 623; x_wconf 87' lang='grc' dir='ltr'><em>παρασαλευόμενοι</em></span> <span class='ocrx_word' id='word_1_53' title='bbox 1095 568 1244 614; x_wconf 89' lang='grc' dir='ltr'><em>τελείως</em></span> <span class='ocrx_word' id='word_1_54' title='bbox 1271 567 1509 621; x_wconf 82' lang='grc' dir='ltr'><em>ἐκτραπῶσι,</em></span> <span class='ocrx_word' id='word_1_55' title='bbox 1542 568 1607 608; x_wconf 87' lang='grc' dir='ltr'><em>καὶ</em></span> <span class='ocrx_word' id='word_1_56' title='bbox 1632 565 1685 620; x_wconf 79' lang='grc' dir='ltr'><em>μὴ</em></span> <span class='ocrx_word' id='word_1_57' title='bbox 1711 568 1892 618; x_wconf 81' lang='grc' dir='ltr'><em>ιάθῶσιν,</em></span> <span class='ocrx_word' id='word_1_58' title='bbox 1925 564 1978 615; x_wconf 72' lang='grc' dir='ltr'><em>οἷς</em></span> 
     </span>
     <span class='ocr_line' id='line_1_8' title="bbox 439 631 1978 689; baseline -0.001 -13"><span class='ocrx_word' id='word_1_59' title='bbox 439 634 537 676; x_wconf 72' lang='grc' dir='ltr'><em>κατα</em></span> <span class='ocrx_word' id='word_1_60' title='bbox 563 633 606 676; x_wconf 78' lang='grc' dir='ltr'><em>τό</em></span> <span class='ocrx_word' id='word_1_61' title='bbox 633 636 915 689; x_wconf 79' lang='grc' dir='ltr'><em>γεγραμμένον,</em></span> <span class='ocrx_word' id='word_1_62' title='bbox 958 633 1012 687; x_wconf 81' lang='grc' dir='ltr'><em>μὴ</em></span> <span class='ocrx_word' id='word_1_63' title='bbox 1045 635 1282 688; x_wconf 79' lang='grc' dir='ltr'><em>ἐκτραπῆναι</em></span> <span class='ocrx_word' id='word_1_64' title='bbox 1310 631 1352 674; x_wconf 78' lang='grc' dir='ltr'><em>τὸ</em></span> <span class='ocrx_word' id='word_1_65' title='bbox 1376 632 1520 686; x_wconf 77' lang='grc' dir='ltr'><em>χωλὸν,</em></span> <span class='ocrx_word' id='word_1_66' title='bbox 1565 635 1729 687; x_wconf 81' lang='grc' dir='ltr'><em>ἰαθῆναι</em></span> <span class='ocrx_word' id='word_1_67' title='bbox 1753 633 1795 675; x_wconf 84' lang='grc' dir='ltr'><em>δὲ</em></span> <span class='ocrx_word' id='word_1_68' title='bbox 1825 638 1978 686; x_wconf 82' lang='grc' dir='ltr'><em>μᾶλλον.</em></span> 
     </span>
     <span class='ocr_line' id='line_1_9' title="bbox 443 697 1979 756; baseline -0.001 -13"><span class='ocrx_word' id='word_1_69' title='bbox 443 703 523 743; x_wconf 89' lang='grc' dir='ltr'><em>Καὶ</em></span> <span class='ocrx_word' id='word_1_70' title='bbox 545 697 593 755; x_wconf 78' lang='grc' dir='ltr'><em>ἦν</em></span> <span class='ocrx_word' id='word_1_71' title='bbox 617 702 686 754; x_wconf 82' lang='grc' dir='ltr'><em>μὲν</em></span> <span class='ocrx_word' id='word_1_72' title='bbox 712 707 782 743; x_wconf 85' lang='grc' dir='ltr'><em>τοῦ</em></span> <span class='ocrx_word' id='word_1_73' title='bbox 809 703 964 756; x_wconf 82' lang='grc' dir='ltr'><em>Πέτρου</em></span> <span class='ocrx_word' id='word_1_74' title='bbox 994 699 1017 743; x_wconf 80' lang='grc' dir='ltr'>ὁ</span> <span class='ocrx_word' id='word_1_75' title='bbox 1044 701 1158 756; x_wconf 90' lang='grc' dir='ltr'><em>λόγος</em></span> <span class='ocrx_word' id='word_1_76' title='bbox 1191 699 1289 756; x_wconf 73' lang='grc' dir='ltr'><em>ὑπὲρ</em></span> <span class='ocrx_word' id='word_1_77' title='bbox 1319 702 1448 749; x_wconf 79' lang='grc' dir='ltr'><em>ἐλέους</em></span> <span class='ocrx_word' id='word_1_78' title='bbox 1469 703 1536 742; x_wconf 84' lang='grc' dir='ltr'><em>καὶ</em></span> <span class='ocrx_word' id='word_1_79' title='bbox 1562 703 1883 756; x_wconf 80' lang='grc' dir='ltr'><em>φιλανθρωπίας,</em></span> <span class='ocrx_word' id='word_1_80' title='bbox 1913 701 1979 742; x_wconf 81' lang='grc' dir='ltr'><em>καὶ</em></span> 
     </span>
     <span class='ocr_line' id='line_1_10' title="bbox 439 767 1978 826; baseline -0.001 -16"><span class='ocrx_word' id='word_1_81' title='bbox 439 774 511 811; x_wconf 83' lang='grc' dir='ltr'><em>τοῦ</em></span> <span class='ocrx_word' id='word_1_82' title='bbox 533 772 738 822; x_wconf 90' lang='grc' dir='ltr'><em>Μελητίου</em></span> <span class='ocrx_word' id='word_1_83' title='bbox 773 771 840 811; x_wconf 86' lang='grc' dir='ltr'><em>καὶ</em></span> <span class='ocrx_word' id='word_1_84' title='bbox 868 774 945 811; x_wconf 79' lang='grc' dir='ltr'><em>τῶν</em></span> <span class='ocrx_word' id='word_1_85' title='bbox 975 768 1055 822; x_wconf 73' lang='grc' dir='ltr'><em>ἅμα</em></span> <span class='ocrx_word' id='word_1_86' title='bbox 1085 767 1191 826; x_wconf 72' lang='grc' dir='ltr'><em>αὐτῷ</em></span> <span class='ocrx_word' id='word_1_87' title='bbox 1214 767 1312 823; x_wconf 67' lang='grc' dir='ltr'><em>ὑπὲρ</em></span> <span class='ocrx_word' id='word_1_88' title='bbox 1339 767 1524 820; x_wconf 70' lang='grc' dir='ltr'><em>ἀληθείας</em></span> <span class='ocrx_word' id='word_1_89' title='bbox 1552 770 1618 809; x_wconf 89' lang='grc' dir='ltr'><em>καὶ</em></span> <span class='ocrx_word' id='word_1_90' title='bbox 1649 769 1774 822; x_wconf 81' lang='grc' dir='ltr'><em>ζήλου.</em></span> <span class='ocrx_word' id='word_1_91' title='bbox 1829 767 1978 810; x_wconf 83' lang='grc' dir='ltr'><em>Ἐντεῦ-</em></span> 
     </span>
     <span class='ocr_line' id='line_1_11' title="bbox 441 833 1980 892; baseline -0.001 -14"><span class='ocrx_word' id='word_1_92' title='bbox 441 844 514 878; x_wconf 87' lang='grc' dir='ltr'><em>θεν</em></span> <span class='ocrx_word' id='word_1_93' title='bbox 539 835 604 878; x_wconf 68' lang='grc' dir='ltr'><em>δια</em></span> <span class='ocrx_word' id='word_1_94' title='bbox 637 841 707 878; x_wconf 84' lang='grc' dir='ltr'><em>τοῦ</em></span> <span class='ocrx_word' id='word_1_95' title='bbox 732 837 947 892; x_wconf 81' lang='grc' dir='ltr'><em>προςώπου</em></span> <span class='ocrx_word' id='word_1_96' title='bbox 974 841 1045 890; x_wconf 79' lang='grc' dir='ltr'><em>τῆς</em></span> <span class='ocrx_word' id='word_1_97' title='bbox 1070 834 1146 878; x_wconf 76' lang='grc' dir='ltr'><em>ἅπὸ</em></span> <span class='ocrx_word' id='word_1_98' title='bbox 1181 834 1416 889; x_wconf 77' lang='grc' dir='ltr'><em>οἷμφοτέρων</em></span> <span class='ocrx_word' id='word_1_99' title='bbox 1441 835 1636 888; x_wconf 80' lang='grc' dir='ltr'><em>δοκούσης</em></span> <span class='ocrx_word' id='word_1_100' title='bbox 1667 836 1853 889; x_wconf 82' lang='grc' dir='ltr'><em>εὐσεβοῦς</em></span> <span class='ocrx_word' id='word_1_101' title='bbox 1881 833 1980 877; x_wconf 81' lang='grc' dir='ltr'><em>ὗπο-</em></span> 
     </span>
     <span class='ocr_line' id='line_1_12' title="bbox 438 902 1979 960; baseline -0.001 -14"><span class='ocrx_word' id='word_1_102' title='bbox 438 906 588 953; x_wconf 86' lang='grc' dir='ltr'><em>θέσεως</em></span> <span class='ocrx_word' id='word_1_103' title='bbox 610 903 652 946; x_wconf 85' lang='grc' dir='ltr'><em>τό</em></span> <span class='ocrx_word' id='word_1_104' title='bbox 677 908 816 958; x_wconf 82' lang='grc' dir='ltr'><em>σχίσμα</em></span> <span class='ocrx_word' id='word_1_105' title='bbox 838 905 1050 960; x_wconf 87' lang='grc' dir='ltr'><em>γεγένηται,</em></span> <span class='ocrx_word' id='word_1_106' title='bbox 1083 907 1159 945; x_wconf 82' lang='grc' dir='ltr'><em>τῶν</em></span> <span class='ocrx_word' id='word_1_107' title='bbox 1186 903 1255 956; x_wconf 80' lang='grc' dir='ltr'><em>μὲν</em></span> <span class='ocrx_word' id='word_1_108' title='bbox 1278 908 1392 944; x_wconf 85' lang='grc' dir='ltr'><em>τοῦτο</em></span> <span class='ocrx_word' id='word_1_109' title='bbox 1413 902 1660 956; x_wconf 84' lang='grc' dir='ltr'><em>φασκόντων,</em></span> <span class='ocrx_word' id='word_1_110' title='bbox 1691 908 1768 945; x_wconf 82' lang='grc' dir='ltr'><em>τῶν</em></span> <span class='ocrx_word' id='word_1_111' title='bbox 1787 904 1830 945; x_wconf 84' lang='grc' dir='ltr'><em>δὲ</em></span> <span class='ocrx_word' id='word_1_112' title='bbox 1851 908 1979 946; x_wconf 85' lang='grc' dir='ltr'><em>τοῦτο.</em></span> 
     </span>
    </p>
   </div>
   <div class='ocr_carea' id='block_1_4' title="bbox 430 968 1981 1029">
    <p class='ocr_par' dir='ltr' id='par_1_4' title="bbox 430 968 1981 1029">
     <span class='ocr_line' id='line_1_13' title="bbox 430 968 1981 1029; baseline -0.001 -15"><span class='ocrx_word' id='word_1_113' title='bbox 430 973 531 1014; x_wconf 66' lang='grc' dir='ltr'><em>’Ὅτε</em></span> <span class='ocrx_word' id='word_1_114' title='bbox 558 971 630 1027; x_wconf 70' lang='grc' dir='ltr'><em>γάρ</em></span> <span class='ocrx_word' id='word_1_115' title='bbox 656 970 759 1014; x_wconf 78' lang='grc' dir='ltr'><em>οἶδεν</em></span> <span class='ocrx_word' id='word_1_116' title='bbox 784 971 808 1014; x_wconf 78' lang='grc' dir='ltr'><em>ὅ</em></span> <span class='ocrx_word' id='word_1_117' title='bbox 830 972 1138 1027; x_wconf 81' lang='grc' dir='ltr'><em>ἀρχιεπίσκοπος</em></span> <span class='ocrx_word' id='word_1_118' title='bbox 1169 973 1321 1025; x_wconf 84' lang='grc' dir='ltr'><em>Πέτρος</em></span> <span class='ocrx_word' id='word_1_119' title='bbox 1342 970 1401 1012; x_wconf 82' lang='grc' dir='ltr'><em>ὅτι</em></span> <span class='ocrx_word' id='word_1_120' title='bbox 1427 968 1662 1024; x_wconf 84' lang='grc' dir='ltr'><em>α’ντέστησαν</em></span> <span class='ocrx_word' id='word_1_121' title='bbox 1692 975 1738 1029; x_wconf 81' lang='grc' dir='ltr'><em>τῇ</em></span> <span class='ocrx_word' id='word_1_122' title='bbox 1766 974 1891 1029; x_wconf 82' lang='grc' dir='ltr'><em>βουλῇ</em></span> <span class='ocrx_word' id='word_1_123' title='bbox 1911 976 1981 1025; x_wconf 86' lang='grc' dir='ltr'><em>τῆς</em></span> 
     </span>
    </p>
   </div>
   <div class='ocr_carea' id='block_1_5' title="bbox 437 1037 1982 2851">
    <p class='ocr_par' dir='ltr' id='par_1_5' title="bbox 437 1037 1982 1705">
     <span class='ocr_line' id='line_1_14' title="bbox 441 1037 1982 1096; baseline -0.001 -14"><span class='ocrx_word' id='word_1_124' title='bbox 441 1040 565 1082; x_wconf 81' lang='grc' dir='ltr'><em>αὐτοῦ</em></span> <span class='ocrx_word' id='word_1_125' title='bbox 589 1043 893 1095; x_wconf 83' lang='grc' dir='ltr'><em>φιλανθρωπίας</em></span> <span class='ocrx_word' id='word_1_126' title='bbox 917 1042 957 1082; x_wconf 79' lang='grc' dir='ltr'><em>οἱ</em></span> <span class='ocrx_word' id='word_1_127' title='bbox 975 1041 1064 1094; x_wconf 85' lang='grc' dir='ltr'><em>περὶ</em></span> <span class='ocrx_word' id='word_1_128' title='bbox 1087 1038 1155 1081; x_wconf 83' lang='grc' dir='ltr'><em>τὸν</em></span> <span class='ocrx_word' id='word_1_129' title='bbox 1178 1037 1394 1092; x_wconf 83' lang='grc' dir='ltr'><em>Μελήτιον,</em></span> <span class='ocrx_word' id='word_1_130' title='bbox 1426 1037 1524 1095; x_wconf 79' lang='grc' dir='ltr'><em>ζήλῳ</em></span> <span class='ocrx_word' id='word_1_131' title='bbox 1547 1043 1673 1096; x_wconf 78' lang='grc' dir='ltr'><em>θεϊκῷ</em></span> <span class='ocrx_word' id='word_1_132' title='bbox 1696 1040 1982 1094; x_wconf 88' lang='grc' dir='ltr'><em>περισσοτέρως</em></span> 
     </span>
     <span class='ocr_line' id='line_1_15' title="bbox 441 1105 1980 1162; baseline -0.001 -13"><span class='ocrx_word' id='word_1_133' title='bbox 441 1106 672 1162; x_wconf 86' lang='grc' dir='ltr'><em>φερόμενοι,</em></span> <span class='ocrx_word' id='word_1_134' title='bbox 704 1109 981 1160; x_wconf 77' lang='grc' dir='ltr'><em>καταπέτασμα</em></span> <span class='ocrx_word' id='word_1_135' title='bbox 1011 1105 1131 1156; x_wconf 83' lang='grc' dir='ltr'><em>αύτὸς</em></span> <span class='ocrx_word' id='word_1_136' title='bbox 1162 1105 1185 1148; x_wconf 79' lang='grc' dir='ltr'><em>ὅ</em></span> <span class='ocrx_word' id='word_1_137' title='bbox 1210 1107 1361 1161; x_wconf 81' lang='grc' dir='ltr'><em>Πέτρος</em></span> <span class='ocrx_word' id='word_1_138' title='bbox 1383 1108 1539 1159; x_wconf 85' lang='grc' dir='ltr'><em>ἐποίησε</em></span> <span class='ocrx_word' id='word_1_139' title='bbox 1562 1107 1680 1159; x_wconf 90' lang='grc' dir='ltr'><em>μέσον</em></span> <span class='ocrx_word' id='word_1_140' title='bbox 1701 1111 1769 1160; x_wconf 85' lang='grc' dir='ltr'><em>τῆς</em></span> <span class='ocrx_word' id='word_1_141' title='bbox 1789 1111 1980 1160; x_wconf 82' lang='grc' dir='ltr'><em>φυλακῆς,</em></span> 
     </span>
     <span class='ocr_line' id='line_1_16' title="bbox 440 1168 1981 1229; baseline -0.001 -12"><span class='ocrx_word' id='word_1_142' title='bbox 440 1174 593 1229; x_wconf 80' lang='grc' dir='ltr'><em>ἱμάτιον</em></span> <span class='ocrx_word' id='word_1_143' title='bbox 622 1174 854 1227; x_wconf 76' lang='grc' dir='ltr'><em>ἐκπετάσας,</em></span> <span class='ocrx_word' id='word_1_144' title='bbox 886 1176 1059 1216; x_wconf 84' lang='grc' dir='ltr'><em>τουτέστι</em></span> <span class='ocrx_word' id='word_1_145' title='bbox 1083 1177 1286 1225; x_wconf 90' lang='grc' dir='ltr'><em>λωδίκιον,</em></span> <span class='ocrx_word' id='word_1_146' title='bbox 1327 1171 1387 1215; x_wconf 79' lang='grc' dir='ltr'><em>εἶτ’</em></span> <span class='ocrx_word' id='word_1_147' title='bbox 1415 1168 1488 1214; x_wconf 71' lang='grc' dir='ltr'><em>οὖν</em></span> <span class='ocrx_word' id='word_1_148' title='bbox 1512 1176 1689 1226; x_wconf 83' lang='grc' dir='ltr'><em>παλλίον,</em></span> <span class='ocrx_word' id='word_1_149' title='bbox 1721 1175 1788 1215; x_wconf 86' lang='grc' dir='ltr'><em>καὶ</em></span> <span class='ocrx_word' id='word_1_150' title='bbox 1810 1174 1981 1229; x_wconf 82' lang='grc' dir='ltr'><em>κηρύξας</em></span> 
     </span>
     <span class='ocr_line' id='line_1_17' title="bbox 442 1240 1982 1297; baseline 0 -13"><span class='ocrx_word' id='word_1_151' title='bbox 442 1248 462 1272; x_wconf 74' lang='lat'><strong>2</strong></span> <span class='ocrx_word' id='word_1_152' title='bbox 478 1242 541 1285; x_wconf 75' lang='grc' dir='ltr'><em>δια</em></span> <span class='ocrx_word' id='word_1_153' title='bbox 560 1241 768 1294; x_wconf 82' lang='grc' dir='ltr'><em>διακόνου,</em></span> <span class='ocrx_word' id='word_1_154' title='bbox 801 1241 861 1284; x_wconf 79' lang='grc' dir='ltr'><em>ὅτι</em></span> <span class='ocrx_word' id='word_1_155' title='bbox 887 1245 929 1283; x_wconf 77' lang='grc' dir='ltr'><em>οἵ</em></span> <span class='ocrx_word' id='word_1_156' title='bbox 950 1243 1051 1291; x_wconf 90' lang='grc' dir='ltr'><em>τινές</em></span> <span class='ocrx_word' id='word_1_157' title='bbox 1074 1244 1146 1283; x_wconf 86' lang='grc' dir='ltr'><em>εἰσι</em></span> <span class='ocrx_word' id='word_1_158' title='bbox 1166 1246 1234 1294; x_wconf 84' lang='grc' dir='ltr'><em>τῆς</em></span> <span class='ocrx_word' id='word_1_159' title='bbox 1256 1244 1351 1294; x_wconf 80' lang='grc' dir='ltr'><em>ἐμῆς</em></span> <span class='ocrx_word' id='word_1_160' title='bbox 1370 1240 1529 1296; x_wconf 77' lang='grc' dir='ltr'><em>γνώμης</em></span> <span class='ocrx_word' id='word_1_161' title='bbox 1555 1242 1858 1296; x_wconf 84' lang='grc' dir='ltr'><em>παρελθέτωσαν</em></span> <span class='ocrx_word' id='word_1_162' title='bbox 1881 1240 1982 1297; x_wconf 77' lang='grc' dir='ltr'><em>πρός</em></span> 
     </span>
     <span class='ocr_line' id='line_1_18' title="bbox 440 1307 1979 1364; baseline 0 -13"><span class='ocrx_word' id='word_1_163' title='bbox 440 1311 504 1364; x_wconf 80' lang='grc' dir='ltr'><em>μὲ,</em></span> <span class='ocrx_word' id='word_1_164' title='bbox 547 1311 612 1351; x_wconf 84' lang='grc' dir='ltr'><em>καὶ</em></span> <span class='ocrx_word' id='word_1_165' title='bbox 646 1312 688 1350; x_wconf 82' lang='grc' dir='ltr'><em>οἵ</em></span> <span class='ocrx_word' id='word_1_166' title='bbox 717 1326 815 1358; x_wconf 88' lang='grc' dir='ltr'><em>τινες</em></span> <span class='ocrx_word' id='word_1_167' title='bbox 843 1314 913 1362; x_wconf 81' lang='grc' dir='ltr'><em>τῆς</em></span> <span class='ocrx_word' id='word_1_168' title='bbox 937 1312 1139 1362; x_wconf 88' lang='grc' dir='ltr'><em>Μελητίου</em></span> <span class='ocrx_word' id='word_1_169' title='bbox 1169 1308 1326 1363; x_wconf 75' lang='grc' dir='ltr'><em>γνώμης</em></span> <span class='ocrx_word' id='word_1_170' title='bbox 1350 1307 1605 1363; x_wconf 78' lang='grc' dir='ltr'><em>τυγχάνουσι,</em></span> <span class='ocrx_word' id='word_1_171' title='bbox 1648 1308 1747 1364; x_wconf 80' lang='grc' dir='ltr'><em>πρὸς</em></span> <span class='ocrx_word' id='word_1_172' title='bbox 1769 1307 1979 1362; x_wconf 84' lang='grc' dir='ltr'><em>Μελήτιον.</em></span> 
     </span>
     <span class='ocr_line' id='line_1_19' title="bbox 442 1375 1980 1434; baseline 0.001 -16"><span class='ocrx_word' id='word_1_173' title='bbox 442 1378 521 1418; x_wconf 85' lang='grc' dir='ltr'><em>Καὶ</em></span> <span class='ocrx_word' id='word_1_174' title='bbox 542 1378 714 1434; x_wconf 78' lang='grc' dir='ltr'><em>διῃρέθη</em></span> <span class='ocrx_word' id='word_1_175' title='bbox 739 1376 782 1418; x_wconf 81' lang='grc' dir='ltr'><em>τό</em></span> <span class='ocrx_word' id='word_1_176' title='bbox 808 1377 879 1429; x_wconf 81' lang='grc' dir='ltr'><em>μὲν</em></span> <span class='ocrx_word' id='word_1_177' title='bbox 902 1381 1058 1430; x_wconf 83' lang='grc' dir='ltr'><em>πλῆθος</em></span> <span class='ocrx_word' id='word_1_178' title='bbox 1088 1375 1171 1429; x_wconf 66' lang='grc' dir='ltr'><em>ἅμα</em></span> <span class='ocrx_word' id='word_1_179' title='bbox 1195 1378 1398 1433; x_wconf 84' lang='grc' dir='ltr'><em>Μελητίῳ,</em></span> <span class='ocrx_word' id='word_1_180' title='bbox 1441 1377 1668 1418; x_wconf 87' lang='grc' dir='ltr'><em>ἐπισκόπων</em></span> <span class='ocrx_word' id='word_1_181' title='bbox 1692 1393 1732 1417; x_wconf 90' lang='grc' dir='ltr'><em>τε</em></span> <span class='ocrx_word' id='word_1_182' title='bbox 1764 1378 1832 1418; x_wconf 87' lang='grc' dir='ltr'><em>καὶ</em></span> <span class='ocrx_word' id='word_1_183' title='bbox 1862 1394 1980 1430; x_wconf 91' lang='grc' dir='ltr'><em>μονα-</em></span> 
     </span>
     <span class='ocr_line' id='line_1_20' title="bbox 437 1442 1981 1499; baseline 0.001 -13"><span class='ocrx_word' id='word_1_184' title='bbox 437 1450 515 1498; x_wconf 80' lang='grc' dir='ltr'><em>χῶν</em></span> <span class='ocrx_word' id='word_1_185' title='bbox 541 1445 606 1485; x_wconf 86' lang='grc' dir='ltr'><em>καὶ</em></span> <span class='ocrx_word' id='word_1_186' title='bbox 638 1445 929 1499; x_wconf 87' lang='grc' dir='ltr'><em>πρεσβυτέρων,</em></span> <span class='ocrx_word' id='word_1_187' title='bbox 972 1445 1036 1485; x_wconf 82' lang='grc' dir='ltr'><em>καὶ</em></span> <span class='ocrx_word' id='word_1_188' title='bbox 1062 1442 1186 1486; x_wconf 63' lang='grc' dir='ltr'><em>ἄλλων</em></span> <span class='ocrx_word' id='word_1_189' title='bbox 1214 1442 1438 1498; x_wconf 75' lang='grc' dir='ltr'><em>ταγμάτων,</em></span> <span class='ocrx_word' id='word_1_190' title='bbox 1471 1442 1593 1499; x_wconf 79' lang='grc' dir='ltr'><em>ὀλίγοι</em></span> <span class='ocrx_word' id='word_1_191' title='bbox 1622 1443 1662 1485; x_wconf 79' lang='grc' dir='ltr'><em>δὲ</em></span> <span class='ocrx_word' id='word_1_192' title='bbox 1683 1449 1879 1494; x_wconf 79' lang='grc' dir='ltr'><em>παντελῶς</em></span> <span class='ocrx_word' id='word_1_193' title='bbox 1900 1444 1981 1499; x_wconf 69' lang='grc' dir='ltr'><em>ἅμα</em></span> 
     </span>
     <span class='ocr_line' id='line_1_21' title="bbox 440 1509 1982 1570; baseline 0.001 -18"><span class='ocrx_word' id='word_1_194' title='bbox 440 1513 581 1569; x_wconf 77' lang='grc' dir='ltr'><em>Πέτρῳ</em></span> <span class='ocrx_word' id='word_1_195' title='bbox 607 1516 658 1568; x_wconf 82' lang='grc' dir='ltr'><em>τῷ</em></span> <span class='ocrx_word' id='word_1_196' title='bbox 683 1509 993 1570; x_wconf 74' lang='grc' dir='ltr'><em>ἆρχιεπισκόπῳ,</em></span> <span class='ocrx_word' id='word_1_197' title='bbox 1027 1513 1236 1554; x_wconf 85' lang='grc' dir='ltr'><em>ἐπίσκοποί</em></span> <span class='ocrx_word' id='word_1_198' title='bbox 1260 1528 1298 1553; x_wconf 93' lang='grc' dir='ltr'><em>τε</em></span> <span class='ocrx_word' id='word_1_199' title='bbox 1321 1512 1389 1553; x_wconf 86' lang='grc' dir='ltr'><em>καὶ</em></span> <span class='ocrx_word' id='word_1_200' title='bbox 1411 1509 1516 1553; x_wconf 70' lang='grc' dir='ltr'><em>ἄλλοι</em></span> <span class='ocrx_word' id='word_1_201' title='bbox 1541 1510 1672 1566; x_wconf 82' lang='grc' dir='ltr'><em>ὀλίγοι.</em></span> <span class='ocrx_word' id='word_1_202' title='bbox 1734 1514 1815 1554; x_wconf 83' lang='grc' dir='ltr'><em>Καὶ</em></span> <span class='ocrx_word' id='word_1_203' title='bbox 1843 1512 1982 1556; x_wconf 81' lang='grc' dir='ltr'><em>λοιπόν</em></span> 
     </span>
     <span class='ocr_line' id='line_1_22' title="bbox 437 1574 1981 1637; baseline 0.001 -16"><span class='ocrx_word' id='word_1_204' title='bbox 437 1574 546 1621; x_wconf 77' lang='grc' dir='ltr'><em>οὗτοι</em></span> <span class='ocrx_word' id='word_1_205' title='bbox 569 1577 650 1620; x_wconf 79' lang='grc' dir='ltr'><em>κατ’</em></span> <span class='ocrx_word' id='word_1_206' title='bbox 673 1581 773 1621; x_wconf 81' lang='grc' dir='ltr'><em>ἰδίαν</em></span> <span class='ocrx_word' id='word_1_207' title='bbox 802 1578 989 1634; x_wconf 74' lang='grc' dir='ltr'><em>ηὔχοντο,</em></span> <span class='ocrx_word' id='word_1_208' title='bbox 1021 1581 1086 1621; x_wconf 87' lang='grc' dir='ltr'><em>καὶ</em></span> <span class='ocrx_word' id='word_1_209' title='bbox 1109 1574 1219 1621; x_wconf 77' lang='grc' dir='ltr'><em>οὗτοι</em></span> <span class='ocrx_word' id='word_1_210' title='bbox 1246 1577 1327 1620; x_wconf 86' lang='grc' dir='ltr'><em>κατ’</em></span> <span class='ocrx_word' id='word_1_211' title='bbox 1355 1580 1474 1632; x_wconf 80' lang='grc' dir='ltr'><em>ἰδίαν,</em></span> <span class='ocrx_word' id='word_1_212' title='bbox 1505 1580 1571 1621; x_wconf 85' lang='grc' dir='ltr'><em>καὶ</em></span> <span class='ocrx_word' id='word_1_213' title='bbox 1594 1577 1663 1628; x_wconf 71' lang='grc' dir='ltr'><em>τοὶς</em></span> <span class='ocrx_word' id='word_1_214' title='bbox 1689 1577 1804 1629; x_wconf 75' lang='grc' dir='ltr'><em>ἅλλας</em></span> <span class='ocrx_word' id='word_1_215' title='bbox 1830 1582 1981 1637; x_wconf 82' lang='grc' dir='ltr'><em>ἱερουρ-</em></span> 
     </span>
     <span class='ocr_line' id='line_1_23' title="bbox 438 1644 1217 1705; baseline 0.001 -18"><span class='ocrx_word' id='word_1_216' title='bbox 438 1650 525 1703; x_wconf 85' lang='grc' dir='ltr'><em>γίας</em></span> <span class='ocrx_word' id='word_1_217' title='bbox 547 1644 731 1697; x_wconf 73' lang='grc' dir='ltr'><em>ὦςαύτως</em></span> <span class='ocrx_word' id='word_1_218' title='bbox 754 1649 915 1696; x_wconf 76' lang='grc' dir='ltr'><em>ἕκαστος</em></span> <span class='ocrx_word' id='word_1_219' title='bbox 940 1649 1020 1705; x_wconf 74' lang='grc' dir='ltr'><em>ἰδία</em></span> <span class='ocrx_word' id='word_1_220' title='bbox 1043 1648 1217 1689; x_wconf 83' lang='grc' dir='ltr'><em>ἐπετέλει.</em></span> 
     </span>
    </p>

    <p class='ocr_par' dir='ltr' id='par_1_6' title="bbox 437 1712 1982 2851">
     <span class='ocr_line' id='line_1_24' title="bbox 556 1712 1981 1771; baseline 0.004 -17"><span class='ocrx_word' id='word_1_221' title='bbox 556 1716 706 1757; x_wconf 85' lang='grc' dir='ltr'><em>Γίνεται</em></span> <span class='ocrx_word' id='word_1_222' title='bbox 736 1716 776 1757; x_wconf 83' lang='grc' dir='ltr'><em>δὲ</em></span> <span class='ocrx_word' id='word_1_223' title='bbox 802 1717 955 1770; x_wconf 86' lang='grc' dir='ltr'><em>Πέτρον</em></span> <span class='ocrx_word' id='word_1_224' title='bbox 979 1720 1245 1771; x_wconf 82' lang='grc' dir='ltr'><em>μαρτυρῆσαι,</em></span> <span class='ocrx_word' id='word_1_225' title='bbox 1277 1716 1344 1756; x_wconf 84' lang='grc' dir='ltr'><em>καὶ</em></span> <span class='ocrx_word' id='word_1_226' title='bbox 1369 1713 1575 1768; x_wconf 81' lang='grc' dir='ltr'><em>ἐτελειώθη</em></span> <span class='ocrx_word' id='word_1_227' title='bbox 1606 1712 1629 1756; x_wconf 82' lang='lat'><em>0‘</em></span> <span class='ocrx_word' id='word_1_228' title='bbox 1654 1714 1865 1771; x_wconf 78' lang='grc' dir='ltr'><em>μακάριος,</em></span> <span class='ocrx_word' id='word_1_229' title='bbox 1897 1715 1981 1759; x_wconf 81' lang='grc' dir='ltr'><em>διά-</em></span> 
     </span>
     <span class='ocr_line' id='line_1_25' title="bbox 441 1781 1978 1839; baseline 0 -13"><span class='ocrx_word' id='word_1_230' title='bbox 441 1787 557 1837; x_wconf 88' lang='grc' dir='ltr'><em>δοχον</em></span> <span class='ocrx_word' id='word_1_231' title='bbox 579 1786 816 1835; x_wconf 83' lang='grc' dir='ltr'><em>καταλείψας</em></span> <span class='ocrx_word' id='word_1_232' title='bbox 839 1782 1088 1838; x_wconf 75' lang='grc' dir='ltr'><em>Ἀλέξανδρον</em></span> <span class='ocrx_word' id='word_1_233' title='bbox 1123 1784 1164 1824; x_wconf 81' lang='grc' dir='ltr'><em>ἐν</em></span> <span class='ocrx_word' id='word_1_234' title='bbox 1193 1787 1240 1839; x_wconf 81' lang='grc' dir='ltr'><em>τῇ</em></span> <span class='ocrx_word' id='word_1_235' title='bbox 1267 1783 1546 1839; x_wconf 74' lang='grc' dir='ltr'><em>Ἀλεξανδρείᾳ.</em></span> <span class='ocrx_word' id='word_1_236' title='bbox 1607 1781 1740 1832; x_wconf 80' lang='grc' dir='ltr'><em>Αὐτὸς</em></span> <span class='ocrx_word' id='word_1_237' title='bbox 1758 1782 1832 1839; x_wconf 73' lang='grc' dir='ltr'><em>γαρ</em></span> <span class='ocrx_word' id='word_1_238' title='bbox 1853 1785 1978 1826; x_wconf 88' lang='grc' dir='ltr'><em>διαδέ-</em></span> 
     </span>
     <span class='ocr_line' id='line_1_26' title="bbox 441 1849 1979 1906; baseline 0 -12"><span class='ocrx_word' id='word_1_239' title='bbox 441 1869 544 1906; x_wconf 87' lang='grc' dir='ltr'><em>χεται</em></span> <span class='ocrx_word' id='word_1_240' title='bbox 569 1851 636 1893; x_wconf 81' lang='grc' dir='ltr'><em>τὸν</em></span> <span class='ocrx_word' id='word_1_241' title='bbox 669 1851 819 1905; x_wconf 86' lang='grc' dir='ltr'><em>θρόνον</em></span> <span class='ocrx_word' id='word_1_242' title='bbox 853 1850 947 1905; x_wconf 76' lang='grc' dir='ltr'><em>μετα</em></span> <span class='ocrx_word' id='word_1_243' title='bbox 979 1849 1048 1892; x_wconf 81' lang='grc' dir='ltr'><em>τὸν</em></span> <span class='ocrx_word' id='word_1_244' title='bbox 1077 1851 1358 1905; x_wconf 87' lang='grc' dir='ltr'><em>προειρημένον</em></span> <span class='ocrx_word' id='word_1_245' title='bbox 1386 1850 1549 1904; x_wconf 86' lang='grc' dir='ltr'><em>Πέτρον.</em></span> <span class='ocrx_word' id='word_1_246' title='bbox 1611 1850 1813 1904; x_wconf 83' lang='grc' dir='ltr'><em>Μελήτιος</em></span> <span class='ocrx_word' id='word_1_247' title='bbox 1842 1852 1885 1893; x_wconf 81' lang='grc' dir='ltr'><em>δὲ</em></span> <span class='ocrx_word' id='word_1_248' title='bbox 1913 1853 1979 1894; x_wconf 83' lang='grc' dir='ltr'><em>καὶ</em></span> 
     </span>
     <span class='ocr_line' id='line_1_27' title="bbox 440 1916 1982 1976; baseline 0.002 -16"><span class='ocrx_word' id='word_1_249' title='bbox 440 1918 547 1961; x_wconf 69' lang='grc' dir='ltr'><em>ἄλλοι</em></span> <span class='ocrx_word' id='word_1_250' title='bbox 570 1919 705 1960; x_wconf 86' lang='grc' dir='ltr'><em>πολλοὶ</em></span> <span class='ocrx_word' id='word_1_251' title='bbox 739 1920 929 1976; x_wconf 78' lang='grc' dir='ltr'><em>ἐξορισμῷ</em></span> <span class='ocrx_word' id='word_1_252' title='bbox 960 1917 1176 1970; x_wconf 73' lang='grc' dir='ltr'><em>ὑπέπεσον,</em></span> <span class='ocrx_word' id='word_1_253' title='bbox 1216 1916 1543 1972; x_wconf 82' lang='grc' dir='ltr'><em>ὗπερορισθέντες</em></span> <span class='ocrx_word' id='word_1_254' title='bbox 1573 1920 1614 1960; x_wconf 82' lang='grc' dir='ltr'><em>ἐν</em></span> <span class='ocrx_word' id='word_1_255' title='bbox 1644 1925 1726 1967; x_wconf 88' lang='grc' dir='ltr'><em>τοῖς</em></span> <span class='ocrx_word' id='word_1_256' title='bbox 1750 1923 1982 1974; x_wconf 87' lang='grc' dir='ltr'><em>Φαινησίοις</em></span> 
     </span>
     <span class='ocr_line' id='line_1_28' title="bbox 440 1983 1980 2042; baseline 0.001 -15"><span class='ocrx_word' id='word_1_257' title='bbox 440 1986 646 2040; x_wconf 78' lang='grc' dir='ltr'><em>μετάλλοις.</em></span> <span class='ocrx_word' id='word_1_258' title='bbox 709 1988 788 2027; x_wconf 86' lang='grc' dir='ltr'><em>Καὶ</em></span> <span class='ocrx_word' id='word_1_259' title='bbox 814 1985 899 2028; x_wconf 88' lang='grc' dir='ltr'><em>τότε</em></span> <span class='ocrx_word' id='word_1_260' title='bbox 923 1985 1063 2028; x_wconf 79' lang='grc' dir='ltr'><em>λοιπόν</em></span> <span class='ocrx_word' id='word_1_261' title='bbox 1091 1988 1132 2026; x_wconf 87' lang='grc' dir='ltr'><em>οἷ</em></span> <span class='ocrx_word' id='word_1_262' title='bbox 1154 1984 1364 2040; x_wconf 87' lang='grc' dir='ltr'><em>συρόμενοι</em></span> <span class='ocrx_word' id='word_1_263' title='bbox 1394 1983 1503 2034; x_wconf 75' lang='grc' dir='ltr'><em>ὄντες</em></span> <span class='ocrx_word' id='word_1_264' title='bbox 1527 1984 1761 2042; x_wconf 81' lang='grc' dir='ltr'><em>ὁμολογηταὶ</em></span> <span class='ocrx_word' id='word_1_265' title='bbox 1786 1986 1868 2040; x_wconf 74' lang='grc' dir='ltr'><em>ἅμα</em></span> <span class='ocrx_word' id='word_1_266' title='bbox 1893 1992 1980 2029; x_wconf 86' lang='grc' dir='ltr'><em>Με-</em></span> 
     </span>
     <span class='ocr_line' id='line_1_29' title="bbox 437 2051 1980 2111; baseline 0 -15"><span class='ocrx_word' id='word_1_267' title='bbox 437 2057 574 2111; x_wconf 81' lang='grc' dir='ltr'><em>λητίῳ,</em></span> <span class='ocrx_word' id='word_1_268' title='bbox 605 2055 671 2095; x_wconf 85' lang='grc' dir='ltr'><em>καὶ</em></span> <span class='ocrx_word' id='word_1_269' title='bbox 695 2051 813 2102; x_wconf 74' lang='grc' dir='ltr'><em>αὐτός</em></span> <span class='ocrx_word' id='word_1_270' title='bbox 838 2053 1041 2107; x_wconf 86' lang='grc' dir='ltr'><em>Μελήτιος</em></span> <span class='ocrx_word' id='word_1_271' title='bbox 1065 2054 1106 2095; x_wconf 83' lang='grc' dir='ltr'><em>ἐν</em></span> <span class='ocrx_word' id='word_1_272' title='bbox 1131 2059 1177 2111; x_wconf 79' lang='grc' dir='ltr'><em>τῇ</em></span> <span class='ocrx_word' id='word_1_273' title='bbox 1203 2055 1332 2110; x_wconf 82' lang='grc' dir='ltr'><em>εἱρκτῇ</em></span> <span class='ocrx_word' id='word_1_274' title='bbox 1356 2052 1455 2094; x_wconf 71' lang='grc' dir='ltr'><em>κατὰ</em></span> <span class='ocrx_word' id='word_1_275' title='bbox 1478 2051 1550 2106; x_wconf 79' lang='grc' dir='ltr'><em>τὴν</em></span> <span class='ocrx_word' id='word_1_276' title='bbox 1579 2058 1595 2082; x_wconf 80' lang='lat'><strong>3</strong></span> <span class='ocrx_word' id='word_1_277' title='bbox 1611 2051 1855 2109; x_wconf 71' lang='grc' dir='ltr'><em>ὁδοιπορίαν,</em></span> <span class='ocrx_word' id='word_1_278' title='bbox 1887 2053 1980 2097; x_wconf 87' lang='grc' dir='ltr'><em>καθ’</em></span> 
     </span>
     <span class='ocr_line' id='line_1_30' title="bbox 439 2119 1981 2178; baseline 0.001 -15"><span class='ocrx_word' id='word_1_279' title='bbox 439 2121 605 2175; x_wconf 76' lang='grc' dir='ltr'><em>ἑκάστην</em></span> <span class='ocrx_word' id='word_1_280' title='bbox 639 2120 769 2176; x_wconf 75' lang='grc' dir='ltr'><em>χώραν</em></span> <span class='ocrx_word' id='word_1_281' title='bbox 805 2123 871 2162; x_wconf 85' lang='grc' dir='ltr'><em>καὶ</em></span> <span class='ocrx_word' id='word_1_282' title='bbox 902 2119 994 2163; x_wconf 80' lang='grc' dir='ltr'><em>καθ’</em></span> <span class='ocrx_word' id='word_1_283' title='bbox 1028 2123 1191 2163; x_wconf 75' lang='grc' dir='ltr'><em>ἕκαστον</em></span> <span class='ocrx_word' id='word_1_284' title='bbox 1217 2119 1341 2162; x_wconf 84' lang='grc' dir='ltr'><em>τόπον</em></span> <span class='ocrx_word' id='word_1_285' title='bbox 1376 2119 1622 2175; x_wconf 83' lang='grc' dir='ltr'><em>διερχόμενος</em></span> <span class='ocrx_word' id='word_1_286' title='bbox 1656 2125 1826 2164; x_wconf 87' lang='grc' dir='ltr'><em>καθίστα</em></span> <span class='ocrx_word' id='word_1_287' title='bbox 1851 2127 1981 2178; x_wconf 85' lang='grc' dir='ltr'><em>κληρι-</em></span> 
     </span>
     <span class='ocr_line' id='line_1_31' title="bbox 438 2187 1980 2246; baseline 0 -14"><span class='ocrx_word' id='word_1_288' title='bbox 438 2189 552 2242; x_wconf 80' lang='grc' dir='ltr'><em>κοῦς,</em></span> <span class='ocrx_word' id='word_1_289' title='bbox 585 2190 826 2238; x_wconf 81' lang='grc' dir='ltr'><em>ἐπισκόπους</em></span> <span class='ocrx_word' id='word_1_290' title='bbox 849 2205 887 2229; x_wconf 89' lang='grc' dir='ltr'><em>τε</em></span> <span class='ocrx_word' id='word_1_291' title='bbox 913 2191 979 2230; x_wconf 85' lang='grc' dir='ltr'><em>καὶ</em></span> <span class='ocrx_word' id='word_1_292' title='bbox 1002 2189 1288 2243; x_wconf 79' lang='grc' dir='ltr'><em>πρεσβυτέρους</em></span> <span class='ocrx_word' id='word_1_293' title='bbox 1321 2189 1386 2230; x_wconf 87' lang='grc' dir='ltr'><em>καὶ</em></span> <span class='ocrx_word' id='word_1_294' title='bbox 1418 2188 1647 2242; x_wconf 86' lang='grc' dir='ltr'><em>διακόνους,</em></span> <span class='ocrx_word' id='word_1_295' title='bbox 1687 2191 1754 2231; x_wconf 86' lang='grc' dir='ltr'><em>καὶ</em></span> <span class='ocrx_word' id='word_1_296' title='bbox 1787 2187 1980 2246; x_wconf 70' lang='grc' dir='ltr'><em>ᾠκοδόμει</em></span> 
     </span>
     <span class='ocr_line' id='line_1_32' title="bbox 440 2251 1978 2311; baseline 0.001 -12"><span class='ocrx_word' id='word_1_297' title='bbox 440 2258 643 2311; x_wconf 73' lang='grc' dir='ltr'><em>ἐκκλησίας</em></span> <span class='ocrx_word' id='word_1_298' title='bbox 665 2258 783 2307; x_wconf 89' lang='grc' dir='ltr'><em>ἰδίας,</em></span> <span class='ocrx_word' id='word_1_299' title='bbox 816 2258 881 2297; x_wconf 84' lang='grc' dir='ltr'><em>καὶ</em></span> <span class='ocrx_word' id='word_1_300' title='bbox 904 2255 994 2298; x_wconf 80' lang='grc' dir='ltr'><em>οὕτε</em></span> <span class='ocrx_word' id='word_1_301' title='bbox 1020 2251 1130 2298; x_wconf 80' lang='grc' dir='ltr'><em>οὗτοι</em></span> <span class='ocrx_word' id='word_1_302' title='bbox 1157 2255 1311 2304; x_wconf 84' lang='grc' dir='ltr'><em>τούτοις</em></span> <span class='ocrx_word' id='word_1_303' title='bbox 1333 2255 1588 2308; x_wconf 78' lang='grc' dir='ltr'><em>ἐκοινώνουν,</em></span> <span class='ocrx_word' id='word_1_304' title='bbox 1620 2254 1708 2298; x_wconf 77' lang='grc' dir='ltr'><em>οὔτε</em></span> <span class='ocrx_word' id='word_1_305' title='bbox 1729 2259 1873 2300; x_wconf 86' lang='grc' dir='ltr'><em>ἐκεῖνοι</em></span> <span class='ocrx_word' id='word_1_306' title='bbox 1891 2257 1978 2300; x_wconf 87' lang='grc' dir='ltr'><em>τού-</em></span> 
     </span>
     <span class='ocr_line' id='line_1_33' title="bbox 439 2322 1979 2381; baseline 0.001 -15"><span class='ocrx_word' id='word_1_307' title='bbox 439 2342 529 2373; x_wconf 92' lang='grc' dir='ltr'><em>τοις.</em></span> <span class='ocrx_word' id='word_1_308' title='bbox 588 2322 838 2379; x_wconf 85' lang='grc' dir='ltr'><em>Ἐπέγραφον</em></span> <span class='ocrx_word' id='word_1_309' title='bbox 872 2324 912 2365; x_wconf 77' lang='grc' dir='ltr'><em>δὲ</em></span> <span class='ocrx_word' id='word_1_310' title='bbox 949 2325 1110 2372; x_wconf 73' lang='grc' dir='ltr'><em>ἕκαστος</em></span> <span class='ocrx_word' id='word_1_311' title='bbox 1139 2325 1178 2366; x_wconf 78' lang='grc' dir='ltr'><em>ἐν</em></span> <span class='ocrx_word' id='word_1_312' title='bbox 1210 2329 1257 2381; x_wconf 81' lang='grc' dir='ltr'><em>τῇ</em></span> <span class='ocrx_word' id='word_1_313' title='bbox 1283 2325 1364 2380; x_wconf 76' lang='grc' dir='ltr'><em>ι’δίᾳ</em></span> <span class='ocrx_word' id='word_1_314' title='bbox 1396 2325 1598 2381; x_wconf 75' lang='grc' dir='ltr'><em>ἐκκλησίᾳ,</em></span> <span class='ocrx_word' id='word_1_315' title='bbox 1639 2326 1681 2366; x_wconf 87' lang='grc' dir='ltr'><em>οἷ</em></span> <span class='ocrx_word' id='word_1_316' title='bbox 1710 2325 1779 2377; x_wconf 81' lang='grc' dir='ltr'><em>μὲν</em></span> <span class='ocrx_word' id='word_1_317' title='bbox 1805 2324 1884 2367; x_wconf 81' lang='grc' dir='ltr'><em>ἆπὸ</em></span> <span class='ocrx_word' id='word_1_318' title='bbox 1909 2330 1979 2368; x_wconf 86' lang='grc' dir='ltr'><em>τοῦ</em></span> 
     </span>
     <span class='ocr_line' id='line_1_34' title="bbox 443 2389 1980 2446; baseline 0.002 -14"><span class='ocrx_word' id='word_1_319' title='bbox 443 2393 597 2446; x_wconf 90' lang='grc' dir='ltr'><em>Πέτρου</em></span> <span class='ocrx_word' id='word_1_320' title='bbox 621 2389 889 2444; x_wconf 77' lang='grc' dir='ltr'><em>διαδεξάμενοι</em></span> <span class='ocrx_word' id='word_1_321' title='bbox 914 2393 1064 2444; x_wconf 76' lang='grc' dir='ltr'><em>ἔχοντες</em></span> <span class='ocrx_word' id='word_1_322' title='bbox 1092 2390 1161 2440; x_wconf 74' lang='grc' dir='ltr'><em>τοὶς</em></span> <span class='ocrx_word' id='word_1_323' title='bbox 1194 2389 1314 2440; x_wconf 74' lang='grc' dir='ltr'><em>οὔσας</em></span> <span class='ocrx_word' id='word_1_324' title='bbox 1347 2389 1508 2446; x_wconf 69' lang='grc' dir='ltr'><em>ἀρχαίας</em></span> <span class='ocrx_word' id='word_1_325' title='bbox 1545 2393 1749 2445; x_wconf 80' lang='grc' dir='ltr'><em>ἐκκλησίας</em></span> <span class='ocrx_word' id='word_1_326' title='bbox 1780 2392 1860 2444; x_wconf 75' lang='grc' dir='ltr'><em>ὅτι,</em></span> <span class='ocrx_word' id='word_1_327' title='bbox 1895 2391 1980 2435; x_wconf 87' lang='grc' dir='ltr'><em>Ἐκ-</em></span> 
     </span>
     <span class='ocr_line' id='line_1_35' title="bbox 439 2457 1980 2515; baseline 0.001 -15"><span class='ocrx_word' id='word_1_328' title='bbox 439 2462 576 2512; x_wconf 88' lang='grc' dir='ltr'><em>κλησία</em></span> <span class='ocrx_word' id='word_1_329' title='bbox 598 2458 814 2512; x_wconf 86' lang='grc' dir='ltr'><em>καθολικὴ,</em></span> <span class='ocrx_word' id='word_1_330' title='bbox 845 2461 886 2500; x_wconf 81' lang='grc' dir='ltr'><em>οἵ</em></span> <span class='ocrx_word' id='word_1_331' title='bbox 908 2459 948 2500; x_wconf 82' lang='grc' dir='ltr'><em>δὲ</em></span> <span class='ocrx_word' id='word_1_332' title='bbox 972 2457 1049 2500; x_wconf 66' lang='lat' dir='ltr'><em>vind</em></span> <span class='ocrx_word' id='word_1_333' title='bbox 1075 2462 1298 2512; x_wconf 87' lang='grc' dir='ltr'><em>Μελητιόυ,</em></span> <span class='ocrx_word' id='word_1_334' title='bbox 1328 2457 1533 2511; x_wconf 88' lang='grc' dir='ltr'><em>Ἐκκλησία</em></span> <span class='ocrx_word' id='word_1_335' title='bbox 1557 2458 1795 2515; x_wconf 89' lang='grc' dir='ltr'><em>Μαρτύρων.</em></span> <span class='ocrx_word' id='word_1_336' title='bbox 1846 2459 1980 2502; x_wconf 66' lang='grc' dir='ltr'><em>’Ὀθεν</em></span> 
     </span>
     <span class='ocr_line' id='line_1_36' title="bbox 440 2525 1980 2585; baseline 0.002 -17"><span class='ocrx_word' id='word_1_337' title='bbox 440 2528 505 2568; x_wconf 85' lang='grc' dir='ltr'><em>καὶ</em></span> <span class='ocrx_word' id='word_1_338' title='bbox 537 2528 578 2568; x_wconf 87' lang='grc' dir='ltr'><em>ἐν</em></span> <span class='ocrx_word' id='word_1_339' title='bbox 604 2525 928 2582; x_wconf 85' lang='grc' dir='ltr'><em>Ἐλευθεροπόλει</em></span> <span class='ocrx_word' id='word_1_340' title='bbox 960 2527 1024 2567; x_wconf 84' lang='grc' dir='ltr'><em>καὶ</em></span> <span class='ocrx_word' id='word_1_341' title='bbox 1059 2528 1100 2568; x_wconf 90' lang='grc' dir='ltr'><em>ἐν</em></span> <span class='ocrx_word' id='word_1_342' title='bbox 1125 2527 1227 2585; x_wconf 80' lang='grc' dir='ltr'><em>Γάζῃ</em></span> <span class='ocrx_word' id='word_1_343' title='bbox 1261 2528 1327 2568; x_wconf 91' lang='grc' dir='ltr'><em>καὶ</em></span> <span class='ocrx_word' id='word_1_344' title='bbox 1357 2528 1396 2568; x_wconf 81' lang='grc' dir='ltr'><em>ἐν</em></span> <span class='ocrx_word' id='word_1_345' title='bbox 1420 2528 1540 2583; x_wconf 78' lang='grc' dir='ltr'><em>Αἰλίᾳ</em></span> <span class='ocrx_word' id='word_1_346' title='bbox 1571 2526 1780 2582; x_wconf 74' lang='grc' dir='ltr'><em>παρελθών</em></span> <span class='ocrx_word' id='word_1_347' title='bbox 1809 2525 1833 2570; x_wconf 82' lang='grc' dir='ltr'><em>ό</em></span> <span class='ocrx_word' id='word_1_348' title='bbox 1861 2526 1980 2577; x_wconf 72' lang='grc' dir='ltr'><em>αὐτὸς</em></span> 
     </span>
     <span class='ocr_line' id='line_1_37' title="bbox 442 2593 1978 2650; baseline 0.002 -16"><span class='ocrx_word' id='word_1_349' title='bbox 442 2594 641 2647; x_wconf 86' lang='grc' dir='ltr'><em>Μελήτιος</em></span> <span class='ocrx_word' id='word_1_350' title='bbox 662 2593 831 2643; x_wconf 76' lang='grc' dir='ltr'><em>πολλούς</em></span> <span class='ocrx_word' id='word_1_351' title='bbox 853 2593 979 2642; x_wconf 77' lang='grc' dir='ltr'><em>οὕτως</em></span> <span class='ocrx_word' id='word_1_352' title='bbox 1006 2593 1278 2649; x_wconf 86' lang='grc' dir='ltr'><em>ἐχειροτόνησε.</em></span> <span class='ocrx_word' id='word_1_353' title='bbox 1341 2596 1420 2635; x_wconf 88' lang='grc' dir='ltr'><em>Καὶ</em></span> <span class='ocrx_word' id='word_1_354' title='bbox 1446 2595 1600 2649; x_wconf 82' lang='grc' dir='ltr'><em>γέγονεν</em></span> <span class='ocrx_word' id='word_1_355' title='bbox 1631 2593 1754 2636; x_wconf 77' lang='grc' dir='ltr'><em>αὐτόν</em></span> <span class='ocrx_word' id='word_1_356' title='bbox 1780 2612 1978 2650; x_wconf 90' lang='grc' dir='ltr'><em>χρονοτρι-</em></span> 
     </span>
     <span class='ocr_line' id='line_1_38' title="bbox 439 2660 1979 2716; baseline 0.001 -13"><span class='ocrx_word' id='word_1_357' title='bbox 439 2664 559 2715; x_wconf 79' lang='grc' dir='ltr'><em>βῆσαι</em></span> <span class='ocrx_word' id='word_1_358' title='bbox 583 2664 625 2704; x_wconf 85' lang='grc' dir='ltr'><em>ἐν</em></span> <span class='ocrx_word' id='word_1_359' title='bbox 646 2669 728 2711; x_wconf 86' lang='grc' dir='ltr'><em>τοῖς</em></span> <span class='ocrx_word' id='word_1_360' title='bbox 750 2663 1049 2716; x_wconf 88' lang='grc' dir='ltr'><em>προειρημένοις</em></span> <span class='ocrx_word' id='word_1_361' title='bbox 1070 2661 1279 2715; x_wconf 81' lang='grc' dir='ltr'><em>μετάλλοις.</em></span> <span class='ocrx_word' id='word_1_362' title='bbox 1337 2660 1448 2702; x_wconf 74' lang='grc' dir='ltr'><em>Ἀλλά</em></span> <span class='ocrx_word' id='word_1_363' title='bbox 1473 2661 1615 2714; x_wconf 78' lang='grc' dir='ltr'><em>μεταξύ</em></span> <span class='ocrx_word' id='word_1_364' title='bbox 1640 2661 1878 2704; x_wconf 79' lang='grc' dir='ltr'><em>ἀπολύονται</em></span> <span class='ocrx_word' id='word_1_365' title='bbox 1902 2667 1979 2705; x_wconf 78' lang='grc' dir='ltr'><em>τῶν</em></span> 
     </span>
     <span class='ocr_line' id='line_1_39' title="bbox 440 2725 1975 2784; baseline 0.002 -15"><span class='ocrx_word' id='word_1_366' title='bbox 440 2728 631 2780; x_wconf 76' lang='grc' dir='ltr'><em>μετάλλων</em></span> <span class='ocrx_word' id='word_1_367' title='bbox 651 2731 690 2770; x_wconf 83' lang='grc' dir='ltr'><em>οἱ</em></span> <span class='ocrx_word' id='word_1_368' title='bbox 711 2727 966 2784; x_wconf 82' lang='grc' dir='ltr'><em>ὁμολογηταὶ,</em></span> <span class='ocrx_word' id='word_1_369' title='bbox 999 2732 1041 2771; x_wconf 84' lang='grc' dir='ltr'><em>οἵ</em></span> <span class='ocrx_word' id='word_1_370' title='bbox 1060 2746 1099 2770; x_wconf 92' lang='grc' dir='ltr'><em>τε</em></span> <span class='ocrx_word' id='word_1_371' title='bbox 1121 2733 1191 2771; x_wconf 83' lang='grc' dir='ltr'><em>τοῦ</em></span> <span class='ocrx_word' id='word_1_372' title='bbox 1215 2730 1359 2784; x_wconf 87' lang='grc' dir='ltr'><em>μέρους</em></span> <span class='ocrx_word' id='word_1_373' title='bbox 1388 2730 1543 2784; x_wconf 91' lang='grc' dir='ltr'><em>Πέτρου</em></span> <span class='ocrx_word' id='word_1_374' title='bbox 1571 2725 1684 2782; x_wconf 76' lang='grc' dir='ltr'><em>(ἦσαν</em></span> <span class='ocrx_word' id='word_1_375' title='bbox 1703 2728 1776 2784; x_wconf 72' lang='grc' dir='ltr'><em>γάρ</em></span> <span class='ocrx_word' id='word_1_376' title='bbox 1805 2730 1859 2770; x_wconf 77' lang='grc' dir='ltr'><em>ἔτι</em></span> <span class='ocrx_word' id='word_1_377' title='bbox 1886 2735 1975 2772; x_wconf 87' lang='grc' dir='ltr'><em>πολ-</em></span> 
     </span>
     <span class='ocr_line' id='line_1_40' title="bbox 440 2794 1977 2851; baseline 0.003 -16"><span class='ocrx_word' id='word_1_378' title='bbox 440 2797 516 2847; x_wconf 85' lang='grc' dir='ltr'><em>λοὶ)</em></span> <span class='ocrx_word' id='word_1_379' title='bbox 546 2798 610 2837; x_wconf 83' lang='grc' dir='ltr'><em>καὶ</em></span> <span class='ocrx_word' id='word_1_380' title='bbox 637 2799 676 2837; x_wconf 83' lang='grc' dir='ltr'><em>οἵ</em></span> <span class='ocrx_word' id='word_1_381' title='bbox 698 2801 767 2838; x_wconf 83' lang='grc' dir='ltr'><em>τοῦ</em></span> <span class='ocrx_word' id='word_1_382' title='bbox 790 2800 1003 2850; x_wconf 90' lang='grc' dir='ltr'><em>Μελητίου.</em></span> <span class='ocrx_word' id='word_1_383' title='bbox 1068 2795 1167 2838; x_wconf 75' lang='grc' dir='ltr'><em>Οὔτε</em></span> <span class='ocrx_word' id='word_1_384' title='bbox 1188 2795 1261 2851; x_wconf 79' lang='grc' dir='ltr'><em>γὰρ</em></span> <span class='ocrx_word' id='word_1_385' title='bbox 1286 2797 1327 2838; x_wconf 79' lang='grc' dir='ltr'><em>ἐν</em></span> <span class='ocrx_word' id='word_1_386' title='bbox 1348 2802 1429 2844; x_wconf 87' lang='grc' dir='ltr'><em>τοῖς</em></span> <span class='ocrx_word' id='word_1_387' title='bbox 1450 2795 1648 2849; x_wconf 76' lang='grc' dir='ltr'><em>μετάλλοις</em></span> <span class='ocrx_word' id='word_1_388' title='bbox 1679 2794 1856 2849; x_wconf 69' lang='grc' dir='ltr'><em>αλλήλοις</em></span> <span class='ocrx_word' id='word_1_389' title='bbox 1877 2798 1977 2840; x_wconf 83' lang='grc' dir='ltr'><em>ἐκοι-</em></span> 
     </span>
    </p>
   </div>
   <div class='ocr_carea' id='block_1_6' title="bbox 439 2920 1976 3009">
    <p class='ocr_par' dir='ltr' id='par_1_7' title="bbox 439 2920 1976 3009">
     <span class='ocr_line' id='line_1_41' title="bbox 488 2920 1976 2965; baseline 0.003 -14"><span class='ocrx_word' id='word_1_390' title='bbox 488 2920 565 2951; x_wconf 56' lang='lat' dir='ltr'><em>Cn.</em></span> <span class='ocrx_word' id='word_1_391' title='bbox 593 2921 647 2952; x_wconf 86' lang='grc' dir='ltr'><strong>ΙΙΙ.</strong></span> <span class='ocrx_word' id='word_1_392' title='bbox 681 2940 721 2945; x_wconf 89' lang='lat'><strong>—</strong></span> <span class='ocrx_word' id='word_1_393' title='bbox 772 2923 800 2954; x_wconf 88' lang='lat'><em>1.</em></span> <span class='ocrx_word' id='word_1_394' title='bbox 828 2924 998 2955; x_wconf 70' lang='lat' dir='ltr'><em>comorius</em></span> <span class='ocrx_word' id='word_1_395' title='bbox 1021 2925 1109 2955; x_wconf 74' lang='lat' dir='ltr'><em>vertit</em></span> <span class='ocrx_word' id='word_1_396' title='bbox 1132 2922 1187 2964; x_wconf 87' lang='lat' dir='ltr'><em>qui</em></span> <span class='ocrx_word' id='word_1_397' title='bbox 1233 2934 1271 2953; x_wconf 87' lang='lat' dir='ltr'><em>ac</em></span> <span class='ocrx_word' id='word_1_398' title='bbox 1291 2922 1498 2965; x_wconf 82' lang='lat' dir='ltr'>conquassati</span> <span class='ocrx_word' id='word_1_399' title='bbox 1510 2928 1598 2960; x_wconf 84' lang='lat' dir='ltr'>sunt,</span> <span class='ocrx_word' id='word_1_400' title='bbox 1622 2921 1722 2952; x_wconf 83' lang='lat' dir='ltr'>etiam</span> <span class='ocrx_word' id='word_1_401' title='bbox 1742 2928 1881 2965; x_wconf 87' lang='lat' dir='ltr'>propter</span> <span class='ocrx_word' id='word_1_402' title='bbox 1893 2928 1976 2955; x_wconf 87' lang='lat' dir='ltr'><strong>tem-</strong></span> 
     </span>
     <span class='ocr_line' id='line_1_42' title="bbox 439 2965 1975 3009; baseline 0.002 -13"><span class='ocrx_word' id='word_1_403' title='bbox 439 2965 540 2996; x_wconf 85' lang='lat' dir='ltr'><strong>semel</strong></span> <span class='ocrx_word' id='word_1_404' title='bbox 574 2965 615 2996; x_wconf 81' lang='lat' dir='ltr'><em>ad</em></span> <span class='ocrx_word' id='word_1_405' title='bbox 641 2966 869 2998; x_wconf 83' lang='lat' dir='ltr'>confusionem</span> <span class='ocrx_word' id='word_1_406' title='bbox 898 2979 975 3009; x_wconf 81' lang='lat' dir='ltr'>prae</span> <span class='ocrx_word' id='word_1_407' title='bbox 1009 2966 1186 2998; x_wconf 84' lang='lat' dir='ltr'><strong>imbecilli·</strong></span> <span class='ocrx_word' id='word_1_408' title='bbox 1232 2967 1323 3008; x_wconf 84' lang='lat' dir='ltr'>poris</span> <span class='ocrx_word' id='word_1_409' title='bbox 1368 2978 1492 2998; x_wconf 84' lang='lat' dir='ltr'>moram</span> <span class='ocrx_word' id='word_1_410' title='bbox 1536 2966 1686 3008; x_wconf 74' lang='lat' dir='ltr'>perfecte</span> <span class='ocrx_word' id='word_1_411' title='bbox 1733 2966 1975 3000; x_wconf 86' lang='lat' dir='ltr'>subvertantur.</span> 
     </span>
    </p>
   </div>
   <div class='ocr_carea' id='block_1_7' title="bbox 439 3009 2035 3054">
    <p class='ocr_par' dir='ltr' id='par_1_8' title="bbox 439 3009 2035 3054">
     <span class='ocr_line' id='line_1_43' title="bbox 439 3009 2035 3054; baseline 0.002 -13"><span class='ocrx_word' id='word_1_412' title='bbox 439 3016 509 3041; x_wconf 80' lang='lat' dir='ltr'><strong>tate</strong></span> <span class='ocrx_word' id='word_1_413' title='bbox 541 3021 578 3042; x_wconf 83' lang='lat' dir='ltr'><em>ac</em></span> <span class='ocrx_word' id='word_1_414' title='bbox 611 3009 801 3044; x_wconf 81' lang='lat' dir='ltr'>infirmitate</span> <span class='ocrx_word' id='word_1_415' title='bbox 833 3024 851 3043; x_wconf 83' lang='lat' dir='ltr'>a</span> <span class='ocrx_word' id='word_1_416' title='bbox 878 3011 1012 3044; x_wconf 82' lang='lat' dir='ltr'>diabolo</span> <span class='ocrx_word' id='word_1_417' title='bbox 1037 3011 1185 3044; x_wconf 85' lang='lat' dir='ltr'><strong>concussi</strong></span> <span class='ocrx_word' id='word_1_418' title='bbox 1230 3013 1381 3052; x_wconf 81' lang='lat' dir='ltr'><strong><em>Equidem</em></strong></span> <span class='ocrx_word' id='word_1_419' title='bbox 1399 3015 1474 3052; x_wconf 84' lang='lat' dir='ltr'><strong><em>puto</em></strong></span> <span class='ocrx_word' id='word_1_420' title='bbox 1494 3012 1658 3044; x_wconf 81' lang='lat' dir='ltr'><em>delendum</em></span> <span class='ocrx_word' id='word_1_421' title='bbox 1687 3021 1749 3044; x_wconf 86' lang='lat' dir='ltr'><strong><em>esse</em></strong></span> <span class='ocrx_word' id='word_1_422' title='bbox 1771 3014 1976 3054; x_wconf 76' lang='lat' dir='ltr'><strong><em>praepositio·</em></strong></span> <span class='ocrx_word' id='word_1_423' title='bbox 2032 3041 2035 3044; x_wconf 82' lang='grc'><em>.</em></span> 
     </span>
    </p>
   </div>
  </div>
 </body>
</html>
