2030 3324
521 191 701 223 PANARu
730 193 811 222 mn.
830 194 869 223 u.
895 193 1003 224 ToM.
1024 194 1062 224 u.
1091 194 1222 224 umen.
1241 194 1368 225 inx.
1645 188 1721 226 711

178 271 272 310 haec
296 271 434 310 animis
460 269 604 309 vestris
628 270 769 310 iniecta
793 271 979 325 cogitatio
1004 274 1089 312 est?
1121 271 1165 312 Si
1188 273 1361 313 dixerint
1382 274 1481 313 hanc
1505 273 1724 327 inquirendi

177 339 277 378 viam
307 352 392 378 oum
430 344 534 376 recta
572 338 721 377 ratione
756 347 1060 379 consentaneam
1089 341 1234 390 videri,
1283 349 1358 381 tum
1395 356 1466 381 nos
1503 349 1638 381 contra
1669 342 1726 381 sic

176 406 418 459 urgebimus:
466 406 617 445 Audire
648 420 698 445 ex
727 407 837 446 vobis
864 408 1038 461 cupimus
1065 422 1152 447 num
1179 409 1225 447 de
1252 409 1367 449 rebus
1393 410 1562 459 vestris,
1597 424 1645 449 an
1679 410 1724 449 de

176 474 233 513 his
258 487 356 527 qnae
380 474 425 513 ad
451 473 562 513 deum
596 474 793 527 pertinent
819 474 869 513 ita
895 475 1091 526 cogitetis.
1155 475 1469 530 Respondehunt
1502 483 1634 530 utpote
1662 491 1724 516 ra-

174 542 278 581 tione
302 541 464 595 praediti
488 541 534 580 de
558 541 699 581 divinis
731 556 776 581 ea
801 556 843 581 se
870 541 1106 594 cogitatione
1137 543 1359 595 concipere.
1424 543 1583 584 Nihilne
1611 559 1721 593 vero,

173 607 439 657 subiiciemns,
468 610 561 648 deus
587 609 633 649 ab
658 616 788 648 vestra
813 609 1050 658 conditione,
1083 617 1219 650 natura
1248 619 1284 650 et
1309 612 1482 652 essentia
1505 611 1725 666 discrepat?

171 675 262 716 Non
289 690 498 729 negamus,
546 676 736 730 inquiunt.
800 675 842 716 Si
882 677 999 730 igitur
1034 678 1136 717 inter
1166 678 1225 717 dei
1261 686 1435 719 naturam
1476 694 1519 719 ac
1549 687 1722 719 nostram

171 744 358 794 interest,
404 745 566 797 primum
603 751 738 784 natura
773 751 904 784 vestra
939 758 1013 784 non
1041 752 1169 799 potest
1203 746 1240 785 in
1269 747 1340 786 deo
1374 747 1722 801 comprehendere,

171 826 269 865 quae
296 812 398 851 omni
423 812 774 866 comprehensione
805 812 950 851 maiora
975 821 1080 852 sunt.
1133 812 1285 853 Deinde
1316 814 1470 869 impium
1497 822 1556 854 est
1579 829 1631 855 ex
1655 829 1724 854 vo-

171 880 229 920 bis
251 887 365 934 atque
388 894 440 920 ex
465 886 600 920 natura
626 887 758 920 vestra
782 880 826 918 de
853 880 924 919 deo
945 880 1211 920 coniecturam
1240 896 1394 935 capere.
1459 880 1562 922 Nam
1590 883 1627 922 in
1655 897 1724 922 no-

172 948 230 986 his
256 948 408 1001 quidem
433 948 532 1001 quod
558 948 724 987 nondum
750 954 831 987 erat
858 948 1044 1001 gignitur,
1074 949 1254 1002 quoniam
1282 958 1320 989 et
1346 950 1502 1004 ipsimet
1519 951 1722 1004 aliquando

171 1031 246 1056 non
274 1016 430 1065 l'uimus,
466 1023 502 1055 et
527 1029 546 1055 a
572 1016 796 1069 parentibus
822 1016 984 1065 nostris,
1010 1017 1070 1070 qui
1102 1024 1138 1056 et
1165 1017 1236 1070 ipsi
1264 1018 1470 1071 aliquando
1493 1033 1568 1058 non
1591 1026 1719 1068 crant,

169 1083 369 1138 propagati
398 1083 669 1137 procreatique
693 1097 851 1133 sumuS,
886 1084 1100 1138 eademque
1126 1085 1296 1124 omnium
1324 1086 1519 1125 hominum
1546 1086 1591 1126 ad
1615 1085 1721 1126 Ada-

168 1166 268 1191 mum
304 1165 425 1204 usque
451 1151 622 1190 conditio
647 1158 721 1190 est.
787 1151 962 1191 Adamus
995 1166 1113 1206 porro
1138 1167 1221 1192 enm
1257 1152 1464 1206 aliquando
1495 1167 1570 1193 non
1598 1161 1721 1204 esset,

169 1234 189 1260 e
226 1226 328 1259 terra
364 1220 574 1273 productus
611 1227 686 1258 est.
752 1218 882 1258 Terra
906 1233 1002 1259 vero
1034 1220 1080 1259 de
1108 1220 1228 1260 nihilo
1256 1228 1416 1271 creata,
1461 1234 1587 1274 neque
1619 1221 1721 1261 enim

166 1301 322 1342 semper
346 1286 492 1327 extitit.
554 1287 607 1327 At
633 1288 727 1326 deus
764 1294 874 1341 pater
908 1295 1094 1342 perpetuo
1124 1288 1214 1338 l'uit,
1262 1289 1454 1342 talemque
1482 1289 1605 1342 qualis
1638 1296 1725 1329 erat

166 1357 249 1410 ipse
272 1362 409 1395 natura
434 1355 552 1394 filium
579 1355 729 1408 genuit.
795 1353 902 1407 Ergo
935 1363 973 1394 et
1002 1369 1158 1410 semper
1186 1355 1422 1396 existentem
1448 1357 1608 1410 genuit,
1643 1371 1720 1397 non

167 1431 347 1477 tanquam
384 1425 543 1462 fratrem
574 1423 763 1476 aliquem,
809 1424 875 1462 sed
909 1437 928 1462 a
960 1437 1072 1473 sese,
1117 1423 1170 1463 uti
1199 1423 1304 1474 dixi,
1344 1424 1540 1478 genitum,
1577 1439 1621 1465 ac
1653 1439 1722 1465 na—

169 1498 252 1531 tura
284 1491 342 1531 sui
381 1491 570 1541 similem,
616 1491 810 1530 dominum
843 1504 891 1530 ex
918 1491 1097 1542 domino,
1144 1493 1256 1532 deum
1293 1493 1339 1532 de
1365 1493 1461 1543 deo,
1508 1493 1620 1533 deum
1654 1507 1722 1533 ve-

167 1573 249 1599 rum
277 1560 323 1598 de.
349 1560 421 1598 deo
444 1573 554 1599 vero.
604 1559 663 1599 Ac
691 1573 958 1613 quaecumque
986 1560 1032 1599 de
1055 1567 1162 1614 patre
1187 1560 1370 1613 cogitarit
1393 1560 1550 1615 aliquis,
1584 1562 1719 1601 eadem

167 1628 213 1667 de
250 1627 331 1666 filio
367 1627 574 1679 cogitanda
607 1634 719 1676 sunt,
769 1636 806 1666 et,
838 1641 1104 1681 quaecumque
1133 1629 1179 1667 de
1203 1628 1283 1668 silio
1310 1629 1548 1679 credideris,
1582 1629 1719 1669 eodem

166 1696 280 1735 modo
307 1696 351 1735 de
376 1702 484 1748 patre
511 1695 713 1734 sentienda
742 1702 846 1735 sunt.
901 1695 966 1735 Sic
991 1696 1092 1735 enim
1119 1694 1302 1737 Christus
1327 1697 1506 1736 dominus
1530 1711 1576 1737 ea
1601 1698 1646 1737 de
1678 1711 1720 1737 re

167 1770 357 1804 testatur:
394 1765 556 1813 (Ιιιίηοη
581 1766 701 1802 credie
729 1767 766 1802 in
784 1765 937 1815 silium,
972 1767 1072 1803 sicul
1099 1767 1220 1803 eredit
1247 1768 1284 1803 in
1303 1773 1477 1816 patrem,
1511 1781 1579 1804 nec·
1604 1768 1719 1805 hono-

165 1834 382 1884 ratsilz‘mn,
419 1839 461 1870 nt
485 1834 648 1871 honorat
663 1840 809 1883 patrem
824 1862 833 1878 ,
870 1835 929 1870 ἱνα
951 1835 1014 1871 dee·
1037 1840 1159 1871 manet
1179 1847 1293 1884 supet·
1312 1836 1457 1884 ipsuum
1494 1834 1527 1873 id
1552 1835 1653 1887 quod
1678 1834 1718 1873 in

167 1899 374 1952 evangelio
411 1900 567 1952 legitur.
633 1899 694 1939 Ex
732 1915 806 1953 quo
847 1900 974 1940 inanis
1009 1900 1162 1940 illorum
1197 1900 1392 1940 cavillatio
1430 1908 1469 1941 et
1507 1901 1719 1941 ratiocina-

166 1968 219 2008 tio
247 1967 438 2018 concidit,
487 1968 517 2007 si
544 1967 696 2021 quidem
724 1970 818 2007 deus
849 1968 1255 2023 incomprehensibilis
1281 1969 1717 2024 incomprehensibilem

164 2037 324 2091 perinde
362 2036 474 2076 deum
513 2044 603 2076 ante
640 2037 772 2076 secula
811 2036 940 2076 omnia
981 2044 1234 2091 temporaque
1267 2037 1417 2090 genuit,
1482 2037 1538 2077 lta
1572 2038 1717 2078 nullum

164 2112 310 2159 patrem
343 2104 446 2143 inter
479 2119 523 2144 ac
560 2105 679 2144 t'ilium
710 2105 957 2144 intervallum
986 2105 1135 2159 concipi
1169 2105 1306 2155 debet,
1351 2106 1418 2145 sed
1443 2106 1557 2146 simul
1584 2113 1623 2146 et
1653 2121 1719 2160 pa-

164 2179 261 2212 trem
285 2172 493 2225 intelligis,
529 2180 566 2211 et
593 2173 704 2212 simul
737 2172 883 2223 lilium,
928 2172 1041 2213 simul
1066 2173 1244 2213 nominas
1267 2173 1412 2223 tilium,
1447 2174 1560 2214 simul
1586 2181 1719 2214 osten-

166 2240 224 2280 dis
251 2248 288 2280 et
311 2248 476 2295 patrem.
540 2239 736 2280 Nimirum
767 2248 805 2280 et
832 2255 883 2281 ex
909 2248 1017 2295 patre
1052 2241 1154 2281 silius
1185 2241 1434 2295 intelligitur,
1481 2249 1519 2280 et
1551 2255 1604 2282 ex
1637 2242 1718 2282 silio

164 2309 415 2362 cognoscitur
439 2316 562 2363 pater.
628 2307 704 2361 Qui
740 2316 868 2363 potest
890 2310 991 2349 enim
1023 2310 1126 2349 l'ilius
1158 2323 1270 2360 esse,
1305 2310 1336 2349 si
1363 2316 1509 2364 patrem
1542 2324 1619 2350 non
1652 2310 1718 2350 ha-

165 2376 257 2416 bet?
300 2384 365 2416 aut
390 2384 523 2431 pater,
559 2376 592 2416 si
618 2377 739 2417 filium
767 2392 843 2417 non
874 2379 1023 2431 genuit.
1089 2376 1350 2431 Quandonam
1376 2391 1469 2417 vero
1497 2385 1607 2432 pater
1639 2393 1716 2419 non

165 2445 346 2499 appellari
372 2453 481 2499 pater
510 2452 658 2499 potest,
694 2453 757 2484 aut
792 2445 895 2486 l'ilius
930 2460 1006 2485 non
1033 2446 1166 2486 vorari
1194 2446 1318 2495 fitius,
1353 2452 1394 2485 ut
1417 2446 1502 2485 sine
1537 2446 1618 2486 silio
1652 2461 1717 2501 pa-

166 2520 224 2552 ter
250 2520 456 2566 utcumque
490 2514 614 2567 possit
644 2513 829 2567 intelligi,
865 2521 930 2553 aut
957 2514 1176 2554 istiusmodi
1207 2513 1325 2567 fingi,
1370 2521 1410 2553 ut
1437 2514 1717 2568 progressione

164 2581 327 2633 tutandam
354 2582 450 2620 l'acta
477 2582 596 2621 fitium
621 2589 755 2635 postea
783 2582 978 2635 genuerit,
1005 2596 1050 2621 ae
1069 2582 1206 2622 deinde
1231 2596 1315 2621 cum
1339 2581 1535 2635 genuerit,
1562 2583 1631 2622 sitii
1653 2597 1717 2636 pa-

164 2657 224 2688 ter
246 2649 430 2703 appellari
448 2649 610 2699 debeat,
645 2650 753 2703 quasi
775 2650 987 2690 divinitatis
1011 2663 1279 2703 progressum,
1305 2649 1357 2689 uti
1374 2648 1472 2699 dixi,
1499 2650 1717 2705 quempiam

163 2717 348 2771 adeptus,
384 2732 469 2757 cum
503 2725 628 2756 tamen
658 2717 706 2756 ita
736 2718 932 2770 perfectus
957 2717 1007 2757 sit
1034 2725 1075 2756 ut
1098 2718 1261 2771 amplius
1290 2717 1423 2771 perfici
1446 2720 1639 2772 nequeat?

275 2784 355 2825 Sed
382 2799 533 2824 rursum
569 2786 613 2825 ad
640 2785 739 2824 aliud
765 2792 1035 2838 argumentum
1071 2786 1323 2839 confugiunt,
1358 2793 1393 2825 et
1419 2786 1714 2827 saluberrimum

164 2852 255 2892 illud
286 2853 497 2893 remedium
524 2860 639 2906 atque
663 2853 902 2902 antidotum,
939 2852 1010 2892 hoc
1034 2860 1092 2892 est
1119 2854 1226 2903 lidei,
1262 2869 1376 2908 quam
1399 2861 1536 2895 sancta
1562 2855 1622 2895 dei
1649 2869 1714 2895 ec-

163 2921 282 2960 clesia
312 2921 524 2976 praedicat,
559 2921 793 2961 soliditatem
827 2935 871 2961 ac
895 2921 1114 2961 firmitatem
1142 2935 1162 2961 a
1190 2922 1330 2977 seipsis
1357 2929 1546 2963 excutere
1571 2937 1717 2963 conan-

165 2996 247 3039 tur,
291 2996 405 3043 atque
438 2989 537 3029 hunc
566 2989 601 3028 in
625 2990 778 3029 modum
809 2989 957 3030 instare
983 2989 1126 3030 solent.
1190 2989 1302 3032 Unde
1337 2990 1473 3043 nobis,
1516 2990 1712 3048 inquiunt,

1739 1773 1871 1808 Ioann.3,
1883 1775 1923 1801 36.

1777 2798 1856 2838 Cap.

1763 2843 1875 2875 LXX.
