2066 3319
477 192 656 224 PANARH
682 192 762 223 [ΑΒ.
788 193 827 222 Η.
853 193 960 224 TOM.
983 194 1021 224 tt.
1050 193 1177 224 ttAER.
1198 193 1319 224 LXVI.
1595 184 1674 221 185

128 272 214 312 bula
240 271 473 312 consistere.
529 270 683 311 Etenim
707 271 927 326 priusquam
953 273 989 312 in
1012 273 1126 313 terris
1154 281 1261 313 esset
1290 273 1402 312 bomo
1424 286 1522 326 quae
1546 272 1676 328 appel-

127 339 179 380 lat
203 339 396 380 elementa
431 340 616 394 producta
647 340 791 390 fuisse,
826 340 1063 396 perindeque
1099 349 1138 382 et
1172 356 1296 382 vanos
1330 342 1416 382 illos
1443 342 1561 381 cados
1595 356 1675 381 mo-

127 407 278 462 lemque
307 409 501 458 defendit,
537 422 648 463 quam
683 408 860 449 iucundis
883 410 1109 463 quibusdam
1134 410 1457 465 appellationibus
1491 411 1577 451 ideo
1609 411 1674 450 de-

125 476 260 517 scribit
292 483 332 517 ut
361 491 383 517 a
414 491 456 517 se
489 477 661 531 deceptis
694 477 911 518 bominibus
944 478 1093 518 illudat.

236 545 340 587 Nam
364 560 415 586 ex
436 545 518 600 ipsa
540 545 756 587 divinarum
779 547 1058 602 scripturarum
1083 547 1186 587 serie
1210 546 1366 587 cuilibet
1394 549 1571 603 prudenti
1592 563 1673 589 ma-

124 615 305 655 nifestum
332 622 414 665 est,
449 622 654 669 antequam
681 616 824 669 primns
851 622 985 655 noster
1011 629 1153 670 parens
1176 616 1350 655 Adamas
1384 630 1402 655 a
1430 617 1501 656 deo
1533 618 1675 657 forma-

124 690 255 733 retur,
302 683 362 724 die
400 691 537 738 quarto
574 698 658 724 cum
695 684 841 738 reliqua
875 684 1028 734 sidera,
1075 690 1152 723 tum
1186 684 1333 723 maiora
1362 684 1435 724 duo
1472 686 1673 740 producta.

123 751 177 792 At
208 751 293 802 itte,
339 751 481 804 Venit,
517 753 662 807 iuquit,
698 753 897 792 duodenos
925 759 964 792 ut
995 752 1112 791 cados
1139 751 1371 803 fabricaret,
1406 753 1476 792 sub
1509 753 1674 793 bominis

122 820 278 876 specie,
314 828 429 876 atque
455 821 645 861 eiusmodi
671 820 890 861 bominibus
915 820 1108 875 apparuit.
1174 818 1216 860 ln
1244 835 1318 874 quo
1347 828 1465 860 totam
1489 821 1590 861 illam
1619 822 1676 861 in-

122 889 360 930 carnationis
385 889 763 930 administrationem
796 888 983 943 ignorans
1017 888 1149 928 dicere
1181 902 1224 928 se
1251 890 1501 930 nibilominus
1532 889 1675 943 aliquid

121 957 343 1009 existimat,
380 973 424 998 ac
450 958 554 998 velut
585 971 726 998 caecus
751 958 1001 1012 semetipsum
1030 957 1202 1011 dirigens
1227 957 1298 1009 iis,
1333 973 1495 1012 quorum
1525 959 1674 998 animos

120 1027 367 1078 occaecavit,
403 1026 551 1081 reliqua
577 1026 759 1081 deinceps
782 1026 984 1066 mendacia
1010 1026 1204 1066 narrando
1231 1027 1418 1081 pertexit.
1483 1025 1585 1066 Mox
1606 1040 1674 1066 au-

122 1102 196 1135 tem
221 1103 262 1136 ut
288 1096 426 1136 adesse
458 1095 603 1136 veritas
631 1095 782 1150 coepit,
826 1102 865 1135 et
889 1094 1121 1149 sapientium
1151 1095 1322 1135 virorum
1360 1095 1551 1135 beneficio
1585 1109 1676 1135 ocu-

121 1164 178 1206 los
201 1164 372 1220 aperire,
401 1171 477 1205 tota
504 1164 598 1204 haec
624 1163 749 1204 fabula
775 1164 811 1204 in
840 1163 960 1204 risum
988 1177 1032 1203 ac
1056 1163 1261 1204 ludibrium
1288 1164 1531 1204 dissolvitur.
1579 1161 1676 1216 Qni-

120 1232 191 1273 bus
216 1233 318 1273 enim
347 1233 497 1273 tandem
524 1233 767 1284 bominibus,
803 1232 864 1287 qui
889 1231 982 1272 nulli
1008 1239 1133 1283 erant,
1169 1246 1358 1288 apparere
1385 1232 1534 1287 potuit?
1567 1231 1675 1286 Quo-

125 1302 238 1342 modo
262 1316 358 1342 vero
395 1302 559 1342 hominis
591 1301 722 1357 specie
754 1301 878 1342 videri
903 1308 1078 1356 poterat,
1122 1302 1182 1356 qui
1212 1301 1355 1342 nullum
1380 1315 1521 1356 corpus
1542 1300 1677 1341 indue-

122 1372 208 1411 rat?
270 1371 330 1411 Ac
362 1371 394 1411 si
428 1378 531 1421 tum,
566 1386 650 1411 cum
678 1384 795 1411 carne
832 1370 1030 1425 praeditus
1055 1370 1237 1421 advenit,
1282 1371 1446 1424 perfecit
1477 1370 1592 1420 illud,
1638 1376 1679 1409 ut

122 1440 222 1494 quod
264 1454 340 1480 non
378 1447 462 1480 erat
503 1453 593 1480 esse
626 1439 849 1490 videretur,
898 1446 1017 1479 totum
1058 1439 1146 1478 illud
1182 1439 1379 1493 negotium
1420 1438 1512 1478 nihil
1545 1438 1677 1478 habuit

121 1515 278 1563 praeter
312 1509 533 1564 opinionem
566 1522 611 1547 ac
637 1508 829 1562 speciemg
875 1521 995 1562 quare
1031 1521 1157 1562 neque
1190 1507 1369 1562 apparuit
1401 1521 1526 1561 neque
1550 1508 1673 1547 venit.

122 1575 224 1618 Nam
249 1577 281 1617 si
307 1577 459 1631 quando
483 1576 593 1617 venit
620 1591 662 1616 re
688 1577 770 1632 ipsa
794 1591 869 1616 non
897 1583 1003 1626 erat,
1049 1590 1096 1616 ne
1125 1576 1283 1616 venisse
1312 1575 1463 1630 quidem
1490 1575 1676 1615 dicendus

122 1652 197 1686 est.
262 1644 375 1700 Quod
404 1645 434 1686 si
460 1645 574 1685 homo
599 1659 688 1686 esse
720 1644 977 1695 credebatur,
1012 1659 1084 1685 nec
1110 1659 1152 1685 re
1177 1645 1261 1700 ipsa
1289 1651 1417 1684 tamen
1445 1651 1553 1695 erat,
1588 1644 1676 1698 quid

123 1721 209 1754 erat
234 1715 334 1769 quod
359 1714 530 1754 divinum
557 1714 718 1755 verbum
749 1720 907 1768 urgeret
929 1714 1025 1754 adeo
1058 1721 1099 1753 ut
1123 1714 1236 1753 bomo
1261 1727 1346 1753 cum
1378 1728 1454 1753 non
1481 1720 1589 1753 esset
1611 1727 1677 1767 ap-

123 1784 305 1838 pareret?
346 1782 436 1824 Nisi
464 1785 561 1823 sorte
587 1798 609 1823 a
634 1783 892 1823 creditoribus
917 1789 1102 1832 vexatus,
1135 1797 1238 1822 novo
1262 1782 1334 1822 hoc
1360 1782 1464 1822 cultu
1487 1795 1530 1821 ac
1553 1781 1677 1835 figura

121 1851 365 1892 dissimulare
407 1852 577 1907 seipsum
617 1851 758 1903 vellet,
806 1859 847 1892 ut
886 1865 954 1892 eos
989 1865 1011 1891 a
1052 1851 1189 1906 quibus
1226 1850 1486 1906 quaerebatur
1516 1850 1673 1889 lateret.

122 1919 276 1961 Deinde
304 1920 335 1960 si
359 1921 457 1975 quod
485 1935 561 1960 non
587 1928 672 1960 erat
700 1934 788 1961 esse
815 1920 922 1961 visus
948 1927 1030 1971 est,
1066 1933 1256 1973 quaenam
1285 1912 1381 1959 liaec
1409 1917 1554 1959 veritas
1581 1918 1676 1958 fuit?

120 1988 246 2029 Abest
271 1989 371 2029 enim
399 2004 420 2029 a
443 1989 608 2029 veritate
635 1989 904 2040 mendacium,
939 2003 1009 2044 pro
1033 2003 1079 2029 eo
1107 2003 1151 2029 ac
1178 1989 1223 2028 de
1258 2002 1300 2028 se
1324 1986 1560 2042 Unigenitns
1592 1987 1674 2042 ipse

122 2064 310 2098 testatur:
345 2061 430 2110 Ego
455 2073 534 2097 sum
561 2061 698 2097 veritas
719 2066 756 2097 et
779 2061 866 2097 vila.
932 2056 1023 2098 Vita
1049 2057 1186 2098 mortis
1213 2064 1273 2097 est
1298 2071 1456 2112 expers.
1509 2055 1671 2097 Veritas

121 2127 374 2167 mutationem
399 2127 540 2167 nullam
566 2127 755 2178 sustinet,
800 2140 846 2167 ne
881 2126 926 2167 ab
952 2141 997 2166 ea
1023 2126 1248 2181 perturbata
1280 2125 1427 2167 veritas
1457 2139 1544 2166 esse
1573 2124 1675 2165 ‹lesi-

121 2203 201 2236 nat.
253 2193 518 2249 Quamobrem
546 2196 621 2236 ruit
646 2195 772 2235 omnis
797 2195 897 2236 illius
920 2196 1175 2250 undequaque
1200 2195 1415 2249 tragoedia.
1478 2192 1581 2233 Nam
1608 2207 1674 2232 ne-

121 2277 194 2319 que
226 2271 314 2319 post
347 2265 554 2304 adventum
581 2264 723 2304 domini
754 2264 939 2305 fabricata
965 2271 1055 2304 sunt
1078 2264 1228 2314 sidera,
1264 2277 1336 2303 nec
1366 2262 1541 2302 homines
1563 2267 1673 2301 ante-

121 2347 235 2387 quam
261 2333 322 2373 illa
351 2333 615 2374 conderentur
642 2334 883 2384 extiterunt.;
917 2333 1092 2387 adeoque
1118 2340 1192 2373 tam
1220 2332 1308 2372 hinc
1333 2346 1443 2386 quam
1469 2331 1597 2381 illinc,
1634 2337 1674 2370 ut

121 2409 234 2442 antea
269 2401 558 2451 demonstravi,
592 2400 851 2442 Manichaeus
882 2401 1073 2457 impostor
1105 2401 1311 2441 refellitur.

233 2469 336 2510 Nam
363 2471 462 2526 quod
487 2471 532 2511 dc
558 2470 645 2510 luna
670 2470 792 2525 lingit,
826 2472 909 2511 eius
932 2470 1064 2511 orbem
1084 2470 1252 2525 receptis
1275 2468 1476 2509 animabus
1501 2467 1668 2522 impleri,

122 2539 236 2579 velim
263 2540 354 2580 mibi
384 2540 488 2580 dicas
523 2540 715 2594 quomodo
755 2539 854 2580 idem
890 2540 955 2580 ille
985 2539 1091 2580 orbis
1126 2538 1275 2593 impleri
1310 2538 1429 2593 potuit
1465 2544 1671 2591 antequam

122 2608 318 2649 bominum
346 2609 544 2663 quisquam
577 2608 614 2648 in
643 2615 746 2648 terra
770 2615 1003 2649 moreretur.
1068 2606 1111 2648 Si
1144 2608 1296 2662 quidem
1335 2613 1417 2661 post
1453 2612 1671 2659 nongentos

122 2685 159 2717 et
186 2677 344 2732 triginta
369 2692 518 2727 anuos,
553 2691 649 2731 quos
673 2677 847 2718 Adamus
872 2678 995 2728 vixit,
1031 2691 1115 2717 cum
1141 2676 1285 2731 primus
1310 2689 1362 2715 ex
1387 2674 1457 2714 bac
1485 2674 1565 2714 vita
1595 2673 1672 2714 dis-

121 2745 264 2797 cessit,
299 2746 432 2787 fierinc
454 2746 577 2801 potuit
605 2760 679 2785 una
704 2753 743 2786 ut
768 2746 900 2786 orbem
925 2746 1054 2787 anima
1078 2744 1316 2799 compleret?
1361 2742 1528 2797 Quinam
1555 2757 1670 2798 porro

121 2850 269 2881 petavius
298 2851 430 2881 alterum
455 2844 517 2883 κᾶν
539 2850 704 2881 delendum
733 2859 794 2881 esse
821 2860 873 2881 su·
918 2852 998 2881 enim
1026 2850 1244 2887 interpretatus
1274 2850 1316 2878 est
1350 2845 1427 2889 quid
1458 2846 1594 2889 urgebat
1618 2845 1669 2877 dei

121 2895 307 2933 spicabatur.
356 2933 369 2939 -
920 2894 1055 2926 verbum
1091 2900 1125 2923 ut
1148 2893 1249 2923 homo
1273 2899 1449 2935 appareret
1479 2904 1578 2936 quum
1604 2903 1670 2923 non

167 2941 198 2971 ζ’,
225 2942 321 2981 Vulgo
346 2939 421 2982 ἀρα.
921 2946 1005 2971 esset
1017 2938 1050 2981 5³)
1070 2942 1094 2969 ee
1110 2940 1288 2970 Carnarius.
1317 2940 1400 2969 Libri
1411 2940 1521 2970 habent
1535 2937 1672 2981 ἐπῆξαν.

168 2984 197 3017 3-
223 2978 288 3027 ἆρα
312 2988 401 3018 codd.
426 2997 496 3018 mss.
967 2987 997 3016 ᾗ.
1023 2984 1080 3017 καὶ
1105 2995 1166 3015 non
1187 2986 1274 3015 habet
1297 2986 1363 3015 cod.
1387 2986 1513 3023 Rhediq.

169 3027 199 3061 4.
226 3029 354 3071 ἐπείξαν
395 3035 586 3066 coniecerunt
622 3034 792 3065 Cornarius
833 3033 875 3074 (is
965 3029 996 3063 6.
1022 3032 1107 3063 Libri
1131 3040 1201 3062 mss.
1226 3031 1373 3069 praebent
1397 3026 1497 3072 αὐτὴ.

1708 557 1786 600 Cap.
1804 558 1856 588 Ll.

1697 2480 1774 2524 Cap.
1791 2481 1862 2512 Lll.
