2066 3319
221 918 287 946 pag.
306 910 365 938 530.

381 204 461 244 238
939 210 1100 243 SANCTI
1123 211 1348 243 EPIPHANH

381 287 470 329 υἵὸν
495 291 564 328 τοῦ
588 290 688 327 θεοῦ
711 288 851 339 κτίσμα
873 286 1116 341 ἐδογμάτισε,
1149 289 1217 329 καὶ
1245 286 1322 329 άπό
1351 292 1419 340 τῆς
1441 289 1529 342 περὶ
1560 292 1630 329 τοῦ
1653 290 1743 329 υἱοῦ
1765 286 1907 340 τόλμης

381 354 506 411 γνῴης
535 353 594 395 ὅτι
625 355 692 395 καὶ
725 352 766 395 vd
799 360 952 407 πνεῦμα
982 354 1023 396 τό
1062 354 1174 410 ἅγιον
1207 354 1360 397 κτιστὸν
1384 354 1617 410 εἰςηγήσατο.
1675 353 1757 396 Ἀπ’
1788 353 1907 409 ἀρχῆς

381 417 454 464 οὗν
482 420 720 475 άναλέξωμεν
749 420 817 464 τὸν
847 421 1025 475 ψαλμὸν,
1056 424 1128 472 ἕως
1159 421 1279 476 αὐτῆς
1308 428 1378 476 τῆς
1405 424 1559 474 λέξεως,
1592 421 1644 472 οἷς
1669 421 1785 472 αὐτὸς
1804 421 1905 477 Ὠρι-

381 491 493 545 νένης
521 491 609 543 ἔφη·

676 614 775 649 ΤΩΝ
803 615 1084 650 ΩΡΙΓΕΝΟΥΣ
1109 616 1195 649 ΕΙΣ
1220 616 1317 649 TON
1343 615 1379 650 A'
1405 616 1620 650 ΨΑΛΜΟΝ.

498 698 730 735 Κεκλεῖσθαι
754 695 820 735 καὶ
845 696 1107 749 ἐσφραγίσθαι
1134 693 1203 742 τάς
1224 697 1336 743 θείας
1364 693 1519 750 γραφάς
1541 696 1582 736 οἵ
1602 697 1708 736 θεῖοί
1731 707 1827 745 φασι
1846 690 1908 734 λό-

384 778 468 816 γοι,
499 766 546 819 τῇ
569 763 688 803 κλειδὶ
717 767 787 803 τοῦ
812 764 961 815 Δαβὶδ,
992 761 1088 816 τάχα
1111 763 1152 803 δὲ
1175 765 1242 804 καὶ
1270 765 1476 818 σφραγῖδι,
1507 763 1594 817 περὶ
1619 757 1666 814 ἧς
1693 763 1840 815 εἴρηται
1865 758 1908 801 vd

385 828 596 883 ἐντύπωμα
620 832 836 885 σφραγῖδος
860 828 1029 885 άγίασμα
1054 833 1198 887 κυρίῳ,
1229 831 1400 872 τουτέστι
1425 835 1472 888 τῇ
1504 828 1666 882 δυνάμει
1693 833 1763 870 τοῦ
1793 831 1908 870 δεδω-

384 896 500 946 κότος
524 896 645 946 αὐτάς
669 903 787 948 θεοῦ,
819 904 866 956 τῇ
888 896 965 940 ὑπὸ
994 903 1064 951 τῆς
1088 901 1303 953 σφραγῖδος
1332 899 1562 955 δηλουμένη.
1625 898 1723 951 Περὶ
1748 897 1816 949 μὲν
1840 891 1911 938 οὖν

385 971 454 1007 τοῦ
477 971 695 1008 κεκλεῖσθαι
716 967 783 1008 καὶ
808 967 1070 1021 ἐσφραγίσθαι
1091 964 1113 1007 ὁ
1133 964 1319 1019 Ἰωάννης
1341 964 1590 1007 ἀναδιδάσκει
1614 966 1654 1007 έν
1677 970 1724 1023 τῇ
1745 963 1910 1006 Ἀποκα-

385 1032 499 1086 λύψει
524 1035 665 1089 λέγων,
699 1035 779 1075 Καὶ
807 1039 860 1090 τῷ
890 1032 1034 1091 άγγέλῳ
1059 1039 1127 1087 τῆς
1157 1035 1197 1075 ἐν
1224 1037 1481 1091 Φιλαδελφεία
1514 1035 1712 1086 ἐκκλησίας
1740 1032 1911 1089 γράψον,

392 1101 492 1143 Τάδε
516 1103 615 1157 λέγει
638 1100 661 1144 ὁ
688 1101 798 1157 ἅγιος
819 1100 841 1143 6
865 1100 1072 1155 ἀληθινὸς,
1104 1100 1126 1143 ὁ
1148 1103 1244 1154 ἔχων
1266 1100 1337 1155 τήν
1359 1107 1460 1143 κλεῖν
1481 1105 1550 1143 τοῦ
1573 1103 1725 1155 Δαβὶδ,
1757 1099 1779 1144 o‘
1809 1099 1912 1144 οἶνοί-

386 1188 484 1224 γων,
515 1171 580 1211 καὶ
605 1168 735 1218 οὐδεὶς
764 1173 922 1221 κλείσει,
953 1172 1019 1212 καὶ
1043 1174 1198 1220 κλείων,
1227 1171 1292 1211 καὶ
1315 1168 1445 1218 οὐδεὶς
1469 1168 1629 1219 ἀνοίξει·
1660 1168 1749 1212 οἶδά
1771 1184 1846 1212 σου
1865 1167 1912 1211 τά

388 1239 497 1292 ἔργα·
537 1236 643 1288 ἰδοῦ,
676 1239 827 1279 δέδωκα
856 1237 989 1292 θύραν
1021 1237 1191 1280 ἐνώπιόν
1218 1252 1291 1279 σου
1319 1235 1583 1293 ἀνεῳγμένην,
1614 1236 1664 1291 ἣν
1688 1235 1819 1287 οὐδεὶς
1847 1237 1913 1279 δύ-

389 1324 499 1347 ναται
524 1311 666 1347 κλεῖσαι
688 1304 821 1358 αὐτήν.
882 1307 962 1346 Καὶ
989 1304 1065 1359 μετ’
1089 1304 1218 1360 ὀλίγα,
1260 1306 1339 1346 Καὶ
1371 1303 1474 1346 εἶδον
1500 1307 1564 1346 ἐπὶ
1588 1304 1658 1359 τὴν
1688 1304 1816 1356 δεξιάν
1843 1310 1914 1347 τοῦ

387 1375 616 1426 καθημένου
639 1374 703 1415 ἐπὶ
728 1379 743 1402 l
759 1372 825 1414 τόν
842 1372 993 1427 θρόνον
1012 1376 1164 1426 βίβλων
1186 1374 1446 1427 γεγραμμένον
1467 1374 1630 1423 ἔσωθεν,
1661 1376 1728 1415 καὶ
1747 1373 1915 1416 ὄπισθεν

387 1442 768 1496 κατεσφραγισμένον
795 1447 1005 1496 σφραγῖσιν
1029 1439 1144 1482 ἑπτά·
1175 1441 1240 1482 καὶ
1265 1438 1369 1482 εἶδον
1398 1439 1557 1495 ἄγγελον
1591 1440 1748 1496 ἰσχυρὸν
1773 1440 1913 1497 κηρύσ-

388 1524 504 1550 σοντα
537 1514 651 1566 φωνῇ
685 1508 851 1566 μεγάλῃ,
902 1512 966 1558 Τίς
1000 1507 1108 1558 ἄξιος
1139 1506 1289 1557 ἀνοῖξαι
1322 1507 1365 1550 τό
1397 1511 1568 1561 βίβλιον,
1607 1510 1675 1550 καὶ
1702 1514 1815 1551 λῦσαι
1846 1509 1915 1558 τοῖς

389 1580 607 1632 σφραγῖδας
641 1575 783 1627 αὐτοῦ,
823 1578 890 1618 καὶ
921 1575 1050 1626 οὐδεὶς
1081 1575 1252 1630 ἠδύνατο
1278 1578 1317 1618 ἐν
1343 1581 1396 1633 τῷ
1425 1575 1597 1633 οὐρανῷ,
1635 1575 1724 1618 οὔτε
1754 1578 1818 1619 ἐπὶ
1846 1582 1917 1630 τῆς

389 1651 480 1700 γῆς,
520 1644 608 1687 οὔτε
639 1643 824 1686 ὑποκάτω
852 1650 920 1698 τῆς
950 1650 1020 1700 γῆς
1046 1644 1195 1695 άνοῖξαι
1219 1643 1260 1686 τό
1293 1646 1464 1697 βιβλίον,
1501 1643 1590 1686 οὔτε
1615 1645 1770 1697 βλέπειν
1799 1643 1914 1687 αὐτό·

388 1715 451 1755 καὶ
478 1715 651 1764 ἔκλαιον,
683 1713 743 1755 ὅτι
765 1711 894 1762 οὐδεὶς
916 1712 1022 1762 ἄξιος
1044 1711 1190 1768 εὑρέθη
1211 1710 1362 1762 ἀνοῖξαι
1385 1711 1427 1754 τό
1450 1715 1620 1766 βίβλιον,
1653 1712 1742 1755 οὔτε
1762 1714 1916 1767 βλέπειν

390 1780 503 1823 αὐτό·
541 1783 609 1823 καὶ
636 1780 691 1830 εἷς
713 1783 754 1823 ἐκ
777 1786 856 1823 τῶν
881 1783 1151 1837 πρεσβυτέρων
1181 1782 1276 1836 λέγει
1299 1798 1385 1833 μοι,
1426 1780 1503 1834 Μὴ
1533 1786 1659 1832 κλαῖε,
1698 1780 1809 1833 ἰδού,
1843 1783 1917 1823 ἐνί-

390 1865 505 1902 κησεν
532 1848 555 1891 ὅ
577 1851 673 1892 λέων
695 1848 717 1891 ό
745 1851 788 1891 ἐκ
809 1854 877 1903 τῆς
902 1854 1029 1903 φυλῆς
1057 1848 1212 1901 Ἰούδα,
1249 1847 1275 1903 ’ἡ
1303 1851 1387 1903 ῥ’ίζα
1412 1851 1560 1902 Δαβὶδ,
1601 1848 1751 1900 ἀνοῖξαι
1784 1847 1826 1891 τό
1858 1852 1916 1903 βι-

392 1920 520 1971 βλίον,
551 1919 618 1958 καὶ
640 1915 709 1966 τοὶς
730 1916 826 1958 ἑπτά
849 1920 1066 1973 σφραγῖδας
1088 1917 1221 1960 αὐτοῦ.
1283 1918 1383 1972 Περὶ
1409 1917 1450 1958 δὲ
1471 1922 1540 1959 τοῦ
1565 1919 1828 1973 ἐσφραγίσθαι
1848 1916 1914 1971 μό-

391 2004 460 2028 νον
485 1984 508 2027 ἆ
535 1983 692 2034 Ἡσαΐας
716 1984 857 2034 οὕτως·
892 1988 970 2027 Καὶ
993 1987 1097 2027 ἔσται
1117 1984 1210 2039 ὑμῖν
1231 1985 1278 2027 τά
1302 1985 1455 2040 ῥήματα
1479 1990 1599 2027 ταῦτα
1619 1985 1764 2037 πάντα,
1797 1983 1850 2034 ὥς
1879 1987 1920 2027 οἱ

391 2053 499 2110 λόγοι
518 2059 588 2096 τοῦ
617 2056 768 2107 βιβλίου
800 2053 941 2096 τούτου
971 2059 1042 2095 τοῦ
1068 2055 1399 2110 ἐσφραγισμένου,
1439 2053 1461 2096 ὂ
1484 2052 1551 2096 ἐάν
1575 2056 1693 2095 δῶσιν
1723 2051 1818 2096 αὐτὸ
1850 2052 1916 2095 άν-

392 2123 545 2179 θραίπῳ
577 2122 815 2177 ἐπισταμένῳ
842 2121 1066 2177 γράμματα,
1097 2123 1288 2177 λέγοντες,
1317 2121 1540 2177 Ἀνάγνωθι
1564 2126 1705 2173 ταῦτα,
1737 2123 1805 2163 καὶ
1826 2123 1916 2177 ἐρεῖ,

397 2189 455 2231 Οὐ
479 2189 647 2243 δύναμαι
675 2188 916 2245 ἀναγνῶναι,
948 2189 1200 2246 ἐσφράγισται
1231 2189 1322 2246 γάρ·
1362 2191 1428 2231 καὶ
1457 2188 1668 2243 δοθήσεται
1694 2187 1736 2231 τὸ
1767 2192 1918 2243 βιβλίον

392 2263 506 2300 τοῦτο
531 2260 585 2306 εἰς
607 2264 734 2313 χεῖρας
755 2256 973 2313 ἀνθρώπου
996 2257 1047 2311 μή
1071 2260 1322 2311 ἐπισταμένου
1347 2257 1576 2313 γράμματα,
1605 2259 1672 2299 καὶ
1699 2259 1798 2313 ἐρεῖ,
1833 2256 1918 2299 Οὐκ

394 2328 600 2379 ἐπίσταμαι
630 2327 846 2381 γράμματα.
912 2330 1041 2368 Ταῦτα
1072 2325 1143 2381 γάρ
1177 2325 1224 2368 οὐ
1255 2325 1377 2380 μόνον
1407 2327 1495 2381 περὶ
1522 2330 1590 2379 τῆς
1613 2324 1918 2378 Ἀποκαλύψεως

391 2392 572 2436 Ἰωάννου
599 2395 664 2436 καὶ
694 2399 765 2435 τοῦ
793 2392 953 2435 Ἡσαΐου
985 2396 1187 2447 νομιστέον
1217 2396 1416 2449 λέγεσθαι,
1456 2392 1548 2435 ἄλλα
1576 2396 1643 2435 καὶ
1673 2394 1762 2448 περὶ
1789 2392 1918 2447 πάσης

396 2465 507 2511 θείας
529 2467 727 2517 γραφῆςῂ
744 2460 1063 2517 ὁμολογουμένως
1088 2464 1154 2503 καὶ
1182 2463 1288 2517 παρὰ
1319 2468 1402 2511 τοῖς
1427 2464 1589 2517 μετρίως
1618 2463 1766 2503 ἐπαΐειν
1793 2461 1918 2516 λόγων

396 2534 519 2572 θείων
550 2531 801 2583 δυναμένοις,
835 2531 1170 2585 2πεπληρωμένης
1200 2529 1434 2586 αἰνιγμάτων
1454 2531 1521 2572 καὶ
1542 2532 1797 2585 παραβολῶν,
1829 2543 1914 2571 σκο-

394 2604 529 2640 τεινῶν
553 2615 590 2639 τε
610 2597 756 2653 λόγων,
786 2599 852 2640 καὶ
877 2596 999 2639 ἄλλων
1027 2601 1212 2640 ποικίλων
1237 2601 1350 2641 εἰδῶν
1381 2597 1590 2650 ἀσαφείας,
1623 2597 1848 2651 δυςλήπτων
1870 2601 1917 2654 τῇ

395 2665 628 2724 άνθρωπίνῃ
649 2665 775 2718 φύσει.
821 2665 947 2721 ’Όπερ
970 2664 1123 2715 διδάξαι
1146 2666 1384 2720 βουλόμενος
1410 2668 1475 2708 καὶ
1497 2664 1520 2708 ὁ
1542 2665 1670 2721 σωτήρ
1692 2679 1833 2718 φησιν,
1865 2661 1918 2713 ὥς

397 2739 463 2787 τῆς
485 2734 633 2784 κλειδὸς
657 2733 777 2787 οὔσης
804 2733 910 2789 παρά
941 2740 1021 2783 τοῖς
1045 2738 1315 2787 Γραμματεῦσι
1342 2735 1408 2776 καὶ
1437 2737 1684 2788 Φαρισαίοις,
1715 2731 1787 2774 οὐκ
1816 2730 1917 2787 ἄγω-

398 2804 609 2855 νιζομένοις
630 2802 700 2856 τὴν
723 2801 817 2844 ὁδὸν
841 2800 966 2857 εὑρεῖν
987 2806 1055 2843 τοῦ
1079 2800 1252 2853 ἀνοῖξαι,
1282 2801 1346 2854 τὸ,
1382 2800 1483 2843 Οὐαὶ
1505 2799 1598 2854 ὑμῖν
1619 2806 1701 2849 τοῖς
1726 2805 1916 2853 νομικοῖς,

397 2869 455 2911 ὅτι
482 2869 596 2927 ᾔρατε
621 2870 691 2924 τὴν
713 2873 842 2912 κλεῖδα
863 2875 932 2924 τῆς
952 2868 1145 2925 γνώσεως
1178 2868 1289 2911 αὐτοὶ
1311 2868 1384 2912 οὐκ
1406 2867 1618 2922 εἰςήλθετε,
1647 2869 1716 2910 καὶ
1738 2867 1830 2917 τούς
1846 2869 1916 2917 εἶς-

399 2939 627 2993 ερχομένους
656 2936 728 2980 οὐκ
759 2937 890 2990 άφίετε
920 2940 1113 2987 εἰςελθεῖν.

445 3030 522 3063 CAP.
545 3031 599 3063 VI.
624 3049 667 3055 —-
715 3032 746 3064 1.
767 3032 891 3071 Repono
913 3030 971 3064 τοῦ
994 3028 1118 3074 θρόνου.
