2056 3298
200 454 267 482 pag.
285 446 342 472 404.

201 2558 267 2587 pag.
285 2549 342 2577 4⁰5.

366 211 415 250 16
928 215 1086 248 SANCTI
1109 217 1327 248 ΕΡιΡΗΑΝιι

363 298 588 348 πληροῦται.
649 293 763 346 Αὕτη
787 292 829 334 δὲ
851 290 933 334 εἷπε
958 290 1034 346 μετ’
1056 291 1176 346 αὐτὴν
1195 291 1293 335 εἶναι
1313 295 1550 346 συντέλειαν,
1580 295 1646 336 καὶ
1669 293 1779 336 οῧπω
1801 308 1889 336 συν·

362 362 554 413 ετελέσθη,
586 360 748 413 μάλιστα
768 359 966 402 τοσούτων
984 362 1169 413 βασιλέων
1187 362 1416 416 γενομένων,
1448 363 1514 403 καὶ
1536 361 1724 404 τοσούτου
1745 361 1888 418 χρόνου

363 427 686 483 ύπερβεβηκότος.
733 427 830 481 ’Έτη
857 427 931 483 γάρ
962 430 1057 470 εἰσιν
1080 430 1205 470 ἔκτοτε
1229 431 1344 470 πλείω
1368 428 1394 482 ἢ
1418 428 1563 472 ἐλάσσω
1587 429 1765 472 διακόσια
1793 435 1810 459 ³
1825 431 1885 472 ἐν-

361 499 590 538 νεακαίδεκα
619 497 691 545 ἕως
720 501 790 538 τοῦ
814 494 1003 551 ἡμετέρου
1026 495 1185 551 χρόνου,
1230 495 1453 538 δωδεκάτου
1479 499 1589 547 ἔτους
1617 496 1887 540 Οὖαλεντινια-

361 569 433 605 νοῦ
456 565 522 605 καὶ
547 562 762 613 Οὐάλεντος
780 565 845 606 καὶ
865 568 1082 618 Γρατιανοῦ
1102 566 1307 616 βασιλείας,
1337 567 1404 605 καὶ
1426 563 1513 606 οὔτε
1532 563 1557 618 ἡ
1577 566 1770 607 συντέλεια
1792 564 1890 608 κατά

362 631 432 685 τήν
461 630 660 685 ἠχήσασαν
691 631 833 685 ἑαυτήν
864 631 1106 686 προφήτιδα,
1148 630 1201 684 μή
1231 636 1401 686 γνοῦσαν
1432 632 1526 686 μήτε
1555 631 1626 686 τὴν
1650 631 1798 688 ἡμέραν
1819 638 1890 687 τῆς

361 698 481 754 αὐτῆς
503 705 687 753 τελευτῆς.
748 701 826 741 Καὶ
851 701 946 741 ἰδεῖν
971 701 1047 740 ἔστι
1069 703 1152 748 πῶς
1173 698 1314 747 πάντες
1335 701 1375 741 οἱ
1399 698 1474 742 άπὸ
1497 705 1567 754 τῆς
1590 699 1775 753 ἀληθείας
1800 701 1888 742 ἐαυ-

359 768 451 817 τοῦς
474 767 794 822 άλλοτριώσαντες
819 766 891 809 ούκ
913 768 954 809 ἐν
975 766 1178 824 εὐσταθείᾳ
1199 768 1270 808 τινὶ
1291 766 1408 822 λόγου
1429 766 1707 821 μεμενήκασιν,
1738 766 1814 809 ἄλλ’
1837 766 1890 817 οἷς

360 836 497 891 νήπιοι
527 834 604 877 ύπὸ
637 840 707 877 τοῦ
737 834 797 877 οἷεὶ
820 839 1047 883 πλανῶντος
1071 833 1198 886 ὄφεως
1224 837 1590 890 παραπεποιημένοι
1616 837 1671 884 εἰς
1696 834 1890 878 ἀπώλειαν

360 903 524 953 ἑαυτούς
550 902 805 953 ἐκδεδώκασι,
847 904 912 945 καὶ
943 904 998 952 εἰς
1027 901 1069 944 τό
1097 903 1277 957 γενέσθαι
1301 902 1540 959 κατάβρωμα
1567 908 1636 946 τοῦ
1661 902 1804 955 λύκου,
1846 905 1889 946 ἐκ

359 978 428 1026 τῆς
449 971 623 1026 μάνδρας
643 972 863 1027 αἶρεθέντες
883 975 1199 1026 παρελκυσθῆναι
1220 971 1285 1012 καὶ
1309 970 1434 1021 οὕτως
1453 970 1688 1023 ἀπολέσθαι,
1719 970 1772 1025 μὴ
1796 989 1889 1027 κρα-

359 1046 515 1089 τοῦντες
543 1038 613 1092 τήν
647 1038 790 1093 ἀρχὴν,
835 1037 929 1080 α’λλά
959 1041 1257 1091 καταλείψαντες
1287 1037 1357 1092 τὴν
1392 1038 1602 1093 ἀλήθειαν,
1644 1040 1686 1081 ἐν
1717 1042 1887 1097 ναυαγίῳ

359 1107 523 1156 ἑαυτοὺς
553 1109 617 1148 καὶ
648 1109 689 1149 ἐν
715 1106 884 1148 κλύδωνι
912 1112 981 1162 τῆς
1011 1105 1138 1160 πάσης
1166 1105 1312 1160 πλάνης
1340 1106 1675 1162 παραδεδώκασιν.
1734 1109 1789 1148 Εἰ
1814 1106 1888 1163 γάρ

358 1178 453 1226 λέξει
477 1178 699 1228 Μαξιμίλλα
721 1174 780 1217 ὅτι
805 1176 1012 1230 προφήτης
1033 1173 1160 1216 οὐκέτι
1182 1176 1304 1226 ἔσται,
1337 1174 1411 1231 ἄρα
1436 1174 1590 1230 άναιρεῖ
1609 1174 1651 1218 τὸ
1678 1173 1777 1217 εἶναι
1797 1173 1888 1231 παρ’

360 1243 493 1293 αὐτοῖς
514 1243 557 1285 τό
582 1243 767 1298 χάρισμα,
807 1243 871 1284 καὶ
895 1245 947 1292 εἰς
971 1244 1025 1284 ἔτι
1048 1245 1163 1298 δεῦρο
1186 1244 1394 1298 φέρεσθαι*
1439 1245 1474 1285 εἰ
1493 1244 1533 1285 δὲ
1556 1245 1628 1292 ἕως
1650 1242 1790 1298 αὐτῆς,
1833 1242 1889 1293 ὥς

358 1318 548 1368 προεῖπον
569 1312 650 1365 μὲν,
681 1311 721 1353 τὸ
742 1310 928 1367 χάρισμα,
963 1310 1069 1366 4ἷ>ἱρα
1092 1312 1157 1353 καὶ
1180 1310 1275 1365 afim}
1298 1310 1345 1354 ού
1363 1313 1513 1366 μετέσχε
1533 1317 1610 1354 τῶν
1630 1310 1885 1368 χαρισμάτων.

475 1513 725 1567 Πεπλάνηται
759 1513 842 1569 γάρ.
900 1512 1133 1570 Ἐσφράγισε
1164 1513 1237 1570 γάρ
1263 1512 1285 1556 ὁ
1309 1514 1444 1571 κύριος
1465 1515 1536 1569 τήν
1559 1517 1781 1569 ἐκκλησίαν,
1820 1515 1888 1557 καὶ

358 1582 578 1638 ἐπλήρωσεν
608 1588 623 1611 1
638 1580 737 1639 αὐτῇ
759 1580 805 1622 τά
828 1585 1051 1637 χαρίσματα.
1100 1581 1192 1624 ’Ότε
1214 1581 1285 1638 γάρ
1308 1578 1355 1637 ἦν
1377 1586 1483 1638 χρεία
1506 1585 1546 1625 ἐν
1571 1581 1814 1638 προφήταις,
1846 1584 1887 1625 ἐν

359 1650 537 1708 άληθινῷ
563 1648 755 1702 πνεύματι
783 1652 849 1691 καὶ
875 1651 1074 1708 ἐρρωμένη
1101 1653 1252 1708 διανοίᾳ
1281 1651 1347 1692 καὶ
1371 1656 1741 1706 παρακολουθοῦντι
1763 1654 1818 1707 νῷ
1849 1652 1890 1692 οἱ

360 1718 480 1761 αὐτοῦ
509 1718 614 1773 ἅγιοι
641 1716 688 1759 τοὶ
712 1717 840 1760 πάντα
864 1719 1180 1773 προεφήτευσαν,
1223 1717 1510 1772 ἐμπιπλώμενοι
1531 1717 1750 1772 πνεύματος
1773 1716 1886 1774 ἇγίου

358 1786 457 1829 κατὰ
486 1785 556 1840 τὴν
581 1785 787 1842 ἀναλογίαν
810 1790 887 1827 τῶν
917 1787 959 1828 ἐκ
984 1785 1202 1839 πνεύματος
1220 1785 1462 1842 χαρισμάτων
1484 1785 1632 1844 ἑκάστῳ
1658 1787 1887 1839 διδομένων,

358 1857 425 1898 καὶ
446 1853 544 1897 κατά
566 1853 635 1908 τὴν
660 1853 867 1910 ἀναλογίαν
890 1859 957 1907 τῆς
978 1857 1140 1903 πίστεως
1165 1852 1265 1909 πρὸς
1287 1853 1329 1896 τό
1354 1855 1565 1910 συμφέρον.
1632 1857 1677 1896 Τι’
1700 1849 1772 1896 οὗν
1794 1868 1888 1907 συμ-

359 1925 482 1977 φέρον
505 1918 614 1964 οὗτοι
636 1922 854 1978 εἰρήκασιν,
896 1921 923 1976 ἢ
944 1928 1061 1964 ποῖον
1083 1920 1273 1978 ἀνάλογον
1301 1927 1371 1976 τῆς
1392 1926 1572 1973 πίστεως,
1621 1926 1717 1972 Πῶς
1737 1922 1779 1964 δὲ
1802 1920 1888 1976 ούχὶ

359 1997 498 2046 μᾶλλον
521 1986 632 2033 οὗτοί
652 1993 723 2032 εἰσι
741 1992 830 2046 περὶ
856 1985 910 2032 ὧν
930 1988 1037 2032 εἶπεν
1055 1988 1077 2032 ὁ
1095 1989 1230 2045 κύριος
1250 1990 1330 2042 ὅτι,
1364 1991 1570 2046 Προςέχετε
1594 1988 1672 2032 άπὸ
1695 1995 1773 2032 τῶν
1792 2002 1888 2042 ψευ-

358 2063 643 2116 δοπροφητῶν,
675 2061 814 2108 οἵτινες
837 2060 1010 2114 ἔρχονται
1029 2057 1128 2114 πρὸς
1147 2056 1250 2112 ύμᾶς
1271 2060 1311 2100 ἐν
1332 2058 1517 2112 ἐνδύμασι
1539 2057 1760 2114 προβάτων,
1791 2059 1886 2101 ἔσω-

358 2135 431 2169 θεν
456 2129 497 2169 δέ
519 2129 591 2169 εἰσι
610 2126 720 2170 λύκοι
747 2126 934 2182 ἅρπαγες,-
978 2129 1260 2182 Συγκρίνοντες
1284 2125 1356 2182 γάρ
1379 2126 1426 2168 τά
1446 2124 1536 2181 παρ’
1556 2124 1686 2168 αὐτῶν
1708 2127 1888 2182 εἰρημένα

358 2198 424 2238 καὶ
459 2194 588 2237 2κατά
617 2194 688 2249 τήν
709 2194 878 2237 παλαιάν
900 2194 1099 2248 διαθήκην
1122 2196 1188 2236 καὶ
1208 2194 1347 2248 καινὴν
1377 2197 1418 2237 ἐν
1442 2193 1608 2252 ἀληθείᾳ
1632 2193 1724 2236 ὅντα
1751 2195 1817 2236 καὶ
1846 2195 1888 2236 ἐν

359 2263 522 2321 ἀληθεία
552 2265 739 2320 γενόμενα
770 2264 835 2305 καὶ
866 2263 1214 2318 πεπροφητευμένα
1248 2263 1516 2317 δοκιμάσωμεν
1545 2265 1640 2304 ποία
1669 2265 1889 2318 προφητεία

360 2332 554 2387 τυγχάνει,
586 2333 652 2373 καὶ
678 2334 772 2374 ποία
794 2333 1152 2387 ψευδοπροφητεία.
1210 2329 1253 2372 Ὁ
1275 2330 1483 2386 προφήτης
1503 2329 1596 2383 μετά
1617 2329 1888 2379 καταστάσεως

361 2405 551 2454 λογισμῶν
585 2402 652 2441 καὶ
685 2398 1071 2455 παρακολουθήσεως
1107 2397 1224 2440 ἐλάλει
1257 2400 1324 2440 καὶ
1353 2399 1562 2454 ἐφθέγγετο
1596 2400 1638 2440 ἐκ
1669 2397 1888 2451 πνεύματος

363 2465 496 2522 ἁγίου,
527 2467 573 2508 τά
595 2467 721 2509 πάντα
745 2469 973 2523 ἐρρωμένως
995 2468 1133 2522 λέγων·
1166 2465 1219 2516 ὦς
1242 2472 1423 2520 Μωϋσῆς
1444 2464 1467 2508 0‘
1488 2465 1676 2521 θεράπων
1695 2470 1766 2508 τοῦ
1786 2469 1888 2507 θεοῦ

362 2536 426 2576 καὶ
457 2534 591 2584 πιστὸς
620 2537 660 2577 ἐν
687 2538 781 2593 οἴκῳ
804 2533 848 2577 Ὁ
872 2536 1024 2589 βλέπων
1057 2535 1244 2590 3ἐλέγετο.
1302 2533 1345 2576 Ὁ
1370 2533 1576 2589 προφήτης
1605 2535 1648 2576 ἐν
1671 2539 1717 2592 τῇ
1742 2537 1889 2591 παλαιᾷ

363 2602 558 2660 διαθήκῃ,
587 2602 774 2658 ”Ορασις,
816 2605 959 2657 φησὶν,
999 2602 1049 2656 ἣν
1069 2601 1167 2645 εἶδεν
1187 2601 1347 2652 Ἡσαΐας
1369 2602 1455 2652 υἵὸς
1472 2600 1598 2656 Ἀμώς
1615 2599 1639 2643 ὅ
1660 2600 1885 2657 προφήτης·

363 2668 510 2722 Εἶδον,
550 2672 666 2724 φησὶ,
705 2670 772 2713 τόν
793 2671 930 2727 κύριον
951 2669 1176 2725 καθήμενον
1200 2672 1264 2713 ἐπὶ
1286 2671 1438 2727 θρόνου
1460 2668 1638 2724 ὑψηλοῦ,
1679 2670 1746 2711 καὶ
1768 2671 1886 2727 ἐπῃρ-

364 2740 501 2792 μένου·
542 2739 606 2780 καὶ
632 2737 736 2781 εἶδον
758 2741 940 2794 Σεραφὶμ
966 2740 1031 2781 καὶ
1058 2741 1276 2794 Χερουβίμ·
1319 2741 1385 2781 καὶ
1407 2738 1559 2793 ’ἥκουσα
1584 2742 1722 2791 φωνῆς
1745 2741 1886 2793 κυρίου

361 2806 545 2862 λεγούσης
565 2805 663 2861 πρός
683 2824 748 2860 με,
781 2807 937 2859 Βάδιζε,
970 2805 1079 2849 εἷπον
1100 2810 1153 2864 τῷ
1176 2812 1255 2865 λαῷ
1276 2806 1421 2865 τούτῳ,
1449 2806 1565 2864 Ἀκοῇ
1587 2803 1788 2860 ἀκούσητε,
1818 2807 1886 2847 καὶ

406 2898 438 2932 3.
468 2899 650 2931 Emendatio
679 2902 720 2930 est
747 2901 804 2931 Ios.
828 2902 996 2941 Scaliyeri‚
1033 2910 1102 2932 cum
1192 2896 1223 2932 4.
1246 2902 1281 2932 1η
1305 2901 1545 2943 libris-vulyatis
1568 2901 1595 2931 et
1615 2899 1648 2931 in
1672 2899 1738 2930 cod.
1756 2899 1885 2938 Rhediy.

362 2946 431 2976 libri
464 2954 566 2976 omnes
599 2944 708 2985 (etiam
737 2946 803 2976 cod.
826 2946 940 2985 Venet.)
971 2947 1102 2977 habeant
1145 2947 1293 2984 scriplum
1314 2949 1356 2977 est
1380 2944 1454 2988 ἀρα.

362 2987 518 3023 διακόσια
548 2986 766 3032 ἐννενήκοντα.
811 2992 958 3023 Petavius
984 2992 1103 3023 volebat
1193 2989 1270 3021 CAP.
1285 2990 1341 3021 ΙΙΙ.
1363 3009 1402 3014 -
1429 2993 1454 3022 1.
1473 2986 1515 3023 αὖ
1542 2990 1558 3032 ‚⁹
1582 2989 1752 3021 emendatio
1771 2989 1884 3021 estPe-

363 3031 521 3069 διακόσια
544 3033 660 3068 εἴκοσι.
1145 3037 1232 3068 tavii.
1278 3036 1365 3068 Libri
1385 3036 1495 3069 habent
1518 3031 1616 3078 αυτῆ.
