2066 3319
498 203 678 235 PANARH
703 203 784 234 Lm.
810 204 848 234 u.
873 203 981 234 Tomi.
1006 204 1029 236 ι.
1054 202 1323 234 HAER.inv.
1606 193 1686 232 297

149 284 251 332 dixi,
296 282 522 324 dissolvitur
555 296 721 337 corpus,
764 296 786 322 a
812 282 885 322 deo
921 283 1132 337 perficitur.
1197 281 1307 335 Quae
1340 288 1466 322 autem
1499 295 1550 322 ex
1581 289 1690 336 parte

147 353 202 402 fit,
228 358 268 392 ut
293 365 312 391 a
335 350 554 405 pullulando
579 357 825 401 coerceatur,
861 364 978 405 opera
1002 358 1135 390 nostra
1159 351 1348 405 praestari
1371 350 1507 401 debet3
1541 363 1590 390 ex
1614 364 1688 404 quo

146 420 187 460 fit.
206 426 247 460 ut
267 419 331 474 qui
356 419 494 459 malam
516 418 618 459 iliam
644 418 802 473 stirpem
826 420 872 459 ad
898 419 1186 474 amplitudinem
1209 426 1248 459 et
1270 419 1572 472 magnitudinem
1595 418 1688 458 edu‘

147 488 268 529 cando
294 488 543 543 perduxerit,
578 501 727 541 neque,
763 488 885 542 quoad
915 488 1062 543 potuit,
1096 487 1268 527 sterilem
1304 487 1404 527 illam
1433 488 1607 527 effecerit
1632 493 1688 527 at-

146 570 219 611 que
247 556 546 610 compresserit,
580 569 726 611 poenas
756 555 861 596 illum
897 556 1124 611 persolvere
1155 562 1354 610 oporteat,
1389 556 1488 609 quod
1518 570 1602 595 cum
1635 556 1688 595 l'a·

146 638 236 666 cere
261 624 362 665 istud
386 632 518 679 posset
541 638 584 665 ae
609 625 832 665 facultatem
861 624 1038 674 baberet,
1073 631 1180 663 certo
1206 623 1322 663 animi
1346 624 1508 663 consilio
1535 624 1686 664 utilitati

146 693 326 734 damnum
358 692 600 747 praetulerit.
1748 710 1827 750 ρῳ,

259 759 521 815 Quamobrem
555 775 692 812 nemo,
727 776 810 801 cnm
842 760 926 801 eius
955 760 1044 800 mali
1073 773 1249 799 caussam
1284 759 1498 810 sustineat,
1533 759 1687 800 divinae
1713 756 1874 813 XJQWI.

146 836 308 871 naturae
338 829 633 885 intemperantis
667 830 821 884 linguae
854 828 1198 883 reprehensionem
1229 835 1430 882 aspergat,
1465 828 1574 881 quasi
1607 827 1689 867 uni·
1709 801 1876 842 (XMX.)

145 898 282 953 cuique
306 897 460 940 virtutis
485 898 645 952 vitiique
669 898 840 953 praemia
867 911 943 938 non
977 897 1076 937 iuste
1105 896 1320 936 distribuat,
1385 899 1475 947 Quis
1505 899 1600 935 em'm
1631 911 1682 944 es,
1709 902 1832 935 Rom-9,
1851 901 1893 927 2⁰·

145 983 166 1007 o
189 969 314 1015 homo,
350 970 660 1020 quc'respondeas
684 970 781 1006 deo?
839 969 1032 1019 Numquid
1055 968 1153 1005 dicet
1170 967 1399 1017 figmentmn
1428 967 1579 1017 factori
1602 979 1684 1012 suo,

147 1039 225 1076 Cur
249 1051 305 1075 me
327 1039 380 1075 ila
402 1037 566 1089 fecisti?
625 1033 703 1089 Qui
726 1035 829 1076 enim
857 1036 892 1075 id
919 1048 1106 1090 usurpare
1133 1041 1284 1089 potest,
1319 1048 1403 1074 cnm
1431 1041 1569 1089 suopte
1596 1040 1690 1073 nutu

147 1118 191 1146 ae
215 1104 415 1145 voluntate
439 1103 723 1160 improbitatem
754 1104 946 1158 elegerit?
1005 1101 1220 1158 Propterea
1245 1117 1321 1143 non
1348 1102 1478 1157 utiquc
1503 1103 1591 1153 deo,
1627 1102 1690 1156 qui

146 1188 195 1215 ex
219 1173 518 1214 immutabilibus
542 1173 711 1213 iustitiae
737 1173 903 1213 decretis
926 1172 1084 1222 iudicat,
1119 1179 1246 1227 potest
1269 1172 1414 1222 dicere,
1451 1169 1534 1212 Cur
1556 1185 1616 1211 me
1638 1172 1691 1212 ita

147 1242 298 1283 fecisti?
357 1241 513 1282 Etenim
539 1242 754 1297 apostolus,
790 1242 896 1282 velut
921 1241 1180 1297 peritissimus
1204 1240 1358 1295 quidam
1386 1240 1576 1281 iaculator
1598 1254 1690 1280 eon-

147 1318 267 1352 tortas
295 1311 502 1351 verborum
535 1311 751 1351 sententias
780 1311 817 1350 in
854 1311 1018 1350 medium
1050 1310 1252 1360 emittens,
1297 1316 1336 1349 ut
1364 1308 1568 1350 obscuram
1602 1323 1690 1364 pro-

147 1378 463 1433 fundissimisque
497 1379 678 1420 sensibus
715 1379 947 1419 occultatam
981 1378 1199 1419 orationem
1222 1377 1411 1431 instituit,
1447 1379 1502 1419 sic
1531 1378 1691 1419 verissi-

146 1463 244 1488 mam
277 1455 485 1502 rectaeque
514 1448 599 1488 [idei
633 1458 962 1498 consentaneam,
997 1461 1095 1501 quac
1125 1447 1217 1487 nihil
1246 1455 1310 1487 aut
1341 1446 1603 1501 negligentius
1635 1447 1691 1487 di-

147 1524 247 1557 ctum
272 1525 338 1556 aut
359 1516 566 1557 absurdum
590 1517 778 1557 continet.
833 1514 909 1570 Qui
937 1516 1038 1556 enim
1066 1530 1141 1555 non
1164 1516 1353 1566 studiose,
1384 1516 1451 1556 sed
1477 1517 1691 1556 oscitanter

146 1586 185 1626 in
207 1586 308 1626 illius
332 1598 534 1625 sermones
558 1585 775 1635 incurrunt,
810 1585 856 1625 iis
878 1599 1153 1639 nonnunquam
1178 1584 1304 1625 minus
1327 1584 1398 1625 sibi
1425 1593 1690 1626 consentanea

146 1669 190 1695 ac
220 1654 471 1695 cohaerentia
501 1654 630 1694 dicere
655 1654 830 1694 videtur:
867 1654 928 1708 qui
954 1668 1047 1693 vero
1073 1667 1230 1708 operam
1260 1653 1463 1704 adhibent,
1499 1662 1536 1694 et
1560 1654 1690 1695 sobria

146 1730 260 1778 atque
286 1730 520 1778 experrecta
545 1729 674 1762 mente
699 1723 737 1762 in
762 1722 847 1762 illos
880 1721 1128 1773 incumbunt,
1164 1736 1215 1762 ex
1241 1722 1375 1762 ordine
1402 1722 1531 1763 omnia
1556 1737 1600 1762 ae
1632 1723 1686 1762 rei

147 1791 313 1833 veritate
335 1791 581 1847 pronuntiata
603 1791 789 1831 iudicant.
854 1789 1002 1831 Verum
1027 1791 1246 1831 accuratius
1271 1791 1315 1831 de
1342 1791 1400 1832 his
1423 1792 1535 1832 modo
1561 1792 1689 1846 dispu-

147 1868 230 1902 tare
257 1861 385 1916 magni
417 1875 487 1915 per
510 1874 598 1900 sese
631 1859 774 1899 laboris
807 1874 903 1914 opus
934 1865 1008 1899 est.
1072 1858 1146 1900 Est
1171 1874 1266 1900 vcro
1298 1859 1501 1900 ridiculum
1534 1860 1690 1915 proprio

146 1936 375 1984 argumento
411 1928 596 1969 derelicto
633 1929 731 1982 quod
766 1929 1005 1968 tractandum
1038 1929 1279 1983 suscepimus
1311 1944 1382 1970 nos
1414 1929 1459 1969 ad
1494 1929 1566 1969 alia
1597 1944 1690 1969 con-

146 2000 266 2039 ferre.
328 1996 432 2038 Nam
467 1998 562 2038 haec
596 2012 617 2037 a
654 1997 764 2037 nobis
801 2005 960 2052 propter
995 1997 1080 2038 illos
1117 1997 1218 2039 dicta
1251 2005 1342 2038 sunt
1380 1997 1443 2053 qui
1482 1998 1688 2038 stultorum

146 2081 254 2108 more
281 2067 370 2108 mali
395 2074 432 2107 et
457 2066 587 2121 ignavi
616 2080 703 2106 esse
738 2080 805 2106 sua
840 2073 978 2121 sponte
1010 2066 1182 2121 cupiunt.
1248 2065 1346 2108 Cum
1377 2067 1497 2121 igitur
1528 2066 1689 2107 manife-

146 2135 317 2177 stissime
345 2136 530 2177 hactenus
559 2136 863 2175 demonstratum
893 2135 966 2185 sit,
1001 2143 1164 2175 mortem
1194 2135 1337 2176 bomini
1371 2150 1448 2176 nou
1481 2135 1569 2175 mali
1601 2148 1690 2175 esse

146 2219 285 2246 caussa
312 2205 425 2246 ullius
452 2204 661 2254 inflictam,
697 2210 850 2258 oportet
876 2210 917 2243 ut
941 2204 1123 2259 deinceps
1158 2204 1221 2258 qui
1250 2219 1327 2245 non
1361 2205 1405 2245 ad
1442 2204 1535 2244 haec
1566 2202 1689 2257 negli-

145 2282 284 2330 genter
308 2274 540 2324 attenderit,
577 2287 781 2327 corporum
809 2272 1138 2313 resurrectionem
1164 2273 1370 2327 intelligat.
1433 2271 1535 2312 Nam
1560 2285 1689 2311 nonne

145 2344 208 2385 vel
230 2357 276 2384 eo
305 2344 460 2384 nomine
487 2343 590 2383 utilis
619 2355 723 2382 mors
746 2348 827 2392 est,
862 2354 931 2396 per
956 2356 1067 2396 quam
1095 2356 1139 2382 ea
1167 2343 1418 2398 profligantur
1448 2355 1546 2395 quae
1578 2348 1687 2380 uatu-

145 2427 226 2453 ram
258 2419 431 2454 nostram
460 2411 743 2467 quodammodo
770 2411 1032 2465 praedantur?
1078 2412 1229 2451 tametsi
1263 2425 1337 2465 quo
1373 2418 1545 2464 tempore
1578 2409 1689 2450 nobis

145 2482 332 2532 infertur,
367 2480 542 2522 nonnihil
573 2480 737 2520 molesta
761 2479 960 2529 videatur,
996 2481 1102 2521 velut
1134 2480 1454 2521 medicamentum
1480 2479 1685 2532 quoddam,

146 2550 244 2605 quod
270 2551 490 2605 aegrotanti
517 2549 801 2590 amarissimum
833 2548 1055 2603 praebetur.
1119 2547 1198 2590 Sed
1222 2563 1271 2589 ue
1298 2549 1432 2588 eadem
1459 2547 1614 2602 saepius
1642 2547 1688 2587 de

146 2619 280 2660 eodem
307 2626 536 2673 argumento
563 2618 825 2673 disputemuS,
860 2632 931 2672 age
960 2632 1076 2669 vero,
1110 2618 1173 2658 ubi
1199 2632 1251 2657 ex
1275 2615 1574 2657 Deuteronomii
1598 2630 1687 2656 can-
1707 2626 1894 2660 oem.32,39.

147 2687 245 2740 tico,
279 2688 378 2743 quod
412 2703 434 2729 a
464 2687 576 2729 nobis
602 2688 744 2728 dictum
772 2693 831 2727 est
859 2686 1268 2742 comprobaverimus,
1303 2686 1346 2724 ad
1379 2684 1528 2739 reliqua
1562 2691 1688 2725 trans-

146 2770 294 2798 eamus.
1739 2783 1817 2823 Cap.

258 2824 369 2867 Haec
393 2826 494 2867 enim
524 2826 666 2867 verba:
701 2828 785 2877 Ego
807 2828 969 2865 occidam
993 2833 1029 2864 et
1056 2828 1176 2863 vivere
1196 2826 1358 2875 faciam:
1387 2827 1618 2875 perculiam,
1653 2832 1689 2863 ee
1702 2829 1883 2885 XJfXYH.

195 2916 243 2949 17.
267 2917 412 2959 τιμῆσαι
435 2921 589 2951 Leontius.
986 2917 1016 2948 3.
1045 2917 1193 2954 Suspicor
1216 2910 1476 2956 ἅτημελημένον.
1714 2875 1862 2917 (XXX)

194 2961 269 2993 Car.
291 2963 455 2996 XXXVI.
483 2985 519 2989 -
573 2966 600 2996 l.
636 2961 815 3006 αὖτοαιτής
850 2959 894 2997 ‹Bu
986 2960 1016 2992 -t-
1042 2962 1195 2999 Rescripsi
1227 2959 1435 3002 ἐμπίπτουσι.
1490 2963 1570 2993 Nam
1598 2963 1689 3001 vulyo

147 3010 299 3040 Leontius.
940 3010 1022 3038 extat
1047 3003 1252 3039 ἐκπίπτουσι.

191 3055 222 3084 ’.5.
247 3047 270 3095 ἦ
297 3055 449 3088 Leontius.
