2066 3319
517 208 696 241 PANARII
723 208 865 240 Liss.11.
890 207 997 239 ΤΟΜ.
1017 207 1041 238 Ι.
1066 205 1198 238 ΗΑΕΒ.
1218 204 1341 237 LXtv.
1625 192 1704 232 345

165 305 235 332 nos
269 297 329 331 est
362 289 584 338 invectum,
620 303 695 342 quo
729 301 780 328 ex
812 293 995 342 peccam,
1031 294 1209 340 tanquam
1238 284 1410 339 germina
1444 282 1631 338 quaedam
1662 295 1706 321 ac

163 358 332 409 surculi,
376 358 426 398 ita
461 356 702 412 voluptariae
735 356 773 395 in
810 356 921 396 nobis
952 354 1211 409 cogitationes
1243 354 1435 393 oriuntur.
1499 351 1573 392 Est
1603 350 1704 391 enim

165 427 308 482 duplex
339 426 377 466 in
409 426 520 466 nobis
548 424 826 479 cogitationum
858 438 1005 478 genus:
1041 424 1142 464 aliud
1173 423 1271 477 quod
1308 436 1357 461 ex
1391 420 1706 476 concupiscentia

163 495 325 550 quaein
356 508 520 549 corpore
553 500 690 534 nostro
726 493 871 533 residet
901 493 1065 533 excitari
1103 492 1224 540 solet,
1259 504 1380 544 quae,
1416 497 1455 529 ut
1482 497 1572 530 ante
1606 488 1707 529 dixi-

165 578 271 614 mus,
306 578 328 604 a
355 563 527 603 concreti
556 577 641 602 cum
670 563 832 602 materia
866 561 1024 615 spiritus
1055 561 1188 601 fraude
1219 558 1459 612 artificioque
1497 557 1707 613 proticisci-

163 641 246 673 tur:
290 632 392 672 aliud
426 639 485 672 est
520 632 619 685 quod
652 645 703 670 ex
737 631 904 670 mandati
938 630 1022 684 lege
1055 628 1279 677 derivatur,
1324 627 1409 680 lege
1449 627 1603 680 inquam
1645 626 1707 665 illa

165 715 275 756 quam
302 700 458 741 insitam
483 707 522 740 et
545 714 566 739 a
594 706 732 740 natura
755 698 967 753 ingenitam
992 697 1213 746 hausimus,
1247 709 1421 749 quaeque
1445 696 1612 735 animum
1641 710 1709 734 no-

163 778 284 811 strum
310 770 355 810 ad
380 769 622 809 honestatem
647 768 819 809 stimulat
841 775 955 821 atque
979 765 1109 820 erigit.
1158 764 1223 804 Ex
1246 779 1320 818 quo
1345 765 1384 804 fit
1406 771 1447 803 ut
1471 763 1600 803 divina
1626 764 1706 813 lex,

165 839 264 894 quod
292 839 338 878 ad
369 843 535 877 mentem
564 836 725 887 attinet,
762 836 997 891 voluptatem
1026 834 1138 875 nobis
1170 834 1340 874 adferat:
1376 832 1447 872 hoc
1476 831 1579 871 enim
1610 831 1709 871 inte-

163 906 246 948 rior
265 906 328 947 ille
352 906 467 946 homo
490 916 572 945 est:
608 905 655 945 ob
679 905 772 946 illud
792 919 886 945 vero
910 910 1125 958 peecatum,
1160 903 1258 956 quod
1281 901 1320 941 in
1343 915 1461 941 carne
1486 908 1617 940 nostra
1645 900 1710 940 ha-

163 975 282 1026 bitat,
317 974 460 1015 diaboli
485 974 571 1028 lege
598 974 852 1014 delectemur.
916 971 1072 1012 Etenim
1107 971 1173 1011 lex
1205 971 1294 1021 illa,
1333 983 1430 1024 quae
1463 984 1548 1009 cum
1580 969 1710 1009 divina

165 1051 310 1100 pugnat
333 1044 446 1098 eique
472 1043 644 1094 resistit,
677 1043 717 1083 in
746 1042 862 1083 animi
893 1041 1016 1082 nostri
1049 1039 1258 1095 cupiditate
1284 1038 1407 1094 posita
1442 1037 1506 1078 illa
1537 1038 1621 1093 ipsa
1653 1046 1713 1078 est

165 1126 263 1168 quae
288 1112 530 1154 turbulentas
554 1118 592 1151 et
613 1112 800 1152 materiae
825 1112 932 1152 faece
956 1109 1174 1165 implicatas
1196 1116 1234 1149 et
1256 1109 1301 1149 ad
1326 1107 1610 1162 improbitatem
1635 1107 1712 1148 dis-

164 1181 309 1237 sipatas
332 1180 591 1236 cogitationes
617 1181 814 1235 producit,
850 1193 1025 1235 quaeque
1054 1179 1250 1232 ingentem
1278 1176 1436 1217 omnino
1461 1177 1507 1217 ad
1534 1176 1711 1232 volupta-

165 1259 224 1292 tes
256 1250 370 1291 habet
400 1249 640 1290 illecebram.

279 1317 480 1374 Siquidem
502 1319 702 1373 apostolus
723 1317 797 1358 tria
821 1316 978 1357 omnino
1000 1316 1129 1370 legum
1151 1329 1297 1370 genera
1319 1315 1390 1355 hoc
1412 1315 1449 1355 in
1470 1315 1555 1355 loco
1578 1314 1712 1355 distin-

164 1389 275 1430 xisse
300 1388 506 1428 manifeste
532 1388 702 1428 videtur.
766 1385 941 1440 Quorum
968 1399 1083 1425 unum
1109 1392 1169 1425 est
1197 1384 1316 1424 insito
1340 1384 1452 1424 nobis
1485 1384 1587 1424 bono
1619 1399 1711 1424 con-

167 1465 422 1506 sentaneum,
457 1470 570 1510 quam
596 1463 729 1511 aperte
754 1456 879 1509 legem
911 1454 1052 1494 mentis
1079 1453 1259 1509 appellat.
1323 1454 1502 1493 Alterum
1528 1461 1587 1493 est
1613 1454 1714 1507 quod

167 1541 218 1567 ex
245 1525 472 1580 nequissimi
505 1524 764 1580 impressione
793 1524 999 1564 conflatum
1034 1529 1206 1562 nostram
1244 1522 1408 1563 animam
1441 1522 1480 1562 in
1512 1521 1715 1577 perturba-

166 1594 282 1634 tionis
305 1594 552 1649 plenissimas
574 1594 799 1648 plerumque
821 1592 1078 1645 cogitationes
1097 1606 1140 1632 ac
1160 1591 1383 1646 phantasias
1401 1591 1574 1641 coniicit,
1601 1605 1713 1645 quam

168 1663 331 1704 eandem
355 1663 430 1717 legi
454 1663 595 1703 mentis
619 1662 819 1703 adversari
844 1661 957 1701 dixit.
1019 1658 1266 1700 Postremum
1291 1674 1415 1714 genus
1439 1668 1498 1700 est
1522 1661 1621 1715 quod
1647 1674 1716 1715 per

166 1738 365 1787 peccatum
390 1745 442 1772 ex
464 1731 547 1786 ipsa
573 1731 782 1786 cupiditate
807 1731 846 1771 in
868 1743 985 1770 carne
1011 1737 1145 1770 nostra
1169 1729 1364 1780 occalluit,
1399 1744 1509 1783 quam
1536 1729 1599 1769 ille
1626 1744 1714 1781 pec-

165 1804 245 1840 cati
262 1803 379 1852 legem
403 1802 628 1840 habitantem
652 1804 689 1840 2'72
721 1801 892 1839 membris
920 1802 1060 1838 nostris
1085 1798 1272 1838 nominat.
1336 1796 1462 1851 Quam
1495 1797 1610 1838 etiam
1643 1798 1713 1838 im-

166 1869 309 1925 probus
340 1869 404 1909 ille
437 1869 559 1910 hostis
586 1869 776 1909 invadens
805 1868 916 1922 eique
941 1867 1115 1907 insidens
1139 1881 1255 1922 saepe
1282 1867 1472 1908 adversus
1501 1882 1572 1908 nos
1606 1867 1713 1908 exci-

165 1944 242 1990 tat,
275 1945 391 1992 atque
426 1939 471 1978 ad
501 1938 728 1978 iniustitiam
758 1952 802 1978 ac
827 1937 1017 1977 scelerata
1043 1936 1214 1976 facinora
1242 1936 1450 1989 compellit.
1513 1934 1614 1976 Nam
1647 1937 1714 1977 lex

165 2006 247 2058 itta,
282 2022 394 2062 quam
421 2007 613 2061 malignus
642 2007 764 2048 hostis
787 2006 1036 2046 extrinsecus
1059 2004 1247 2055 insinuat,
1282 2019 1457 2059 quaeque
1482 2018 1551 2060 per
1574 2019 1713 2046 sensus

167 2076 273 2117 velut
305 2076 434 2117 lentus
466 2076 617 2130 quidam
651 2090 694 2116 ac
727 2089 877 2129 sequax
910 2074 1108 2115 bituminis
1140 2081 1286 2114 tractus
1321 2073 1359 2114 in
1394 2073 1561 2114 animam
1593 2075 1715 2129 ipsam

166 2144 270 2186 intus
294 2145 522 2195 infunditur,
557 2145 604 2185 ab
628 2145 703 2185 alia
724 2144 810 2198 lege
831 2143 1124 2194 corroboratur,
1159 2157 1271 2197 quam
1296 2143 1336 2182 in
1359 2157 1516 2183 carnem
1542 2150 1714 2183 nostram

169 2213 357 2268 cupiditas
379 2214 465 2269 ipsa
488 2214 653 2255 derivat.
709 2212 813 2254 Nam
836 2212 874 2252 in
898 2212 1008 2252 nobis
1032 2212 1164 2253 inesse
1187 2212 1342 2252 videtur
1370 2212 1470 2253 aliud
1503 2212 1602 2267 quod
1636 2225 1716 2251 me-

167 2282 241 2324 lius
266 2289 341 2333 est,
375 2283 476 2323 aliud
504 2284 603 2338 quod
626 2283 812 2323 deterius.
876 2278 1054 2336 Cumque
1078 2281 1168 2321 illud
1195 2281 1389 2322 deteriore
1413 2281 1608 2336 potentius
1633 2282 1715 2321 l'ue-

167 2350 240 2403 rit,
276 2359 354 2392 tota
379 2366 489 2392 mens
519 2366 562 2392 ac
592 2352 735 2392 honum
757 2352 864 2393 velut
894 2350 1038 2406 impetu
1063 2350 1228 2404 quodam
1254 2352 1396 2403 agitur.
1460 2347 1557 2390 Cum
1586 2356 1713 2390 autem

167 2421 204 2461 id
234 2421 334 2475 quod
364 2421 473 2476 peius
507 2428 569 2462 est
599 2420 822 2462 exuberans
855 2420 1025 2475 pondere
1053 2433 1123 2459 suo
1153 2419 1414 2474 depresserit,
1449 2418 1547 2472 quod
1580 2419 1714 2459 innato

170 2490 281 2531 nobis
304 2490 405 2530 bono
425 2504 646 2545 repugnare
669 2490 825 2539 dicitur,
862 2496 938 2530 tum
963 2490 1115 2528 demum
1137 2502 1190 2528 ex
1210 2488 1379 2528 adverso
1402 2487 1530 2527 varias
1551 2488 1597 2528 ad
1620 2488 1715 2528 ima-

169 2559 299 2613 ginum
325 2559 502 2615 species,
538 2574 581 2599 ac
606 2559 823 2599 deteriores
847 2558 1106 2613 cogitationes
1135 2557 1251 2597 homo
1280 2556 1505 2596 traducitur.

281 2628 414 2683 Atque
449 2642 493 2669 ea
530 2642 669 2668 caussa
703 2635 763 2669 est
803 2642 872 2668 cur
904 2627 1102 2682 apostolus
1135 2626 1292 2666 liberari
1327 2638 1415 2665 sese
1456 2631 1585 2679 optet,
1628 2640 1713 2666 cum

172 2704 334 2737 mortem
364 2697 467 2738 illam
500 2704 615 2751 atque
650 2697 811 2737 exitium
847 2710 935 2737 esse
967 2696 1161 2736 iudicarit.
1225 2693 1559 2748 Quemadmodum
1591 2695 1717 2749 inquit

1766 2626 1844 2669 Cap.

1752 2672 1860 2704 LXII.

172 2765 379 2821 propheta:
424 2769 487 2806 Ab
509 2769 666 2806 occultis
691 2769 780 2805 meis
807 2769 942 2805 munda
967 2781 1034 2804 me.
1099 2763 1206 2804 lstud
1233 2762 1333 2802 enim
1360 2763 1480 2803 verba
1510 2764 1590 2818 ipsa
1624 2778 1715 2819 prae
1736 2773 1787 2800 l‘s.
1807 2773 1847 2808 18,
1869 2774 1909 2801 13.

173 2847 215 2874 se
249 2835 392 2876 ferunt.
456 2838 713 2883 Condeleclor,
748 2835 896 2890 inquit,
931 2837 1011 2886 legi
1030 2837 1093 2873 dei
1120 2835 1320 2871 secundum
1355 2835 1567 2872 z'tzlet‘zbrem
1599 2835 1716 2873 ltomz'-
1736 2842 1820 2869 Rom.
1833 2842 1859 2875 7,
1878 2843 1920 2869 22.

173 3006 241 3082 3:128.
267 3007 326 3082 HGs.
350 3009 463 3086 dgohfc
482 3011 573 3041 verbo
587 3009 763 3040 Gaeaherus
775 3009 917 3040 Adverss.
1010 3004 1041 3037 ἱ).
1067 3006 1151 3036 Libri
1176 3006 1267 3044 vulgo
1291 3001 1328 3036 τὸ
1352 3013 1409 3043 pro
1435 2999 1464 3038 ὃ.

207 3060 264 3082 tsce
290 3076 296 3083 .
318 3063 349 3092 p.
425 3068 449 3087 Α.
