2066 3319
499 142 677 176 PANARn
703 142 786 175 Lm.
807 143 848 175 11.
872 143 979 177 Totvr.
999 145 1023 177 ι.
1050 143 1179 176 HAER.
1202 143 1293 176 Lxx.
1593 136 1663 177 181

133 232 275 280 quanto
304 223 340 264 id
368 221 491 277 magis
517 222 712 263 sacerdoti
736 223 1011 277 praescripsit?
1070 223 1262 264 Nimirum
1299 224 1412 265 nullis
1444 230 1485 264 ut
1514 223 1672 278 impedi-

133 292 273 333 mentis
308 298 517 342 avocetur,
553 305 627 344 quo
661 290 698 329 in
729 290 993 345 spiritualibus
1022 293 1231 332 secundum
1264 293 1374 332 deum
1410 292 1598 346 negotiis,
1633 292 1671 332 in

132 360 216 415 ipso
240 373 312 400 usu
333 358 542 399 sacerdotii
564 358 975 413 administrationeque
1000 360 1176 400 l'crictnr.
1241 358 1426 401 Ceterum
1451 361 1486 401 in
1515 361 1669 416 populo,

132 435 290 483 propter
310 427 394 467 eius
416 426 734 477 imbecillitatem,
769 427 925 466 tolerari
950 428 1049 467 istud
1077 436 1217 483 potest,
1255 436 1294 468 nt
1319 430 1381 483 qui
1405 443 1527 470 uxore
1550 430 1673 485 prima

132 495 304 536 contenti
328 508 417 536 esse
439 509 514 535 non
536 496 699 550 possint,
727 509 772 534 ea
797 503 948 536 mortua
968 497 1177 537 secundam
1199 497 1270 536 sibi
1296 498 1490 551 copulent.
1525 497 1672 551 Quam-

133 579 243 620 quam
268 562 332 618 qui
356 577 469 604 unam
494 563 685 603 duntaxat
709 563 861 614 habuit,
896 564 1030 604 maiori
1058 564 1247 604 ecclesiae
1272 564 1412 605 iudicio
1446 566 1592 606 lionore
1618 566 1672 606 di-

130 646 230 687 gnus
255 639 329 672 est.
394 629 473 672 Sed
512 631 572 671 cui
604 639 752 672 mortua
789 647 862 672 nna
893 647 967 672 non
1003 632 1163 683 sufficit,
1198 646 1282 672 cum
1309 633 1514 673 occasione
1546 634 1673 688 aliqua

130 701 253 756 stupri
276 699 549 754 adulteriiquc,
584 707 649 740 aut
674 699 833 740 alterius
862 699 1010 753 flagitii,
1045 714 1128 740 cum
1159 714 1203 740 ea
1225 700 1432 740 divortium
1456 702 1604 753 feccrit,
1639 702 1671 743 is

130 769 161 810 si
184 769 344 810 alteram
370 782 532 809 uxorem
555 767 727 818 duxerit,
759 775 824 807 aut
847 768 957 808 alteri
981 768 1064 808 viro
1087 768 1226 808 mulier
1248 769 1437 823 nupserit,
1472 783 1671 810 sacrarum

129 837 327 878 literarum
354 837 565 878 auctoritas
597 836 644 876 ab
677 835 781 876 omni
804 836 914 890 culpa
937 835 1022 876 illos
1042 836 1232 886 absolvit,
1268 850 1392 890 neque
1418 836 1463 877 ab
1488 837 1668 888 ecclesia,

129 913 195 946 aut
217 913 376 947 aeterna
401 906 480 946 vita
503 904 651 955 reiicit,
685 904 753 944 sed
779 911 937 959 propter
960 903 1261 945 imbecillitatem
1286 905 1510 946 tolerandos
1534 906 1671 946 existi-

130 981 223 1014 mat.
271 972 364 1014 Non
390 974 442 1014 ita
470 980 615 1024 tamen,
650 973 745 1013 duas
768 980 806 1013 ut
833 973 953 1013 altera
977 973 1186 1028 superstite
1210 985 1356 1014 uxores
1380 973 1493 1014 simul
1516 973 1668 1023 habeat,

129 1043 196 1083 sed
227 1049 267 1083 ut
291 1042 337 1082 ab
362 1056 435 1082 una
463 1048 690 1097 separatus,
726 1042 886 1082 alteram
919 1041 989 1081 sibi
1023 1041 1216 1096 legitime,
1251 1041 1283 1082 si
1311 1041 1436 1092 lubet,
1471 1043 1669 1096 adiungat.

132 1109 395 1164 Quamobrem
426 1124 520 1164 erga
545 1110 735 1151 eiusmodi
759 1110 952 1151 hominem
978 1117 1054 1150 tam
1080 1110 1232 1150 divinus
1257 1123 1387 1150 sermo
1411 1125 1522 1165 quam
1548 1111 1673 1152 ecclc-

129 1180 185 1220 sia
212 1180 270 1220 dei
296 1178 602 1220 misericordiam
627 1179 805 1230 adhibet,
839 1179 1067 1234 praesertim
1093 1178 1126 1220 si
1149 1179 1290 1219 ceteris
1313 1178 1350 1218 in
1376 1179 1492 1221 rebus
1514 1179 1672 1233 religio-

129 1262 196 1288 sus
221 1248 284 1288 ille
311 1247 384 1297 sit,
419 1255 457 1288 et
487 1248 531 1288 ad
554 1247 708 1288 divinae
735 1247 832 1302 legis
855 1247 1133 1302 praescriptum
1158 1247 1262 1287 vitae
1287 1262 1380 1288 suae
1409 1248 1582 1289 rationes
1609 1262 1672 1288 ac-

129 1316 362 1357 commodet.
427 1314 541 1370 Quod
564 1315 637 1356 nisi
659 1316 711 1356 ita
736 1323 864 1367 esset,
899 1330 1092 1371 nunquam
1119 1316 1244 1356 viduis
1267 1316 1465 1371 apostolus
1490 1315 1668 1366 dixisset,

128 1385 302 1432 Nubant,
334 1387 446 1437 filios
473 1393 697 1437 procreent,
730 1386 907 1437 familiae
936 1388 1120 1437 praesint.
1187 1382 1265 1426 Sed
1294 1398 1419 1439 neque
1444 1385 1489 1425 de
1518 1385 1671 1426 homine
1695 1390 1833 1427 1·C⁰¹·-⁷‚
1849 1391 1873 1418 9-

128 1453 193 1493 illo
214 1453 276 1507 qui
302 1453 420 1506 patris
447 1467 609 1493 uxorem
632 1454 822 1504 duxerat,
856 1453 904 1493 ob
930 1453 1043 1507 idque
1069 1451 1238 1494 Satanae
1262 1451 1300 1492 in
1321 1453 1517 1493 interitum
1542 1454 1670 1494 carnis
1692 1459 1874 1495 [ΟΜ-ὶδ-

131 1521 296 1561 traditus
320 1523 467 1572 fuerat,
502 1522 552 1562 ita
580 1521 826 1576 loqueretur:
874 1524 923 1561 L't
941 1525 1098 1574 spiritns
1126 1524 1251 1561 salvus
1281 1525 1333 1560 sit
1361 1524 1397 1560 in
1428 1524 1486 1561 die
1516 1525 1668 1563 domini.

129 1587 271 1644 Neque
307 1589 399 1630 illud
430 1597 658 1645 usurparet:
703 1592 929 1642 Confirmata
958 1594 995 1630 in
1024 1592 1128 1629 illum
1157 1594 1371 1638 caritatem,
1406 1606 1451 1629 ne
1479 1592 1670 1630 abundan-
1689 1585 1839 1647 ²·‘223‘2‘g312’
1857 1586 1873 1611 ⁷

131 1662 227 1697 tiore
252 1661 407 1697 tristitia
434 1660 679 1698 absorbeatur
699 1662 889 1698 eiusmodi.
946 1657 1098 1712 Quibus
1123 1659 1216 1699 haec
1241 1658 1403 1699 adiecit:
1441 1661 1513 1698 Cae·
1529 1661 1674 1712 aliquid
1689 1666 1820 1700 2-Cor·2,
1833 1666 1871 1695 10.

131 1729 318 1774 donastis,
353 1735 392 1766 et
413 1742 481 1779 ego
507 1731 678 1780 qnoniam
711 1731 748 1766 si
774 1730 865 1780 quid
889 1730 1043 1775 donavi,
1082 1735 1239 1779 propter
1262 1743 1324 1767 vos
1351 1730 1488 1767 donavi
1509 1731 1545 1767 in
1565 1730 1672 1781 facie

134 1798 296 1843 Christi,
331 1811 377 1836 ne
401 1799 736 1836 circumveniamur
756 1811 778 1835 a
799 1799 941 1835 Salana
955 1813 966 1834 :
999 1811 1116 1848 neque
1136 1799 1229 1835 enim
1253 1798 1356 1835 illius
1381 1799 1540 1835 aslntias
1565 1799 1671 1848 Igno·

131 1879 272 1904 ramus.
347 1863 469 1905 Vides
502 1871 542 1905 ut
575 1864 837 1919 poenitentiae
868 1865 993 1905 locum
1026 1864 1138 1904 etiam
1173 1871 1259 1919 post
1290 1864 1429 1904 delicta
1460 1865 1673 1905 concedat?

247 1933 309 1974 Ad
334 1933 427 1973 baec
454 1933 598 1973 domini
626 1933 690 1974 illa
716 1947 796 1973 vox
830 1940 912 1973 est:
954 1936 1140 1972 Dimitticc
1163 1936 1316 1972 invicem
1343 1941 1521 1985 peccata,
1568 1941 1612 1972 ut
1638 1941 1676 1972 et
1702 1935 1778 1978 Cap.
1801 1937 1840 1987 Y-

127 2010 238 2056 paler
270 2010 391 2041 vester
429 2005 497 2054 qui
526 2005 563 2041 in
593 2004 705 2041 coelis
736 2009 793 2041 est
823 2004 987 2041 dimittat
1017 2002 1131 2041 vobis.
1208 1999 1358 2041 Deinde
1392 2000 1448 2042 sic
1479 2001 1554 2042 alio
1587 2001 1671 2042 loco
1685 1979 1875 2013 Mannum.

133 2070 289 2126 scripsit
321 2070 544 2125 apostolus:
591 2071 744 2122 Lngebo
779 2072 934 2119 multos,
978 2073 1046 2123 qni
1076 2073 1113 2110 in
1146 2071 1246 2109 vobis
1279 2073 1515 2118 ceciderunt,
1558 2085 1674 2123 neque
1687 2082 1874 2118 2.Cor.12,21.

127 2142 392 2193 poenitentiam
416 2147 587 2191 egerunt.
652 2136 705 2180 Ut
731 2139 924 2190 ostendat,
960 2138 1112 2180 tametsi
1140 2138 1367 2189 ceciderint,
1401 2152 1445 2178 ac
1473 2139 1672 2193 poeniten-

134 2209 224 2249 tiam
257 2207 527 2262 susceperint,
567 2206 715 2247 admitti
749 2207 1020 2258 nibilominus,
1065 2221 1136 2248 nec
1169 2207 1326 2247 omnino
1360 2206 1483 2247 reiici.
1547 2205 1672 2246 Novit

133 2278 235 2318 enim
274 2276 451 2316 dominus
491 2276 578 2330 quid
618 2275 824 2329 unicuique
862 2277 1034 2317 facturus
1069 2276 1133 2316 sit.
1198 2273 1310 2329 Quod
1346 2275 1462 2329 igitur
1495 2275 1671 2316 veritatis

134 2345 267 2400 regula
292 2345 336 2385 ad
363 2358 445 2385 eam
478 2358 568 2385 sese
598 2345 759 2384 sormam
786 2344 946 2396 babeat,
981 2342 1124 2385 nemini
1149 2351 1208 2385 est
1234 2344 1455 2384 obscurum.
1520 2341 1671 2398 Quippe

134 2422 220 2470 post
243 2413 412 2469 priorem
436 2413 729 2468 poenitentiam,
764 2427 860 2467 quae
887 2427 956 2468 per
979 2413 1172 2454 secundae
1197 2411 1463 2467 generationis
1487 2411 1669 2452 lotionem

135 2482 353 2531 obtinetur,
388 2483 424 2522 in
451 2496 522 2536 qua
547 2481 810 2536 poenitentiae
832 2481 1021 2522 beneficio
1046 2481 1205 2536 quilibet
1226 2486 1438 2521 renovatus
1461 2486 1535 2531 est,
1569 2480 1670 2520 eius-

134 2551 234 2591 modi
255 2551 423 2591 secunda
448 2551 610 2605 amplius
634 2550 736 2590 nulla
762 2550 999 2605 poenitentia
1021 2550 1206 2605 suppetit.
1249 2548 1341 2589 Non
1367 2548 1469 2588 enim
1493 2548 1670 2604 baptismi

134 2619 208 2661 duo
232 2626 347 2670 sunt,
380 2619 446 2659 sed
472 2633 571 2660 unus
594 2619 798 2660 duntaxat.
860 2618 1000 2674 Neque
1029 2619 1086 2659 bis
1111 2618 1150 2659 in
1177 2631 1328 2658 crucem
1353 2613 1533 2657 Christus
1561 2625 1668 2658 actus

134 2798 203 2830 sat,
249 2790 275 2822 si
311 2796 366 2822 aut
400 2790 450 2823 vir
486 2790 649 2823 secundae
685 2791 878 2835 coniugatur
969 2789 1001 2824 6.
1028 2792 1123 2831 Vulgo
1149 2787 1177 2822 εἰ
1204 2785 1352 2832 τύχοιεν,
1377 2786 1470 2832 νόμῳ
1496 2789 1670 2832 συναφὲἦ-

135 2836 248 2872 uxori.
286 2843 341 2868 aut
372 2847 455 2868 uxor
476 2836 621 2869 secundo
646 2836 737 2873 viro.
773 2849 878 2881 neque
924 2849 985 2870 ναι.
1036 2837 1110 2867 Cod.
1130 2837 1197 2866 Ven.
1222 2836 1309 2866 habet
1335 2830 1490 2877 ἐννόμως,
1517 2834 1546 2868 εἰ
1565 2833 1669 2879 τύχοι,

134 2882 174 2914 ab
197 2881 333 2913 ecclesia
357 2888 390 2913 et
413 2882 478 2914 vita
503 2882 645 2923 abdicat,
671 2883 730 2915 sed
751 2883 878 2921 suffert,
928 2881 1146 2924 συναφὲἧναι.

136 2933 271 2970 propter
295 2927 538 2959 debilitatem.‘⁴
973 2928 1002 2960 7.
1038 2928 1185 2965 Suspicor
1217 2927 1444 2958 rescribendum
1475 2935 1537 2959 esse
1573 2936 1667 2960 συνα-

181 2972 212 3004 5.
237 2972 332 3018 σχοίη
357 2975 423 3006 cod.
447 2975 547 3006 Venet.
927 2973 1013 3015 φὲᾖ.
1063 2970 1132 3003 Καὶ
1156 2969 1245 3005 ἐλεεῖ
1263 2974 1328 3003 cett.
