2030 3324
530 194 712 228 PANARH
739 196 821 228 LIB.
840 197 882 228 ΙΙ.
905 197 1014 229 ΤΟΜ.
1035 197 1074 228 Π.
1101 196 1230 228 HAER.
1252 197 1378 229 LXlX.
1641 187 1722 229 643

168 275 386 318 sedulitatis
409 275 545 315 officiis
572 275 733 329 aggredi
757 275 907 326 solent,
943 283 1020 316 tum
1047 276 1348 330 pollicitationes
1375 290 1419 316 ac
1449 283 1624 317 terrores
1657 277 1723 316 ad-

168 344 321 385 iiciunt.
385 341 468 383 Vos
492 343 619 392 enim,
653 343 854 397 inquiunt,
901 345 1087 399 principis
1123 345 1261 384 edictis
1294 352 1331 384 et
1361 344 1608 399 imperatoris
1644 343 1723 384 Va—

168 412 284 453 lentis
313 411 502 451 voluntati
536 411 747 451 resistitis?
809 410 862 452 lta
892 426 961 452 eos
987 413 1236 466 alloquuntur
1260 412 1322 466 qui
1359 424 1469 452 snum
1505 414 1549 452 ad
1583 414 1721 466 dogma

169 479 340 520 transire
367 479 579 519 noluerint.
645 478 797 520 Deinde
820 480 908 534 quid
935 481 1088 520 tandem
1120 482 1206 520 est?
1239 480 1439 533 inquiunt,
1475 478 1576 533 Quid
1608 494 1724 535 porro

170 547 360 588 dicimus?
407 545 557 587 Eadem
593 548 689 587 l'ides
714 555 798 598 est,
833 548 906 588 nisi
931 548 1029 601 quod
1057 547 1160 587 inani
1189 548 1340 600 gloriae
1365 548 1492 587 studio
1521 547 1721 587 ducimini.

170 614 385 656 Videamus
408 617 537 669 itaque
559 616 748 656 eademne
771 616 821 655 sit
849 617 961 655 fides.
1025 616 1156 669 Atque-
1180 616 1231 655 illi
1259 616 1412 669 quidem
1437 616 1492 655 sic
1515 623 1720 656 asserunt:

171 681 422 725 Conlitemur
447 683 566 724 l'ilium
591 698 643 724 cx
670 691 778 738 patre
807 683 1005 738 genitum,
1042 697 1113 722 nec
1141 697 1226 722 enm
1255 698 1464 736 negamus,
1498 698 1633 725 verum
1658 698 1726 723 no-

169 751 228 791 bis
250 765 404 805 quoque
429 759 609 791 creatura
636 759 676 792 et
699 752 896 806 opificium
923 751 1206 791 confitendum.
1254 750 1343 805 Quo
1369 752 1521 805 quidem
1548 751 1640 792 niltil
1667 759 1727 792 est

169 819 358 874 ineptius.
423 818 618 873 Quidquid
653 819 754 859 enim
783 826 957 859 creatum
985 826 1069 869 est,
1107 819 1294 859 dissimile
1320 827 1379 858 cst
1407 819 1563 871 genitu,
1600 833 1725 874 neque

172 889 271 942 quod
293 887 467 942 genitum
495 894 577 937 est,
612 894 746 927 creato
780 887 905 927 simile
942 894 1024 937 est,
1072 888 1302 942 pracsertim
1331 888 1362 927 si
1396 890 1442 928 de
1477 889 1631 928 sincera
1666 889 1727 927 illa

173 957 426 1011 perfectaque
454 962 593 996 natura
617 969 747 995 sermo
773 955 837 995 sit.
893 953 996 995 Nam
1024 955 1152 995 omnia
1177 970 1196 995 a
1221 957 1293 995 deo
1319 965 1451 996 creata
1480 963 1586 1004 sunt,
1621 957 1729 996 solus

174 1024 234 1065 dei
262 1023 366 1064 l'ilius
388 1022 545 1077 genitus
571 1031 655 1074 est,
689 1037 734 1063 ac
758 1023 866 1064 solus
889 1023 1048 1077 spiritus
1071 1031 1233 1064 sanctus
1270 1039 1292 1063 a
1321 1033 1432 1076 patre
1450 1028 1658 1076 processit,
1694 1032 1734 1062 et

171 1107 194 1132 α
212 1094 305 1146 filio
335 1096 492 1145 accepit.
559 1089 706 1133 Cetera
732 1091 861 1140 omnia
885 1098 1017 1132 creata
1046 1098 1159 1142 sunt,
1194 1106 1320 1146 neque
1345 1107 1365 1131 a
1390 1100 1498 1147 patre
1519 1106 1723 1146 processe.-
1743 1108 1935 1143 loann.15,26.

174 1168 291 1211 runt,
335 1174 462 1215 neque
489 1174 509 1200 a
544 1160 623 1200 titio
648 1166 908 1214 acceperunt,
952 1159 1020 1199 sed
1049 1174 1101 1200 ex
1137 1160 1377 1214 plenitudine
1413 1160 1504 1210 l'ilii,
1551 1159 1603 1200 uti
1635 1160 1733 1200 scri-

174 1236 278 1285 ptum
306 1236 392 1278 est,
441 1226 593 1284 Quippe
626 1230 736 1268 verbo
763 1231 907 1267 domini
932 1231 1054 1268 omnia
1072 1230 1236 1280 firmam
1265 1237 1374 1276 smel,
1419 1236 1455 1267 et
1485 1232 1622 1280 spiritu
1654 1232 1731 1267 oris
1745 1239 1937 1300 tpjagpffilste.

174 1301 254 1337 eius
275 1301 393 1337 οιηηὶε
425 1300 545 1336 virtus
576 1312 717 1336 eornm.
782 1297 904 1351 Atqui
930 1297 1045 1336 etiam
1068 1304 1286 1337 creaturam
1313 1297 1494 1337 confiteri
1520 1311 1590 1336 nos
1615 1311 1730 1351 opor·
1766 1295 1810 1343 3³2,
1830 1291 1870 1335 cs

175 1372 255 1415 tet,
292 1365 493 1420 inquiunt,
529 1365 840 1419 quandoquidem
867 1365 1059 1420 scriptura
1092 1373 1298 1406 creaturae
1323 1380 1488 1416 nomen,
1523 1366 1733 1419 itidemque

176 1435 305 1474 foetus
339 1448 409 1488 per
446 1441 598 1488 tropum
635 1447 680 1473 ac
719 1433 984 1488 metaphoram
1023 1434 1240 1488 usurpavit.
1306 1433 1440 1488 Quare
1479 1434 1550 1475 etsi
1588 1435 1731 1473 foetum

173 1502 437 1557 appellemus,
473 1516 549 1542 non
577 1503 711 1541 eadem
740 1502 823 1541 eius
846 1509 905 1541 est
931 1516 976 1541 ac
998 1509 1218 1542 ceterorum
1248 1503 1419 1542 foetuum
1448 1502 1563 1542 ratio.
1624 1499 1733 1554 Quo-

176 1570 280 1611 circa
309 1572 395 1610 dum
423 1571 550 1610 foetus
578 1570 810 1610 vocabulum
837 1569 893 1610 sic
919 1577 1122 1625 usurpant,
1160 1584 1293 1611 verum
1320 1578 1361 1611 ut
1383 1584 1472 1611 esse
1500 1572 1643 1610 l'oetum
1672 1569 1733 1609 dei

177 1639 296 1679 lilium
323 1646 493 1693 negent,
528 1637 833 1691 simplicioribus
867 1638 1047 1679 illudunt.
1109 1636 1326 1679 Praeterea
1362 1639 1476 1678 etiam
1513 1646 1732 1679 creaturam

175 1706 355 1761 inquiunt
385 1720 474 1747 esse
514 1708 764 1747 confitemur.
838 1705 996 1746 Etenim
1031 1704 1216 1747 Christus
1255 1711 1367 1746 ianua
1405 1707 1545 1747 dicitur
1586 1714 1624 1747 et
1656 1710 1728 1754 via,

176 1778 374 1823 columna,
421 1776 560 1823 nubes,
601 1783 734 1827 petra,
781 1779 881 1823 ovis,
925 1790 1069 1827 agnus,
1115 1777 1277 1822 hoedus,
1320 1778 1482 1823 vitulus,
1519 1778 1596 1822 leo,
1627 1778 1731 1828 sons,

175 1847 383 1897 sapientia,
420 1845 590 1892 verbum,
614 1846 752 1896 filius,
787 1846 970 1895 angelus,
1009 1846 1197 1892 Christus,
1231 1846 1414 1891 salvalor,
1449 1847 1635 1891 dominus,
1669 1845 1735 1882 Ιιυ-

177 1928 256 1960 mo,
280 1914 396 1965 filius
423 1915 606 1960 hominis,
643 1915 739 1964 lapis
764 1914 988 1964 angulares,
1023 1915 1103 1960 sol,
1134 1915 1341 1965 propheta,
1371 1916 1507 1965 panis,
1543 1927 1634 1959 rear,
1671 1926 1735 1950 ar-

177 1983 382 2028 chitectus,
418 1983 613 2032 agricola,
643 1989 800 2033 pastor,
839 1984 952 2028 vilis,
990 1987 1028 2020 et
1054 1980 1090 2020 id
1126 1995 1251 2034 genus
1285 1980 1375 2021 alia.
1439 1979 1494 2021 lta
1520 1988 1558 2020 et
1583 1987 1738 2020 creatu-

179 2063 286 2099 ram,
336 2049 536 2103 inquiunt‚
585 2049 709 2090 abusu
749 2049 916 2105 quodam
958 2048 1126 2089 nominis
1167 2050 1430 2104 appellamus,
1477 2050 1592 2103 idque
1625 2048 1738 2089 nobis

180 2117 338 2159 omnino
372 2117 567 2158 latendum
601 2125 678 2159 est.

295 2254 434 2310 Apage
466 2254 699 2295 sceleratam
731 2255 833 2296 illam
861 2254 1084 2310 opinionem
1123 2261 1163 2295 et
1194 2255 1394 2303 callidam,
1441 2268 1512 2294 nec
1541 2253 1738 2308 permittat
1789 2254 1869 2311 (³31)-

181 2337 350 2378 unquam
379 2323 558 2363 domiuus
586 2323 685 2364 ullus
712 2330 753 2363 ut
781 2337 833 2363 ex
856 2324 1036 2363 veritatis
1063 2324 1148 2364 liliis
1170 2324 1358 2363 eiusmodi
1387 2323 1634 2362 cavillatione
1663 2324 1738 2361 cir·
1763 2299 1910 2332 XXXV.

183 2392 480 2441 cuinveniatur,
516 2399 632 2445 atque
659 2391 705 2432 iis
733 2392 948 2432 rationibus
974 2393 1154 2432 inductus
1179 2399 1385 2432 creaturae
1421 2405 1562 2430 noincn
1597 2391 1642 2430 ad
1677 2390 1737 2430 dei

186 2460 302 2502 [ilium
329 2460 613 2500 accommodari
637 2474 752 2514 posse
779 2460 851 2500 sibi
882 2460 1129 2514 persuadeat,
1165 2469 1277 2513 atque
1306 2460 1355 2499 ita
1381 2460 1622 2513 prolitcatnr.
1671 2458 1739 2499 Et-

185 2530 286 2570 enim
314 2529 426 2569 liuins
454 2528 565 2567 nobis
589 2527 859 2582 appellationis
886 2543 996 2568 usum
1030 2537 1147 2583 atque
1181 2528 1397 2582 explicatas
1431 2527 1605 2567 rationes
1636 2528 1742 2568 adfe-

185 2605 289 2638 rant.
351 2595 454 2637 Nam
489 2596 551 2636 illa
578 2597 729 2650 quidem
762 2596 889 2636 omnia
925 2611 993 2652 per
1025 2597 1269 2637 catachresin
1308 2602 1568 2650 usurpantur,
1614 2609 1740 2649 neque

185 2666 251 2706 filii
278 2665 517 2706 divinitatem
543 2664 748 2719 impetunt,
771 2672 832 2705 aut
861 2663 964 2704 illius
987 2666 1198 2705 essentiam
1224 2679 1242 2704 a
1272 2672 1431 2718 paterna
1456 2664 1530 2703 ulla
1555 2677 1604 2704 ex
1632 2672 1741 2718 parte

186 2735 355 2775 deficere
389 2741 574 2787 arguunt.
638 2731 735 2774 Sive
769 2736 882 2772 ianua
905 2741 1093 2783 vocetur,
1138 2732 1319 2787 quoniam
1350 2746 1418 2787 per
1442 2732 1545 2771 illum
1571 2732 1742 2786 ingredi·
1762 2740 1946 2775 Ioann.1o‚9.

187 2817 296 2853 mur,
329 2802 414 2842 sive
438 2805 518 2849 via,
555 2801 736 2855 quoniam
766 2815 834 2856 per
858 2802 981 2856 ipsum
1008 2802 1275 2849 ambulamus,
1311 2802 1395 2840 sive
1420 2802 1605 2848 columma,
1641 2801 1739 2854 quud
1763 2809 1948 2843 toauu.14‚e.

188 2871 366 2912 veritatis
392 2871 675 2911 firmamentum
709 2870 773 2910 ille
797 2869 870 2920 sit,
912 2872 996 2911 sive
1023 2871 1160 2917 nubes,
1196 2870 1295 2923 quod
1324 2867 1523 2909 lsrae'litas
1547 2876 1730 2924 protexe-
1753 2876 1844 2905 Exod-
1868 2876 1912 2904 1³.

188 2973 226 3005 Ee
251 2974 421 3006 Cor-narius
441 2976 549 3014 vertit,
587 2973 677 3015 Fuge
704 2972 823 3003 malam
858 2971 941 3003 hans
1035 2973 1065 3004 ¹2.
1092 2968 1116 3013 ἠ
1142 2982 1213 3004 τινα
1237 2974 1347 3011 scripsi
1376 2982 1433 3011 pro
1456 2970 1529 3004 ἵνα.
1567 2973 1649 3011 quod
1673 2972 1744 3003 libri

190 3017 382 3060 opinionem
407 3023 473 3051 ceu.
988 3020 1156 3058 praeberem·
1183 3020 1310 3050 Petavto
1330 3019 1448 3057 placuit
1473 3019 1540 3052 καὶ.

1370 3076 1471 3116 41*
