2066 3319
145 1609 232 1654 Κεφ.
253 1609 316 1645 κδ’.

178 1754 244 1781 pag.
265 1746 322 1774 [541.

326 156 406 195 440
888 156 1049 190 SANCTI
1073 157 1301 190 EPIPHANII

328 238 545 280 κτανθέντα
567 239 721 293 τελευτᾷ
745 236 808 278 ἐπὶ
829 240 898 288 τῆς
917 237 987 290 γῆς
1009 232 1031 276 ὁ
1044 232 1166 288 ’Λδάμ
1188 233 1210 277 ὁ
1230 234 1530 289 πρωτόπλαστος
1547 233 1594 276 δι’
1611 235 1706 277 ἐτῶν
1730 239 1747 265 3
1761 233 1855 290 φῖ,

327 311 396 347 τοῦ
430 303 543 358 ήλίου
569 306 634 345 καὶ
659 309 728 357 τῆς
760 303 919 357 σελήνης
950 303 1016 344 καὶ
1040 307 1117 344 τῶν
1142 301 1291 358 ἄστρων
1320 302 1399 345 ἀπὸ
1429 303 1611 357 τετάρτης
1639 300 1786 357 ἡμέρας
1816 305 1858 346 έν

329 372 482 429 οὐρανῷ
514 373 743 426 πηχθέντων
781 373 880 414 4καὶ
917 371 1167 413 κτισθέντων.
1231 374 1276 413 Τί
1313 367 1384 414 οὖν
1422 373 1611 423 εἴπωμεν,
1652 365 1683 412 ῶ
1719 366 1855 422 οὗτος,

326 439 639 496 Ὁμολογήσομεν
658 439 727 482 τὸν
744 445 814 494 τῆς
835 439 971 487 ἀνοίας
993 452 1066 480 σου
1093 440 1262 494 ἔλεγχον,
1310 444 1405 489 Πῶς
1426 437 1497 494 γάρ
1524 442 1541 466 ⁵
1555 436 1726 492 ἠδύνατο
1750 441 1858 482 ε’ννα-

329 508 443 551 κόσια
465 507 671 564 τριάκοντα
695 510 758 562 ἔτη
780 509 964 564 γενέσθαι
986 505 1079 549 ἄνευ
1100 512 1170 549 τοῦ
1189 510 1349 558 φθίνειν
1373 506 1553 560 σελήνην,
1582 508 1650 548 καὶ
1672 506 1858 560 πλήθειν,·

333 580 468 619 Ποίων
500 580 630 619 τοίνυν
662 581 801 630 ψυχῶν
829 580 1114 629 τελευτησασῶν
1145 577 1398 629 ἐνεπίμπλατο
1429 573 1455 629 ἡ
1483 573 1621 628 σελήνη
1651 576 1718 616 καὶ
1747 577 1858 629 ἐπλη-

331 650 470 700 ροῦτο,
500 646 593 700 λέγε.
651 643 745 686 Ἀλλ’
769 643 902 699 ἠγνόει
926 648 1147 698 Μανιχαῖος
1170 643 1229 686 ὅτι
1255 644 1326 685 εἰσὶ
1350 644 1500 685 συνετοὶ
1532 641 1579 684 οὕ
1608 642 1736 698 λόγοις
1765 655 1860 697 ψευ-

331 715 412 755 δέσι
438 712 688 766 πειθόμενοι,
721 711 815 754 ἀλλά
844 711 1125 765 ἀληθεστάταις
1154 709 1402 761 ἀποδείξεσιν.
1461 709 1563 752 Εἶτα
1588 711 1628 753 δὲ
1652 713 1778 765 δῶμεν
1802 711 1862 754 ὅτι

333 781 456 831 οὕτως
491 783 593 823 ἔστιν
627 780 722 836 ὅπερ
755 779 828 823 οὐκ
857 782 956 832 ἔστι,
995 778 1047 834 μή
1078 781 1246 835 γένοιτο,
1286 781 1349 821 καὶ
1385 778 1461 821 ἀπὸ
1497 783 1574 821 τῶν
1611 784 1752 833 ψυχῶν
1781 784 1861 822 τῶν

333 853 570 903 Μανιχαίων
600 852 790 905 γεμίζεται
814 849 1062 903 πληρουμένη
1086 846 1112 902 ή
1135 848 1293 901 σελήνη,
1331 851 1416 896 πῶς
1440 850 1493 890 ἔτι
1523 847 1808 902 συσταθήσεται
1835 847 1862 902 ἦ

331 917 492 972 τοιαύτη
515 916 729 968 ὑπόθεσις,-
789 920 846 959 Εἰ
870 916 942 973 γάρ
974 915 1103 965 οὐδεὶς
1131 915 1224 969 μετὰ
1245 915 1314 970 τὴν
1336 914 1682 970 πεντεκαιδεκάτην
1711 914 1862 971 ἡμέραν

331 991 400 1039 τῆς
428 985 588 1039 σελήνης
615 989 850 1039 Μανιχαίων
882 984 1074 1036 ἐτελεύτα,
1112 983 1204 1026 ἀλλά
1233 987 1455 1039 προθεσμία
1488 979 1536 1037 ἦν
1567 982 1761 1039 ὦρισμένη
1790 986 1864 1034 ἕως

334 1053 679 1108 πεντεκαιδεκάτης
701 1059 769 1108 τῆς
798 1052 958 1107 σελήνης
988 1052 1080 1102 τούς
1105 1055 1354 1106 Μανιχαίους
1378 1051 1666 1106 ἀποθνήσκειν,
1697 1051 1792 1106 μετὰ
1822 1053 1864 1095 δὲ

333 1122 682 1176 πεντεκαιδεκάτην
708 1123 841 1176 μηκέτι
863 1126 1056 1172 τελευτᾶν,
1087 1122 1160 1170 ἕως
1185 1119 1360 1178 ἀποτεθῇ
1385 1118 1408 1162 ὅ
1430 1125 1500 1174 τῆς
1524 1120 1682 1174 σελήνης
1703 1120 1863 1174 φόρτος,

333 1193 399 1233 ἵνα
424 1190 583 1246 ἄρξηται
604 1190 721 1232 πάλιν
745 1188 822 1232 ἀπό
845 1192 1053 1242 νεομηνίας
1076 1194 1246 1244 γομοῦν,
1276 1187 1451 1230 πιθανόν
1473 1187 1548 1244 ἄρα
1570 1184 1620 1242 ἦν
1643 1187 1685 1231 τὸ
1706 1194 1865 1243 ψεῦσμα

336 1265 415 1301 τῶν
439 1258 579 1301 αὐτῶν.
643 1263 734 1300 Νῦν
759 1259 800 1300 δὲ
821 1259 886 1299 καὶ
912 1255 1129 1298 ἀπίθανον·
1161 1254 1253 1298 καθ’
1276 1254 1425 1311 ἡμέραν
1452 1256 1524 1312 γάρ
1547 1262 1766 1308 τελευτῶσι,
1797 1258 1866 1299 καὶ

334 1328 381 1370 τὰ
408 1327 602 1382 ῶρισμένα
625 1332 789 1380 στοιχεῖα
813 1328 855 1368 ἐκ
881 1330 983 1367 θεοῦ
1007 1323 1075 1366 τόν
1096 1327 1199 1366 ἴδιον
1224 1326 1446 1366 ἐπίστανται
1470 1323 1628 1379 δρόμον.
1689 1327 1768 1367 Καὶ
1792 1324 1864 1367 πά-

336 1402 395 1439 λιν
417 1396 465 1439 οὐ
490 1394 727 1449 σταθήσεται
748 1393 770 1436 ὁ
792 1395 880 1449 περὶ
904 1397 980 1435 τῶν
1001 1398 1141 1447 ψυχῶν
1163 1394 1203 1435 έν
1224 1397 1271 1451 τῇ
1291 1392 1430 1451 σελήνῃ
1453 1392 1658 1448 γενόμενος
1677 1393 1808 1449 γόμος.

452 1601 532 1642 Καὶ
553 1600 652 1649 τινὲς
681 1600 750 1653 μὲν
772 1596 903 1640 αὐτῶν
925 1596 1042 1640 πάλιν
1066 1598 1272 1652 βούλονται
1296 1596 1395 1640 κατὰ
1416 1599 1593 1640 ἐπίνοιαν
1615 1601 1868 1654 πανουργίας,

343 1671 478 1723 1φησὶ,
503 1667 572 1722 τήν
590 1669 759 1724 Μητέρα
776 1673 853 1709 τῶν
875 1666 976 1709 ὅλων
996 1668 1300 1722 συγχωρήσασαν
1323 1666 1489 1720 δύναμιν
1513 1668 1614 1708 ἰδίαν
1638 1668 1675 1717 ἓξ
1697 1665 1870 1723 ούρανοῦ

343 1743 543 1780 κατελθεῖν
568 1739 622 1786 εἰς
646 1735 688 1778 τὸ
719 1736 862 1789 κλέψαι
886 1740 995 1777 2τῶν
1020 1734 1253 1791 Ἀρχόντων,
1283 1737 1350 1777 καὶ
1378 1733 1620 1788 ἀποσυλῆσαι
1650 1733 1716 1777 ἀπ’
1741 1734 1871 1778 αὐτῶν

339 1806 390 1860 ἢν
416 1811 432 1835 3
447 1808 612 1858 εἴληφαν
635 1809 656 1833 4
671 1803 827 1846 ἄνωθεν
847 1803 1024 1858 δύναμιν.
1067 1803 1253 1847 Βούλεται
1269 1802 1342 1860 γάρ
1363 1805 1482 1859 λέγειν
1504 1803 1564 1845 ὅτι
1586 1808 1604 1832 5
1619 1806 1870 1857 πολεμίσασαι

341 1876 383 1916 αἱ
402 1872 534 1929 Ἀρχαὶ
559 1874 624 1915 καὶ
649 1871 840 1923 Ἐξουσίαι
868 1872 935 1915 τόν
959 1871 1056 1915 θεὸν
1080 1871 1148 1914 τὸν
1179 1877 1321 1924 ζῶντα,
1353 1873 1420 1914 καὶ
1443 1870 1610 1927 μεγάλην
1637 1873 1705 1914 καὶ
1729 1871 1869 1915 ἀκατά-

340 1948 486 1996 ληπτον
510 1940 726 1997 ήρπακέναι
753 1940 842 1996 παρ’
865 1939 987 1983 αὐτοῦ
1009 1939 1196 1994 δύναμιν,
1226 1940 1276 1995 ἣν
1299 1942 1365 1983 καὶ
1389 1939 1521 1994 ψυχήν
1541 1937 1729 1993 ὅνομάζει.
1791 1941 1872 1982 Καὶ

343 2006 373 2052 ῶ
393 2016 463 2064 τῆς
493 2014 635 2064 πολλῆς
658 2008 799 2052 τούτου
824 2008 998 2058 ἀτοπίας.
1061 2013 1150 2058 Πᾶς
1174 2008 1246 2064 γάρ
1271 2007 1534 2064 ἁρπαζόμενος
1557 2009 1625 2050 καὶ
1654 2007 1870 2063 βιοφορού-

341 2096 455 2133 μενος
479 2076 735 2132 ὑποβέβηκεν.
795 2080 851 2119 Εἰ
874 2081 1002 2120 τοίνυν
1031 2080 1075 2119 αἱ
1096 2076 1207 2132 ἀρχαὶ
1233 2075 1310 2120 ἀπὸ
1333 2082 1401 2131 τῆς
1431 2080 1677 2126 6πανοπλίας
1704 2079 1870 2118 καταδυ-

341 2146 596 2189 ναστεύσασαι
622 2145 688 2188 τόν
717 2144 870 2201 ἀγαθὸν
893 2145 991 2188 θεὸν
1020 2144 1186 2200 δύναμιν
1210 2144 1300 2200 παρ’
1326 2144 1447 2188 αὐτοῦ
1478 2144 1708 2187 ἀπέσπασαν
1733 2149 1752 2174 7
1768 2147 1870 2199 ι’σχυ-

343 2215 496 2271 ρότεραι
523 2210 637 2257 αὗται
666 2212 762 2268 ὑπὲρ
790 2216 937 2256 ἐκεῖνον
965 2216 1128 2256 ἔσονται.
1184 2212 1359 2263 Ἐκεῖνος
1388 2214 1430 2255 δὲ
1457 2212 1611 2262 τούτοις
1640 2211 1683 2255 τὸ
1716 2218 1871 2269 πρῶτον

340 2282 600 2339 ’ὑποχωρήσας
620 2284 797 2332 εἰςαῦθις
821 2282 868 2324 οὗ
893 2281 1053 2323 δύναται
1075 2281 1163 2337 παρ’
1185 2280 1315 2324 αὐτῶν
1337 2281 1551 2335 ἀφελέσθαι
1571 2287 1641 2335 τῆς
1661 2279 1726 2323 ἀπ’
1749 2280 1870 2323 αὐτοῦ

342 2351 653 2406 ἀφηρπασμένην
688 2350 872 2404 δύναμιν,
913 2348 976 2392 εἴτ’
1013 2345 1084 2392 οὖν
1118 2354 1356 2402 πανοπλίαν,
1396 2349 1419 2393 ό
1456 2352 1493 2400 ἐξ
1529 2348 1648 2405 ἀρχῆς
1685 2348 1871 2404 ἀντισχεῖν

343 2419 443 2476 πρὸς
476 2419 568 2469 τούς
597 2422 804 2473 πολεμίους
837 2418 890 2472 μή
924 2419 1195 2472 δεδυνημένος.
1256 2420 1338 2460 Καὶ
1374 2418 1513 2469 ἄλλως,
1554 2418 1658 2459 εἰδὲ
1686 2420 1752 2460 καί
1780 2435 1872 2460 ποτε

343 2488 459 2531 πάλιν
489 2490 530 2530 ἐν
561 2491 648 2546 νίκῃ
677 2486 881 2543 γενόμενος
909 2485 1095 2539 ἀφέληται
1121 2486 1277 2541 ἰσχύσας
1299 2486 1398 2529 κατὰ
1420 2492 1500 2529 τῶν
1525 2484 1573 2528 δι’
1599 2487 1773 2535 ἐναντίας
1801 2490 1871 2539 τῆς

344 2555 409 2598 ἀπ’
432 2555 554 2598 αὐτοῦ
576 2554 889 2611 ἀφηρπασμένην
910 2553 1098 2608 δύναμιν,
1130 2560 1199 2608 τῆς
1221 2560 1291 2598 τοῦ
1314 2560 1439 2598 κακοῦ
1467 2557 1573 2609 ῥίζης
1597 2571 1636 2596 τε
1656 2555 1723 2596 καὶ
1751 2552 1871 2608 ἀρχῆς

345 2623 515 2680 ἀνάρχου
553 2626 608 2667 ἔτι
644 2623 901 2679 ἐπιμενούσης
935 2624 1003 2665 καὶ
1036 2628 1233 2673 παντελῶς
1269 2623 1322 2678 μή
1356 2624 1573 2677 δυναμένης
1602 2621 1868 2677 ἀναιρεθῆναι,

387 2751 418 2784 3.
433 2748 484 2784 πλ’
494 2753 634 2784 mendose
647 2756 730 2784 extat
740 2754 772 2784 in
784 2753 831 2784 ed.
844 2752 965 2784 Petavii
979 2752 1081 2782 Colon.
1129 2750 1411 2782 communicatam.
1454 2752 1520 2782 Nisi
1539 2750 1614 2789 sorte
1633 2750 1785 2789 genitivus
1804 2749 1869 2782 τῶν

388 2794 419 2829 4.
445 2796 502 2830 καὶ
522 2796 721 2831 κτισξῒέντων
744 2808 805 2830 non
821 2797 989 2830 habetcod.
1003 2797 1083 2828 Rhe·
1129 2792 1296 2838 ἀρχόντων
1318 2798 1427 2835 pendet
1451 2805 1471 2826 a
1491 2796 1581 2826 verbo
1606 2793 1746 2833 κλέψαι,
1770 2796 1814 2825 ita
1838 2798 1871 2825 ut

344 2844 407 2883 dig.
1129 2844 1276 2872 structum
1297 2843 1335 2872 sit
1357 2843 1399 2872 ad
1418 2841 1597 2879 analoyiam
1616 2841 1701 2871 verbi
1718 2835 1870 2882 ἀφαιρεῖ-

390 2889 421 2920 5.
447 2886 584 2921 ἐδύνατο
607 2890 673 2920 cod.
693 2890 821 2930 Rhediy.
1132 2885 1211 2918 σὲῐαι
1233 2896 1301 2918 cum
1324 2888 1460 2926 yenetivo
1479 2893 1636 2924 personae.

392 2933 468 2963 CAP.
485 2933 612 2965 XXW.
635 2952 677 2957 —
729 2935 754 2965 l.
779 2936 902 2975 Repono
925 2932 1021 2977 φασὶ.
1175 2931 1206 2962 3.
1232 2931 1370 2973 εἴληφαν
1399 2932 1487 2963 codd.
1515 2939 1586 2962 mss.
1632 2929 1755 2972 εἴληφα
1786 2931 1870 2962 edili.

390 2977 421 3011 2.
454 2979 549 3010 Intell.
576 2978 641 3010 vim
662 2990 751 3011 suam
784 2991 802 3011 a
825 2990 860 3011 se
884 2978 1086 3022 Principibus
1132 2973 1308 3020 εἰλήφασιν
1330 2978 1450 3008 volebat
1463 2977 1617 3008 petavius.
1651 2977 1688 3008 At
1706 2985 1870 3016 perperam
