2066 3319
488 194 666 226 PANARn
692 193 775 224 Lis.
794 193 834 224 u.
858 193 965 224 ToM.
986 193 1010 224 1.
1036 192 1166 224 HAER.
1187 192 1290 224 Lvu.
1586 181 1665 221 159

127 276 325 330 quisquam
352 273 572 323 existimet,
608 286 677 327 pro
705 286 751 311 eo
777 271 878 325 quod
903 286 1013 310 teman
1042 279 1156 325 atque
1193 287 1303 310 unum
1337 270 1578 312 solummodo
1610 270 1665 309 di-

125 343 245 392 xerit,
281 341 421 395 aliquid
444 341 488 381 de
512 340 644 380 triadis
666 354 826 380 numero
847 353 933 380 esse
958 340 1194 391 detractum,
1231 340 1337 393 quasi
1359 339 1516 394 spiritus
1539 338 1665 379 sancti

126 410 360 452 mentionem
389 409 530 449 nullam
554 409 705 449 fecerit.
770 407 923 448 Etenim
948 422 1032 447 cum
1057 415 1202 462 patrem
1232 416 1269 447 et
1303 409 1416 448 lilium
1453 408 1565 448 deum
1598 422 1666 447 no-

125 478 300 530 minavit,
333 492 377 518 ac
400 478 611 527 domiuum,
645 479 683 518 in
707 476 843 531 spiritu
867 483 1002 516 sancto
1026 476 1156 529 utique
1181 476 1408 516 nominavit.
1473 475 1575 516 Nam
1601 489 1667 515 ne-

127 561 200 602 que
225 562 309 588 cum
336 547 382 586 de
403 553 512 601 patre
537 560 680 599 agens,
718 548 819 584 [snus
839 547 950 592 dens,
986 543 1130 597 inquit,
1164 559 1212 582 esc
1238 559 1309 596 quo
1332 548 1473 592 omnia,
1509 559 1597 584 esse
1625 544 1668 584 it-

125 616 200 657 lnm
226 615 420 655 dominum
449 614 620 668 negavit.
681 612 824 668 Neque
858 619 995 653 contra
1026 611 1261 662 subiiciens,
1294 615 1347 651 Et
1376 628 1470 651 unns
1501 616 1669 652 dominns

126 687 230 724 Iesus
253 686 446 731 Clerzletas,
483 683 584 722 hunc
603 696 692 723 esse
716 683 826 722 deum
855 681 1019 721 inficiari
1043 680 1179 721 voluit.
1244 678 1322 721 Sed
1348 682 1668 734 quemadmodum

125 753 163 793 in
189 759 296 808 patre
323 767 395 793 una
422 751 678 807 appellatione
701 756 907 790 contentus
932 749 1002 789 lioc
1028 756 1174 789 tantum
1198 749 1311 799 dixit,
1343 751 1443 788 Unus
1465 752 1567 797 dens,
1597 764 1669 803 qua

127 835 224 862 voce
246 821 361 861 etiam
388 821 535 870 altera,
569 823 770 867 Dominus,
806 818 1048 868 continetur,
1082 818 1134 858 ita
1160 819 1198 858 in
1225 817 1323 868 titio,
1362 820 1463 856 L'tms
1484 821 1665 864 (latuimus,

127 890 317 931 duntaxat
339 890 559 945 expressit,
594 903 668 942 qua
692 902 777 928 cum
804 901 899 927 voce
927 887 986 927 dei
1011 900 1161 941 quoque
1189 893 1249 926 est
1278 886 1482 942 appellatio
1510 887 1670 926 coniun-

128 965 204 1000 cta.
268 956 400 1011 Quare
432 972 517 998 cum
541 958 586 997 de
613 964 722 1012 patre
750 970 794 996 ac
829 955 906 995 lilio
933 955 1151 995 disserebat
1174 955 1398 1010 apostolus,
1434 969 1510 995 non
1534 955 1670 1009 spiritu

127 1034 263 1067 sancto
298 1041 445 1067 vacuus
472 1032 579 1077 erat,
614 1027 679 1065 sed
716 1027 754 1064 in
784 1024 919 1065 eodem
952 1024 1205 1078 loquebatur,
1241 1032 1281 1064 ut
1311 1023 1496 1064 diximus.
1562 1021 1673 1063 Solet

128 1102 256 1137 autem
282 1095 441 1150 spiritns
464 1101 621 1135 sauctus
654 1093 711 1134 sui
746 1093 903 1133 minime
926 1093 1300 1133 commendationem
1332 1094 1484 1142 facere,
1521 1105 1569 1132 ne
1602 1105 1672 1131 cx-

128 1164 293 1219 emplum
320 1163 430 1204 nobis
458 1162 751 1203 commendandi
782 1162 903 1202 nostri
937 1161 1162 1216 praebuisse
1195 1161 1388 1201 videatur.
1451 1160 1525 1201 Est
1556 1161 1674 1215 igitur

128 1247 227 1274 unus
248 1232 342 1273 deus
366 1239 476 1287 pater
498 1246 551 1272 ex
572 1246 646 1286 quo
670 1231 815 1282 omnia,
850 1238 888 1271 et
911 1245 1010 1271 unus
1034 1230 1212 1270 dominns
1236 1228 1347 1270 lesus
1372 1227 1569 1280 Christus,
1605 1243 1673 1284 per

129 1315 243 1356 quem
268 1302 420 1352 omnia,
454 1301 537 1341 sive
559 1307 716 1355 propter
738 1314 849 1354 quem
873 1300 1025 1350 omnia,
1060 1306 1098 1339 et
1124 1313 1222 1339 unus
1250 1299 1407 1353 spiritus
1436 1305 1617 1349 sanctus,
1651 1313 1670 1337 a

129 1371 201 1410 deo
223 1383 463 1424 nequaquam
488 1369 655 1420 alienus,
690 1369 753 1423 qui
776 1369 969 1423 propriam
998 1367 1113 1408 hahet
1136 1381 1364 1422 personam3
1399 1368 1579 1422 quoniam
1604 1370 1677 1406 Dei

129 1442 285 1491 spz'ritzts
309 1447 365 1478 est
384 1446 422 1478 et
445 1441 614 1478 veritalis
634 1441 812 1490 spiritus,
847 1440 1026 1489 spiritus,
1062 1437 1215 1490 inquam
1230 1467 1240 1486 ,
1269 1440 1396 1488 patris
1417 1451 1462 1475 ac
1485 1439 1641 1476 Chresti.

245 1507 359 1562 Quod
385 1514 511 1548 autem
535 1506 646 1546 nobis
680 1506 782 1546 istud
816 1505 970 1555 obiicit,
1003 1507 1209 1544 Laboravit
1228 1508 1428 1557 Aegyptus
1450 1514 1486 1544 et
1506 1509 1674 1557 negotia-

133 1580 183 1617 tio
204 1579 452 1628 Aethiopum,
487 1583 526 1615 et
542 1576 693 1614 Subaim
720 1578 795 1614 viri
823 1576 998 1613 sublimes
1028 1577 1078 1613 ad
1108 1582 1142 1613 te
1169 1576 1404 1622 transibunt,
1439 1575 1530 1614 item
1564 1575 1670 1625 illud,

136 1649 189 1686 Τιι
213 1660 251 1685 es
275 1648 386 1692 deus,
421 1652 459 1683 et
477 1646 751 1691 nesciebamus,
786 1651 822 1682 et
848 1645 918 1682 tibi
937 1646 1169 1690 servierunt,
1204 1651 1242 1681 et
1263 1644 1369 1682 ibunt
1390 1651 1479 1695 post
1501 1651 1535 1682 le
1560 1646 1678 1683 vincti

130 1717 286 1754 manicis
296 1745 307 1762 ,
341 1722 377 1753 et
410 1715 447 1752 ιἰι
483 1721 517 1752 te
550 1714 730 1760 orabunt,
765 1715 937 1764 quoniam
967 1715 1003 1751 ia
1035 1720 1069 1751 te
1100 1715 1190 1750 deus
1219 1720 1295 1759 est,
1337 1720 1374 1751 et
1397 1727 1469 1751 non
1501 1720 1558 1751 est
1585 1715 1674 1751 deus

125 1791 282 1835 praeter
316 1791 371 1830 te,
416 1790 455 1821 tec
487 1784 583 1821 enlm
616 1796 654 1821 es
686 1784 797 1828 deus,
840 1789 878 1820 et
907 1782 1179 1829 nesciebamus,
1219 1784 1309 1820 deus
1340 1783 1465 1820 Israel
1489 1783 1671 1828 salvator,

133 1852 266 1902 vides,
301 1850 447 1905 inquit,
483 1850 630 1900 exiis,
665 1850 984 1904 quemadmodum
1010 1864 1109 1890 unus
1139 1850 1329 1890 duntaxat
1353 1850 1404 1890 sit
1429 1850 1568 1891 deus?
1605 1848 1676 1889 His

133 1920 235 1962 enim
259 1920 476 1975 scripturae
508 1918 604 1959 loeis
634 1917 875 1974 potissimum
900 1920 1044 1969 fretus,
1079 1925 1119 1958 ut
1142 1925 1232 1959 ante
1260 1918 1452 1969 diximus,
1487 1932 1558 1958 nee
1592 1918 1678 1958 illon

132 2004 216 2031 rum
247 2003 404 2030 sensum
439 1987 686 2042 intelligens,
729 1988 797 2028 sed
831 2001 964 2028 sacras
1000 1987 1134 2027 literas
1163 1987 1431 2027 fraudulenter
1456 1994 1675 2042 amputans,

134 2065 249 2113 atque
275 2065 314 2099 et
336 2057 511 2111 obliquas
538 2056 784 2097 narrationes
810 2056 1040 2107 instituens,
1074 2064 1112 2096 et
1141 2069 1274 2096 sacras
1305 2056 1558 2096 auctoritates
1592 2069 1678 2109 per-

134 2141 251 2168 verso
280 2127 416 2167 ordine
446 2140 490 2167 ac
520 2124 715 2165 nonnullis
740 2124 961 2179 praeteritis
987 2125 1023 2164 in
1047 2125 1213 2165 medium
1239 2124 1433 2175 afferens,
1467 2123 1561 2164 nihil
1585 2138 1677 2164 con-

134 2202 345 2250 sequenter
373 2209 418 2236 ae
449 2194 622 2235 seriatim
651 2192 866 2247 eloquitur,
902 2192 994 2233 nihil
1018 2194 1183 2248 denique
1210 2193 1362 2248 penitus
1387 2193 1567 2246 intelligit
1600 2199 1674 2232 tani

133 2263 313 2315 Noe'tus,
348 2278 460 2318 quam
486 2263 548 2317 qui
573 2262 619 2302 ab
645 2276 692 2302 co
716 2260 901 2302 Noetiani
922 2262 1116 2302 dicuntur.
1179 2262 1309 2316 Atque
1337 2269 1377 2302 ut
1401 2261 1569 2315 pessimo
1598 2261 1677 2301 cui-

136 2334 221 2374 dam
247 2333 333 2374 cani
359 2345 634 2386 nonnunquam
661 2332 786 2371 leonis
813 2344 951 2371 nomen
975 2330 1208 2386 imponitur,
1243 2345 1287 2371 ac
1315 2345 1454 2370 caecos
1479 2330 1596 2369 multa
1621 2330 1676 2369 vi-

135 2402 272 2443 dentes
297 2402 512 2456 appellant,
548 2407 586 2440 et
616 2400 663 2439 l'el
690 2400 799 2439 dulce
833 2399 1073 2450 nonniuatur,
1109 2406 1148 2439 et
1180 2407 1331 2439 acetum
1360 2398 1434 2438 mel
1468 2413 1488 2438 a
1522 2398 1677 2452 quibus-

137 2471 221 2510 dam
249 2477 425 2511 vocatum
454 2477 538 2519 est,
573 2483 617 2508 ac
640 2467 805 2522 deniqne
833 2466 973 2508 Furias
1005 2468 1178 2508 nonnulli
1206 2467 1443 2508 Eumenidas
1480 2481 1677 2522 nuncupa-

136 2546 242 2589 runt,
276 2539 329 2579 ita
351 2539 387 2579 in
412 2538 487 2578 illis
509 2536 698 2578 accidisse
720 2535 909 2587 videmus,
945 2544 985 2577 ut
1010 2543 1049 2577 et
1068 2536 1238 2588 Noetus,
1266 2536 1336 2575 hoc
1361 2542 1419 2575 est
1441 2535 1674 2589 intelligeuS,

138 2607 397 2663 appellaretur
423 2607 576 2661 ineptus
600 2612 638 2645 et
662 2604 848 2659 insipiens
873 2605 1010 2657 homo,
1046 2612 1084 2646 et
1108 2605 1179 2646 hoc
1203 2606 1325 2658 ipsum
1354 2617 1493 2644 nomen
1519 2604 1676 2659 perinde

137 2676 255 2731 inepti
281 2676 381 2716 illius
411 2674 586 2730 discipuli
616 2680 966 2728 consequerentur.
1032 2672 1109 2727 Qui
1141 2674 1292 2728 quidem
1324 2685 1457 2712 eorum
1491 2686 1588 2727 qnae
1623 2672 1678 2713 di-

139 2751 229 2785 cunt
249 2758 293 2785 ac
317 2744 438 2799 palam
464 2750 682 2799 proponunt
703 2742 892 2783 rationem
920 2743 1314 2797 consequentiamque
1342 2755 1417 2781 non
1441 2741 1675 2795 intelligunt,

1701 1507 1779 1550 Cap.
1802 1509 1856 1539 Vt.

1695 1550 1765 1579 lsai.
1777 1552 1819 1587 ⁴5,
1839 1553 1877 1579 ¹4.

140 2813 236 2853 utin
261 2813 320 2853 his
346 2812 508 2866 apostoli
533 2813 674 2852 dictum
699 2811 790 2851 illud
814 2811 1041 2866 impleatur:
1083 2813 1163 2850 Nee
1185 2824 1279 2862 quae
1304 2812 1435 2849 de'eunt
1461 2812 1675 2861 intellegen-
1696 2817 1881 2850 1.'rim.1,7.

142 2889 216 2930 tes,
249 2897 316 2922 nec
346 2884 391 2921 de
420 2882 553 2934 quibus
583 2888 769 2920 asserunt.

183 2984 215 3017 Q.
243 2986 337 3026 Vulgo
361 2982 410 3017 τὸ.
975 2981 1005 3014 3.
1030 2978 1200 3023 φάσκουσι
1225 2982 1426 3013 emendarunt
1454 2983 1623 3014 Carnarius
1651 2985 1678 3013 et

931 3029 1088 3059 Petamus.
1135 3028 1222 3059 Libri
1245 3029 1336 3068 vulgo
1360 3029 1469 3059 habent
1494 3027 1630 3071 φάσκει.
