2066 3319
242 1392 309 1420 pag.
327 1385 385 1412 598.

227 2463 314 2506 Κεφ.
334 2461 395 2506 ξη’.

404 196 484 237 362
962 201 1122 235 SANCT1
1146 202 1371 235 ΕΡΙΡΗΑΝΠ

407 279 502 334 εἶχεν
523 279 598 335 ἄρα
620 278 643 321 o‘
663 277 792 333 σωτὴρ
812 276 924 332 ἡμῶν
943 280 1010 320 καὶ
1030 278 1167 335 κύριος
1191 278 1278 328 υἷὸς
1298 285 1368 322 τοῦ
1390 284 1505 332 θεοῦ,
1536 278 1559 323 ό
1581 281 1710 324 ἐλθών
1732 281 1779 324 δι’
1803 280 1930 335 ἀσφά-

404 354 507 389 λειαν
527 352 658 389 πᾶσαν
676 353 745 401 τῆς
763 345 951 402 ἡμετέρας
970 349 1068 400 ζωῆς
1088 346 1330 401 ποιήσασθαι
1349 347 1421 402 τήν
1441 346 1553 402 ἡμῶν
1572 350 1719 401 ἐλπίδα,
1744 351 1786 392 ἐν
1805 351 1932 407 ἐαυτῷ

407 432 445 457 τε
471 414 517 457 τοὶ
541 420 697 456 πλεῖστα
721 413 1074 467 ἀνατυπωσάμενος
1093 417 1146 464 εἰς
1167 414 1237 469 τήν
1255 420 1324 469 τῆς
1346 414 1530 470 ἀληθείας
1548 416 1648 471 πρὸς
1668 415 1772 470 η’μᾶς
1793 416 1930 458 σύστα-

404 498 486 533 σιν,
517 485 634 536 μέρος
658 481 779 524 αὐτοῦ
812 480 907 536 εἶχεν
933 480 1183 534 ἀποθέσθαι,
1214 484 1329 538 μέρος
1355 484 1396 525 δὲ
1422 485 1604 539 ἐξεγεῖραι
1631 484 1730 526 κατὰ
1759 484 1829 538 τὴν
1859 502 1929 537 μυ-

402 550 518 604 θώδη
538 565 608 593 σου
635 549 855 603 ἀνασκευήν
876 551 943 592 καὶ
966 549 1148 604 πλήθους
1173 556 1365 606 λογισμῶν
1386 554 1558 605 ματαίων
1581 551 1781 607 συλλογὴν,
1814 547 1845 593 ὦ
1865 569 1930 605 φι-

404 618 561 660 λόνεικε.
620 617 752 667 Αὕτὸς
782 617 854 673 γάρ
888 616 1012 667 εὐθὺς
1043 620 1242 673 διελέγχων
1270 633 1341 660 σου
1372 619 1440 661 τόν
1469 618 1619 674 τρόπον
1642 619 1784 671 φάσκει
1811 621 1930 676 λέγων

404 686 483 737 ὅτι,
521 685 611 727 Ἐἀν
643 686 695 740 μὴ
722 685 743 728 ὁ
765 685 908 735 κόκκος
930 689 999 728 τοῦ
1019 689 1125 728 σίτου
1148 685 1276 728 πεσών
1301 688 1354 735 εἰς
1375 686 1446 740 τήν
1472 691 1546 742 γῆν
1571 686 1781 746 ἀποθάνῃ,
1811 687 1932 741 μόνος

406 756 522 807 μένει,
554 753 622 796 εὀἒν
649 755 689 796 δὲ
712 753 841 796 πεσών
864 752 1068 812 ἀποθάνῃ,
1098 753 1264 803 πολλοὺς
1285 756 1455 803 κόκκους
1477 756 1597 809 φέρει.
1645 757 1724 797 Καὶ
1745 758 1831 797 τίνα
1854 754 1931 812 ἄρα

405 824 506 878 ἔλεγε
528 822 696 873 κόκκον,·
759 825 886 864 Παντί
905 840 957 878 τῳ
988 823 1112 874 σαφές
1133 824 1211 864 ἐστι
1231 823 1297 864 καὶ
1323 820 1561 877 ὤμολόγηται
1586 824 1702 864 παντὶ
1723 827 1775 880 τῷ
1795 822 1930 881 κόσμῳ

404 889 463 932 ὅτι
483 891 573 945 περὶ
595 892 735 932 ἑαυτοῦ
754 891 867 945 ἔλεγε,
893 891 1064 932 τουτέστι
1083 891 1172 945 περὶ
1190 895 1261 932 τοῦ
1279 889 1459 943 σώματος
1473 895 1542 943 τῆς
1560 890 1705 946 σαρκός
1721 896 1790 945 τῆς
1806 889 1930 947 ἁγίας,

404 953 452 1011 ἧς
473 957 550 1000 ἀπὸ
577 961 741 1011 Μαρίας
761 961 914 1012 εἴληφε,
945 959 1009 999 καὶ
1035 957 1127 1013 ὅλης
1151 957 1270 1000 αὐτοῦ
1293 963 1361 1011 τῆς
1391 958 1737 1013 ἐνανθρωπήσεως.
1803 958 1855 1001 Τό
1889 960 1931 1001 δὲ

405 1032 535 1068 πεσεῖν
558 1028 626 1068 καὶ
656 1025 894 1077 ἀποθανεῖν,
927 1024 980 1075 οἷς
1001 1027 1118 1081 λέγει,
1144 1025 1279 1067 “Όπου
1303 1025 1345 1068 τὸ
1371 1031 1529 1079 πτῶμᾶ,
1561 1028 1642 1068 ἐκεῖ
1662 1026 1931 1082 συναχθήσον-

405 1112 468 1136 ται
491 1096 531 1135 οἵ
549 1092 668 1145 ἀετοὶ,
699 1096 788 1149 περὶ
805 1099 873 1148 τῆς
895 1093 1016 1136 αὐτοῦ
1036 1095 1246 1149 τριημέρου
1265 1098 1336 1136 τοῦ
1356 1092 1533 1147 σώματος
1555 1094 1773 1149 κοιμήσεως
1793 1097 1930 1151 ἔλεγεν,

406 1160 459 1210 ὥς
484 1164 550 1204 καὶ
573 1161 691 1211 αὐτὸς
717 1161 976 1218 ὁμολογήσεις.
1017 1158 1063 1202 Ἡ
1082 1161 1153 1217 γάρ
1176 1162 1318 1215 θεότης
1341 1161 1462 1204 αὐτοῦ
1485 1161 1709 1216 ἀκοίμητος,
1740 1162 1930 1214 ἀπτωτος,

405 1228 642 1285 ἀκράτητος,
674 1229 870 1285 ἄτρεπτος.
928 1228 1119 1271 Ἀπέθανε
1140 1233 1272 1271 τοίνυν
1299 1228 1322 1270 ὁ
1341 1229 1485 1279 κόκκος
1506 1236 1577 1273 τοῦ
1601 1234 1729 1282 σίτου,
1757 1233 1824 1273 καὶ
1844 1229 1930 1274 ἀνέ-

405 1312 484 1351 στη.
531 1297 652 1347 ’Ὀλος
672 1295 744 1339 οὗν
770 1296 792 1339 ὁ
815 1296 958 1346 κόκκος
981 1296 1133 1350 ἀνέστη,
1163 1297 1190 1351 ἢ
1213 1303 1350 1350 λεῖμμα
1372 1295 1493 1339 αὐτοῦ
1517 1297 1674 1352 ἀνέστη,-
1706 1298 1817 1348 ὄὲλλος
1838 1298 1928 1341 κόκ-

407 1383 476 1414 κος
506 1365 613 1421 παρα
639 1364 706 1407 τόν
730 1365 844 1416 ὄντα,
882 1364 908 1418 ἢ
940 1364 1059 1414 αὐτὸς
1090 1363 1113 1406 ό
1142 1364 1196 1406 ὢν
1226 1367 1279 1413 εἰς
1304 1364 1346 1406 τὸ
1375 1363 1493 1415 εἶναι,
1532 1365 1573 1408 τὸ
1598 1365 1664 1408 διὰ
1690 1371 1761 1408 τοῦ
1779 1365 1930 1420 Ἰωσὴφ

403 1434 685 1487 κεκηδευμένον
709 1435 750 1475 ἐν
774 1432 922 1474 σινδόνι
946 1434 1013 1474 καὶ
1036 1435 1076 1474 ἐν
1100 1432 1270 1486 μνήματι
1291 1436 1412 1490 καινῷ
1437 1433 1570 1484 τεθὲν,
1602 1433 1764 1488 ἀνέστης
1820 1434 1930 1477 Πάν-

402 1519 478 1550 τως
498 1501 558 1543 ὅτι
581 1499 653 1542 οὐκ
677 1500 841 1559 ἀρνήσῃ.
908 1504 1000 1542 Τίνα
1021 1503 1155 1542 τοίνυν
1177 1499 1456 1556 εὐηγγελίζοντο
1480 1502 1692 1557 ἐγηγέρθαι
1711 1505 1752 1544 οἵ
1780 1501 1932 1559 ἄγγελοι

401 1575 487 1618 ταῖς
507 1571 680 1624 γυναιξίν
690 1588 700 1619 ,-
737 1568 791 1617 ὥς
819 1583 936 1621 φασι,
974 1571 1067 1610 Τίνα
1091 1573 1252 1622 ζητεῖτε,·
1295 1567 1444 1622 Ἰησοῦν
1465 1568 1532 1611 τὸν
1557 1574 1808 1625 Ναζωραῖονς
1846 1569 1931 1612 ἀνέ-

403 1651 486 1690 στη,
518 1635 591 1679 οὐκ
612 1639 713 1679 ἔστιν
732 1632 824 1678 ὧδε·
857 1639 978 1688 δεῦτε,
1010 1639 1108 1678 ἰ’δετε
1127 1635 1195 1678 τὸν
1214 1635 1346 1678 τόπον.
1399 1634 1501 1686 Ὡςεὶ
1523 1639 1637 1693 ἔλεγε,
1668 1642 1803 1690 Δεῦτε,
1832 1641 1931 1680 ἴδετε

403 1704 470 1747 τόν
492 1705 633 1756 τόπον,
663 1707 729 1747 καὶ
751 1708 965 1746 συνετίσατε
987 1703 1054 1746 τόν
1075 1703 1300 1760 Ὠριγένην,
1332 1704 1392 1747 ὅτι
1414 1704 1488 1746 οὐκ
1510 1707 1566 1747 ἔνι
1590 1710 1728 1759 λεῖμμα
1755 1708 1931 1760 κείμενον

405 1775 599 1824 ἐνταῦθα,
630 1770 724 1814 ἀλλά
750 1772 840 1815 ὅλον
872 1771 1022 1826 ἀνέστη.
1084 1774 1163 1814 Καὶ
1186 1772 1295 1822 ὅπως
1315 1777 1415 1830 γνῷς
1437 1772 1494 1815 ὅτι
1518 1773 1608 1815 ὅλον
1632 1772 1791 1828 ἀνέστη,
1828 1772 1930 1816 Ἀνέ-

407 1855 499 1894 στη,
530 1839 603 1883 οὐκ
634 1843 736 1883 ἔστιν
765 1837 859 1893 ὦδε,
897 1844 963 1883 ἵνα
993 1839 1226 1898 ἀποκρούσῃ
1258 1855 1329 1883 σου
1361 1840 1431 1894 τὴν
1461 1845 1676 1897 φλυαρίαν,
1707 1841 1768 1884 ὅτι
1795 1847 1932 1896 λεῖμμα

408 1908 528 1950 αὐτοῦ
564 1908 637 1950 οὐκ
672 1911 971 1964 ἐγκατελείφθη,
1013 1907 1088 1950 ἀλλ’
1111 1907 1271 1950 αὐτότὸ
1299 1907 1474 1962 ήλωθὲν,
1514 1908 1608 1951 αὐτὸ
1641 1908 1684 1951 τό
1714 1910 1856 1964 νυχθὲν
1884 1915 1932 1968 τῇ

406 1975 546 2035 λόγχῃ,
577 1976 672 2019 αὐτό
696 1976 738 2019 τό
764 1978 961 2032 κρατηθὲν
982 1975 1059 2019 ὑπὸ
1084 1982 1160 2019 τῶν
1186 1980 1434 2033 Φαρισαίων,
1465 1975 1558 2019 αὕτὸ
1581 1976 1623 2019 τό
1647 1979 1881 2032 ἐμπτυσθέν.

522 2455 603 2495 Καὶ
624 2456 659 2495 τί
681 2470 747 2507 μοι
766 2452 814 2493 τά
836 2451 972 2506 πλήθη
992 2453 1112 2507 λέγειν
1134 2453 1234 2508 πρὸς
1255 2455 1405 2509 ἔλεγχον
1424 2452 1566 2495 τούτου
1586 2457 1656 2495 τοῦ
1681 2454 1844 2496 ἐλεεινοῦ
1865 2455 1933 2496 καὶ

408 2521 667 2575 πολυκόμπου
690 2524 758 2574 τῆς
778 2521 818 2562 ἐν
839 2518 944 2577 αὐτῷ
969 2524 1196 2574 γενηθείσης
1220 2525 1431 2576 φλυαρίας,
1479 2519 1582 2575 ’Ἆρα
1606 2515 1678 2562 οὖν
1708 2519 1762 2570 ὥς
1791 2521 1932 2576 ἀνέστη

409 2591 475 2631 καὶ
495 2591 634 2631 ἑαυτοῦ
655 2588 698 2631 τό
723 2593 834 2641 σῶμα
852 2589 1009 2643 ἔγειρεν,
1041 2587 1165 2637 οὕτως
1185 2591 1251 2630 καὶ
1272 2588 1376 2642 ἡμᾶς
1395 2591 1525 2644 ἐγερεῖ.
1583 2587 1678 2630 'And
1696 2587 1839 2631 τούτου
1857 2589 1931 2645 γάρ

409 2659 549 2707 ἔδειξεν
574 2655 597 2699 ὅ
619 2656 730 2712 ἅγιος
753 2655 970 2704 ἀπόστολος
989 2654 1058 2708 τήν
1079 2654 1188 2709 ήμῶν
1211 2659 1366 2707 ἐλπίδα,
1397 2658 1528 2710 φήσας
1549 2655 1629 2707 ὅτι,
1663 2660 1758 2705 Πῶς
1780 2658 1933 2712 λέγουσί

408 2742 505 2774 τινες
533 2727 573 2766 ἐν
595 2724 688 2778 ὑμῖν
718 2723 777 2767 ὅτι
796 2723 1003 2772 ἀνάστασις
1020 2728 1168 2778 νεκρῶν
1192 2723 1264 2766 οὐκ
1285 2726 1404 2774 ἐ’στιν,·
1435 2727 1471 2766 εἰ
1493 2724 1534 2765 δὲ
1554 2723 1764 2773 ἀνάστασις
1782 2729 1933 2780 νεκρῶν

410 2792 484 2833 οὐκ
509 2794 605 2843 ἔστι,
638 2791 729 2834 οὐδὲ
756 2791 921 2847 Χριστός
946 2790 1164 2847 ἐγήγερται,
1196 2793 1230 2832 εἰ
1257 2792 1297 2833 δὲ
1323 2790 1491 2846 Χριστός
1518 2789 1590 2832 οὐκ
1620 2789 1840 2846 ἐγήγερται,
1870 2810 1931 2835 κε-

409 2858 478 2901 νόν
504 2859 580 2914 ἀρα
611 2860 653 2902 τό
685 2860 867 2916 κήρυγμα
889 2858 1020 2913 ἡμῶν,
1050 2862 1190 2912 ματαία
1215 2860 1281 2900 καὶ
1306 2858 1332 2912 ἡ
1354 2862 1480 2907 πίστις
1507 2857 1637 2912 ἡμῶν,
1669 2857 1931 2914 εὑρισκόμεθα

412 2927 453 2968 δὲ
481 2929 547 2967 καὶ
569 2929 889 2983 ψευδομάρτυρες
920 2932 988 2970 τοῦ
1015 2932 1135 2978 θεοῦ,
1176 2926 1234 2968 ὅτι
1264 2929 1444 2980 εἴπομεν,
1473 2925 1628 2981 ’Ἡγειρε
1653 2926 1721 2968 τόν
1746 2927 1929 2984 Χριστὸν,

414 2995 480 3036 καὶ
503 2993 548 3035 τοὶ
576 2996 671 3049 ἑξῆς.
733 2998 812 3038 Καὶ
841 2996 1003 3052 ὕστερον
1036 2995 1230 3050 ἐπιφέρει,
1266 2995 1405 3050 λέγων,
1447 3000 1522 3036 Δεῖ
1541 2993 1583 3037 τό
1608 2994 1788 3051 φθαρτὸν
1816 3002 1930 3040 τοῦτο
