2066 3319
232 636 298 663 pag.
316 628 373 656 60¹1.

226 1309 311 1352 Κεφ.
334 1307 374 1342 α’.

243 2212 307 2240 pag.
325 2204 384 2232 (508.

686 619 707 643 *
727 620 836 657 ΤΟΥ
863 620 949 656 ΕΝ
972 619 1172 657 Arma
1201 619 1429 657 ΠΑΤΡΟΣ
1458 618 1641 656 ΗΜΩΝ

802 720 846 775 Ε
888 720 948 775 Π
990 721 1012 774 Ι
1055 719 1100 775 Φ
1143 721 1187 774 Α
1228 721 1278 776 N
1320 720 1344 774 l
1385 719 1435 775 O
1477 717 1528 774 Τ

530 861 810 906 ΚΑΤΑ
894 860 1102 903 ΤΩΝ
1188 859 1788 903 ΑΙΡΕΣΕΩΝ

635 970 800 1003 Tomos.
826 969 1078 1002 ΔΕΥΤΕΡΟΣ
1104 968 1196 1001 ΤΟΥ
1222 967 1470 1001 ΔΕΥΤΕΡΟΥ
1495 967 1697 1000 BIBAIOY.

552 1134 635 1177 KA
652 1134 735 1177 TA
774 1133 1055 1177 HAYAOY
1091 1133 1223 1176 ΤΟΥ
1258 1131 1778 1183 ΣΑΜΟΣΑΤΕΩΣ,

521 1209 850 1273 τεσσαρακοστή
900 1214 1076 1270 πέμπτη
1094 1245 1105 1266 ,
1165 1207 1193 1268 ἱ]
1239 1210 1317 1254 καὶ
1366 1207 1579 1269 ἑξηκοστή
1626 1211 1815 1269 πέμπτη.

521 1312 677 1356 Παῦλος
707 1307 729 1349 6
754 1306 1004 1360 Σαμοσατεῦς
1035 1304 1271 1358 καλούμενος
1303 1304 1465 1354 τούτους
1497 1307 1731 1360 διαδέχεται,
1763 1303 1930 1360 γεγονώς

404 1375 497 1429 μετὰ
527 1381 714 1417 Ναυᾶτον
745 1376 811 1416 καὶ
841 1373 1063 1429 Ὠριγένην,
1101 1372 1168 1415 τόν
1202 1372 1368 1414 1λοιπὸν
1399 1375 1440 1414 ἐν
1465 1374 1606 1428 αἴρέσει
1638 1372 1932 1429 ἀριθμούμενον

404 1442 452 1484 δι’
471 1443 520 1496 ἣν
542 1441 732 1496 ἠθέλησεν
751 1440 993 1494 ὖψαυχενίαν
1015 1443 1139 1498 ἑαυτῷ
1163 1440 1471 1491 ἐπισπάσασθαι,
1500 1442 1565 1483 καὶ
1588 1443 1814 1497 ἐπαρθῆναι
1834 1441 1933 1483 κατὰ

404 1516 472 1564 τῆς
494 1510 705 1564 α’ληθείας,
744 1510 808 1552 δια
838 1515 908 1564 τῆς
942 1508 1182 1561 κομπώδους
1208 1507 1332 1550 αὐτοῦ
1361 1511 1552 1563 φλυαρίας
1581 1512 1647 1551 καὶ
1677 1511 1718 1552 ἐν
1747 1508 1931 1563 διαβόλου

408 1581 750 1632 2ἐπισεσεισμένης
774 1581 936 1627 ἐννοίας.
985 1578 1060 1618 uOv
1082 1583 1243 1618 πενθεῖν
1269 1579 1344 1627 δεῖ,
1378 1575 1430 1625 ὥς
1454 1575 1614 1630 ἀληθῶς
1634 1577 1776 1634 φθόνῳ
1801 1576 1934 1631 διαβό-

405 1653 473 1689 λου
508 1649 799 1697 3ἐξοκείλαντα,
840 1648 905 1688 καὶ
941 1644 1018 1687 οἷπό
1047 1645 1179 1698 ὕψους
1205 1643 1555 1700 παραπεπτωκότα.
1611 1643 1694 1686 Ἐπ’
1724 1645 1832 1702 αὐτῷ
1860 1645 1932 1701 γάρ

407 1720 621 1769 πληροῦται
641 1715 684 1757 vd
711 1716 932 1769 εἰρημένον,
967 1717 1166 1755 Βασκανία
1191 1711 1432 1766 φαυλότητος
1455 1711 1631 1769 α’μαυροῖ
1650 1712 1696 1754 τοὶ
1718 1712 1836 1763 καλοὶ,
1867 1714 1933 1755 καὶ

410 1782 634 1839 ῥεμβασμὸς
665 1785 879 1836 ἐπιθυμίας
910 1781 1124 1835 μεταλλεύει
1153 1787 1247 1824 νοῦν
1278 1779 1438 1823 ἄκακον.

526 1922 652 1968 Οὑτος
680 1918 728 1972 δὴ
753 1914 824 1960 οὖν
847 1918 869 1960 6
891 1917 984 1972 ημῖν
1012 1920 1066 1967 εἰς
1089 1917 1267 1973 ἐξήγησιν
1293 1915 1699 1971 ἕπιμνημονευόμενος
1725 1921 1885 1966 Παῦλος
1914 1915 1936 1959 6

411 1986 664 2041 Σαμοσατεὺς
678 2021 688 2038 ,
720 1982 766 2028 οὗ
790 1992 860 2028 τοῦ
883 1986 1075 2040 ὀνόματος
1097 1988 1137 2028 ἐν
1161 1985 1258 2067 ἀρχῇ
1280 1985 1550 2039 ἐμνήσθημεν,
1580 1986 1647 2026 καὶ
1668 1989 1738 2038 τῆς
1757 1986 1938 2068 αιρέσεως

412 2054 533 2098 αυτοῦ
555 2055 780 2109 ποιούμεθα
802 2054 872 2108 τὴν
899 2054 1098 2110 διηγησιν,
1130 2053 1208 2096 ἀπὸ
1233 2052 1476 2107 Σαμοσάτων
1498 2055 1548 2105 ἠν
1572 2057 1641 2106 τῆς
1670 2054 1735 2095 ἐπὶ
1764 2071 1810 2094 τα
1841 2054 1937 2136 μέρη

410 2129 479 2177 τῆς
501 2127 812 2176 Μεσοποταμίας
833 2124 898 2164 καὶ
921 2121 1154 2175 Εὐφρατου,
1186 2121 1230 2171 ὃς
1257 2123 1297 2163 ἐν
1318 2120 1444 2178 τούτῳ
1465 2125 1517 2178 τῷ
1542 2120 1682 2178 χρόνῳ,
1714 2122 1755 2162 ἐν
1777 2118 1939 2176 ημέραις

413 2190 666 2246 Λύρηλιανοῦ
688 2193 752 2232 καὶ
779 2191 942 2246 Πρόβου
973 2195 1050 2232 τῶν
1070 2191 1259 2243 βασιλέων
1283 2191 1348 2232 ἐπὶ
1370 2194 1440 2242 τῆς
1461 2187 1684 2242 Ἀντιοχέων
1707 2190 1939 2230 καθίσταται

415 2262 628 2308 ἐπίσκοπος
647 2265 717 2313 τῆς
740 2258 850 2314 ἁγίας
870 2263 1084 2311 καθολικῆς
1107 2261 1319 2312 ἐκκλησίας.
1376 2255 1532 2312 Ἀρθεὶς
1551 2257 1592 2298 δὲ
1615 2261 1662 2314 τῇ
1684 2258 1839 2313 διανοίᾳ
1862 2257 1938 2306 ἐξέ-

413 2343 503 2369 πεσε
539 2346 606 2381 της
634 2326 839 2380 α’ληθείας,
869 2328 934 2367 καὶ
965 2325 1180 2367 ανεκαίνισε
1210 2344 1280 2379 την
1311 2328 1458 2380 αἵρεσιν
1489 2329 1559 2366 τοῦ
1585 2323 1839 2379 Ἀρτέμωνος,
1868 2328 1939 2366 τοῦ

413 2413 506 2437 ποτε
536 2394 650 2444 ὄντος
681 2397 719 2437 ἓν
749 2394 846 2451 ἀρχῇ
878 2393 953 2448 πρὸ
987 2396 1083 2435 ε’τῶν
1112 2399 1282 2445 πολλῶν,
1312 2395 1380 2435 καὶ
1411 2394 1652 2446 ε’σβεσμένου.

529 2462 677 2504 Φάσκει
709 2463 749 2504 δὲ
781 2464 897 2510 οὗτος
930 2461 1028 2503 θεὸν
1054 2463 1198 2514 πατέρα
1231 2463 1296 2503 καὶ
1329 2460 1417 2503 υἵὸν
1447 2462 1512 2502 καὶ
1543 2477 1655 2515 αγιον
1689 2465 1843 2513 πνεῦμα
1872 2462 1940 2502 ἕνα

415 2531 532 2582 θεον,
564 2533 604 2573 ἐν
626 2535 709 2588 θεῷ
732 2531 772 2572 δὲ
794 2529 852 2572 ἀεὶ
874 2529 968 2572 ὄντα
990 2529 1057 2571 τόν
1084 2527 1205 2571 αὐτοῦ
1226 2528 1340 2585 λόγον
1367 2530 1434 2571 καὶ
1457 2527 1500 2570 vd
1523 2533 1676 2581 πνεῦμα
1696 2526 1838 2580 αὐτοῦ,
1870 2528 1940 2578 659-

416 2616 485 2652 περ
508 2601 548 2642 ἐν
572 2597 792 2654 ἀνθρώπου
815 2600 955 2654 καρδίᾳ
977 2596 999 2638 6
1017 2599 1115 2644 ἰ’διος
1135 2598 1267 2651 λόγος·
1300 2596 1352 2650 μή
1372 2595 1468 2638 εἶναι
1488 2596 1528 2638 δὲ
1550 2595 1617 2638 τὸν
1637 2595 1724 2637 υἷὸν
1746 2600 1817 2637 τοῦ
1839 2602 1940 2638 θεοῦ

417 2667 696 2718 ἐνυπόστατον,
728 2664 821 2708 ἄλλα
850 2668 890 2708 ἐν
911 2670 1016 2723 αυτῷ
1041 2670 1060 2693 4
1074 2670 1127 2722 τῷ
1149 2668 1252 2721 θεῷ,
1285 2664 1408 2718 ὥςπερ
1433 2661 1561 2718 οἷμέλει
1583 2665 1650 2705 καὶ
1673 2661 1695 2705 o‘
1715 2664 1939 2716 Σαβὲλλιος,

418 2736 484 2776 καὶ
505 2734 527 2777 6
549 2740 748 2786 Ναυᾶτος,
778 2736 844 2776 καὶ
867 2732 888 2776 6
912 2732 1082 2787 Νόητος,
1112 2734 1178 2774 καὶ
1199 2730 1313 2774 ἄλλοι.
1351 2731 1432 2774 Οὐκ
1452 2734 1544 2780 ἴσως
1564 2732 1605 2772 δὲ
1627 2733 1787 2779 ἐκείνοις
1809 2725 1939 2782 οὗτος,

420 2801 511 2844 ἄλλα
536 2808 553 2832 5
568 2802 689 2852 ἄλλως
711 2801 800 2857 παρ’
822 2805 1003 2850 ἐκείνους.
1063 2799 1252 2842 Ἐλθόντα
1277 2800 1319 2841 δὲ
1344 2799 1410 2842 τὸν
1433 2798 1568 2854 λόγον,
1598 2799 1665 2840 καὶ
1687 2797 1940 2852 ἓνοικήσαντα

463 2930 479 2947 *
504 2931 662 2969 Inscriptio
691 2932 765 2962 haec
797 2931 990 2962 desideratur
1012 2931 1044 2960 in
1074 2927 1329 2966 utro-Rhed19
1350 2931 1392 2958 est
1411 2936 1524 2958 rasura
1545 2929 1656 2966 septem
1678 2926 1739 2965 {ere
1760 2926 1942 2958 litterarum

419 2984 474 3015 que
499 2976 575 3005 libro
598 2985 653 3005 ms.
1245 2971 1275 3003 2.
1300 2969 1575 3013 ἐπισεσεισμέιης
1607 2971 1673 3002 cod.
1698 2971 1826 3011 Rhedig
1872 2968 1940 3007 ἐπι-

467 3019 542 3051 ΟΔΡ.
570 3020 595 3050 Ι-
618 3038 660 3045 -
720 3022 746 3055 1.
783 3022 855 3053 Post
887 3017 994 3056 λοιπὸν
1024 3021 1056 3053 in
1089 3019 1156 3053 cod.
1203 3016 1405 3060 σπεισμένης
1427 3017 1596 3057 cod.1en.‚
1619 3015 1748 3049 etediti
