<?xml version="1.0" encoding="UTF-8"?>
<!DOCTYPE html PUBLIC "-//W3C//DTD XHTML 1.0 Transitional//EN"
    "http://www.w3.org/TR/xhtml1/DTD/xhtml1-transitional.dtd">
<html xmlns="http://www.w3.org/1999/xhtml" xml:lang="en" lang="en">
 <head>
  <title>
</title>
<meta http-equiv="Content-Type" content="text/html;charset=utf-8" />
  <meta name='ocr-system' content='tesseract 3.04.00' />
  <meta name='ocr-capabilities' content='ocr_page ocr_carea ocr_par ocr_line ocrx_word'/>
</head>
<body>
  <div class='ocr_page' id='page_1' title='image "./p2corporishaereseo02epipuoft/p2corporishaereseo02epipuoft_0391.png"; bbox 0 0 2066 3319; ppageno 0'>
   <div class='ocr_carea' id='block_1_1' title="bbox 441 231 1624 272">
    <p class='ocr_par' dir='ltr' id='par_1_1' title="bbox 441 231 1624 272">
     <span class='ocr_line' id='line_1_1' title="bbox 441 231 1624 272; baseline -0.003 0"><span class='ocrx_word' id='word_1_1' title='bbox 441 239 618 272; x_wconf 77' lang='lat' dir='ltr'>PANARH</span> <span class='ocrx_word' id='word_1_2' title='bbox 646 239 729 271; x_wconf 76' lang='lat' dir='ltr'><em>Lm.</em></span> <span class='ocrx_word' id='word_1_3' title='bbox 751 240 791 271; x_wconf 89' lang='lat'><em>11.</em></span> <span class='ocrx_word' id='word_1_4' title='bbox 815 240 923 272; x_wconf 82' lang='grc' dir='ltr'><strong>ΤοΜ.</strong></span> <span class='ocrx_word' id='word_1_5' title='bbox 944 241 965 272; x_wconf 89' lang='lat'><em>1.</em></span> <span class='ocrx_word' id='word_1_6' title='bbox 993 240 1121 272; x_wconf 58' lang='lat' dir='ltr'><em>naen.</em></span> <span class='ocrx_word' id='word_1_7' title='bbox 1146 239 1268 271; x_wconf 77' lang='lat' dir='ltr'><em>inv.</em></span> <span class='ocrx_word' id='word_1_8' title='bbox 1544 231 1624 271; x_wconf 82' lang='grc'><em>369</em></span> 
     </span>
    </p>
   </div>
   <div class='ocr_carea' id='block_1_2' title="bbox 89 314 1774 438">
    <p class='ocr_par' dir='ltr' id='par_1_2' title="bbox 89 314 1774 438">
     <span class='ocr_line' id='line_1_2' title="bbox 91 314 1774 379; baseline -0.003 -17"><span class='ocrx_word' id='word_1_9' title='bbox 91 323 301 370; x_wconf 89' lang='lat' dir='ltr'><em>iustorum,</em></span> <span class='ocrx_word' id='word_1_10' title='bbox 336 319 544 360; x_wconf 82' lang='lat' dir='ltr'><em>infidelium</em></span> <span class='ocrx_word' id='word_1_11' title='bbox 572 319 730 374; x_wconf 81' lang='lat' dir='ltr'><strong>perinde</strong></span> <span class='ocrx_word' id='word_1_12' title='bbox 757 332 801 358; x_wconf 88' lang='lat' dir='ltr'><em>ac</em></span> <span class='ocrx_word' id='word_1_13' title='bbox 827 319 1018 369; x_wconf 83' lang='lat' dir='ltr'><em>fidelium,</em></span> <span class='ocrx_word' id='word_1_14' title='bbox 1054 333 1214 373; x_wconf 89' lang='lat' dir='ltr'><em>qnorum</em></span> <span class='ocrx_word' id='word_1_15' title='bbox 1247 322 1297 358; x_wconf 80' lang='lat' dir='ltr'><em>ad</em></span> <span class='ocrx_word' id='word_1_16' title='bbox 1323 322 1433 358; x_wconf 77' lang='lat' dir='ltr'><em>vitam</em></span> <span class='ocrx_word' id='word_1_17' title='bbox 1457 321 1545 366; x_wconf 68' lang='lat' dir='ltr'><em>alti,</em></span> <span class='ocrx_word' id='word_1_18' title='bbox 1579 321 1629 357; x_wconf 81' lang='lat' dir='ltr'><em>ad</em></span> <span class='ocrx_word' id='word_1_19' title='bbox 1662 314 1774 379; x_wconf 50' lang='lat'><em>{2³24}</em></span> 
     </span>
     <span class='ocr_line' id='line_1_3' title="bbox 89 373 1705 438; baseline -0.002 -10"><span class='ocrx_word' id='word_1_20' title='bbox 89 397 278 429; x_wconf 77' lang='lat' dir='ltr'><em>aeternum</em></span> <span class='ocrx_word' id='word_1_21' title='bbox 309 390 380 427; x_wconf 69' lang='lat' dir='ltr'><em>aliz·</em></span> <span class='ocrx_word' id='word_1_22' title='bbox 406 390 582 426; x_wconf 78' lang='lat' dir='ltr'><em>iudicium</em></span> <span class='ocrx_word' id='word_1_23' title='bbox 612 395 831 438; x_wconf 74' lang='lat' dir='ltr'><em>resurgunt.</em></span> <span class='ocrx_word' id='word_1_24' title='bbox 1699 373 1705 380; x_wconf 41' lang='grc' dir='ltr'>Ι</span> 
     </span>
    </p>
   </div>
   <div class='ocr_carea' id='block_1_3' title="bbox 91 454 1845 2973">
    <p class='ocr_par' dir='ltr' id='par_1_3' title="bbox 91 454 1833 1400">
     <span class='ocr_line' id='line_1_4' title="bbox 204 454 1754 510; baseline -0.004 -13"><span class='ocrx_word' id='word_1_25' title='bbox 204 455 286 497; x_wconf 90' lang='lat' dir='ltr'><em>Sile</em></span> <span class='ocrx_word' id='word_1_26' title='bbox 319 456 437 510; x_wconf 85' lang='lat' dir='ltr'><em>igitur</em></span> <span class='ocrx_word' id='word_1_27' title='bbox 460 454 661 510; x_wconf 79' lang='lat' dir='ltr'>Babylon,</span> <span class='ocrx_word' id='word_1_28' title='bbox 704 463 815 495; x_wconf 85' lang='lat' dir='ltr'><em>vetus</em></span> <span class='ocrx_word' id='word_1_29' title='bbox 849 456 911 496; x_wconf 89' lang='lat' dir='ltr'><em>illa</em></span> <span class='ocrx_word' id='word_1_30' title='bbox 946 456 1055 495; x_wconf 90' lang='lat' dir='ltr'><em>nobis</em></span> <span class='ocrx_word' id='word_1_31' title='bbox 1086 456 1296 495; x_wconf 86' lang='lat' dir='ltr'><em>instaurata</em></span> <span class='ocrx_word' id='word_1_32' title='bbox 1326 456 1527 496; x_wconf 87' lang='lat' dir='ltr'><em>cont&#39;usio:</em></span> <span class='ocrx_word' id='word_1_33' title='bbox 1572 463 1627 495; x_wconf 86' lang='lat' dir='ltr'><em>ta-</em></span> <span class='ocrx_word' id='word_1_34' title='bbox 1677 462 1754 503; x_wconf 77' lang='lat' dir='ltr'><em>Cap.</em></span> 
     </span>
     <span class='ocr_line' id='line_1_5' title="bbox 91 508 1764 579; baseline -0.002 -14"><span class='ocrx_word' id='word_1_35' title='bbox 91 532 201 575; x_wconf 86' lang='lat' dir='ltr'><em>cete,</em></span> <span class='ocrx_word' id='word_1_36' title='bbox 235 525 414 579; x_wconf 88' lang='lat' dir='ltr'><em>inquam,</em></span> <span class='ocrx_word' id='word_1_37' title='bbox 449 521 645 574; x_wconf 83' lang='lat' dir='ltr'>Sodoma,</span> <span class='ocrx_word' id='word_1_38' title='bbox 680 523 996 578; x_wconf 79' lang='lat' dir='ltr'><em>liorribiliumque</em></span> <span class='ocrx_word' id='word_1_39' title='bbox 1020 530 1238 564; x_wconf 84' lang='lat' dir='ltr'><em>vestroruin</em></span> <span class='ocrx_word' id='word_1_40' title='bbox 1266 524 1456 564; x_wconf 88' lang='lat' dir='ltr'><em>scelerum</em></span> <span class='ocrx_word' id='word_1_41' title='bbox 1486 524 1631 563; x_wconf 89' lang='lat' dir='ltr'><em>clamor</em></span> <span class='ocrx_word' id='word_1_42' title='bbox 1656 508 1764 538; x_wconf 73' lang='lat' dir='ltr'>LXX·</span> 
     </span>
     <span class='ocr_line' id='line_1_6' title="bbox 91 584 1833 647; baseline -0.002 -14"><span class='ocrx_word' id='word_1_43' title='bbox 91 593 136 633; x_wconf 81' lang='lat' dir='ltr'><em>ad</em></span> <span class='ocrx_word' id='word_1_44' title='bbox 160 593 272 633; x_wconf 84' lang='lat' dir='ltr'><em>deum</em></span> <span class='ocrx_word' id='word_1_45' title='bbox 296 606 416 646; x_wconf 81' lang='lat' dir='ltr'><em>usque</em></span> <span class='ocrx_word' id='word_1_46' title='bbox 441 599 665 646; x_wconf 79' lang='lat' dir='ltr'><em>provectus.</em></span> <span class='ocrx_word' id='word_1_47' title='bbox 717 595 846 632; x_wconf 75' lang='lat' dir='ltr'><em>Veniet</em></span> <span class='ocrx_word' id='word_1_48' title='bbox 866 596 959 631; x_wconf 81' lang='lat' dir='ltr'><em>em&#39;m</em></span> <span class='ocrx_word' id='word_1_49' title='bbox 983 607 1031 630; x_wconf 62' lang='grc' dir='ltr'><em>εχ</em></span> <span class='ocrx_word' id='word_1_50' title='bbox 1053 594 1143 630; x_wconf 73' lang='lat' dir='ltr'><em>Sion</em></span> <span class='ocrx_word' id='word_1_51' title='bbox 1169 593 1349 630; x_wconf 70' lang='lat' dir='ltr'><em>liberator</em></span> <span class='ocrx_word' id='word_1_52' title='bbox 1370 595 1437 643; x_wconf 79' lang='lat' dir='ltr'><em>qm‘</em></span> <span class='ocrx_word' id='word_1_53' title='bbox 1453 593 1499 630; x_wconf 83' lang='lat' dir='ltr'><em>ab</em></span> <span class='ocrx_word' id='word_1_54' title='bbox 1521 593 1630 631; x_wconf 83' lang='lat' dir='ltr'><em>Iacob</em></span> <span class='ocrx_word' id='word_1_55' title='bbox 1648 584 1833 647; x_wconf 57' lang='lat' dir='ltr'><em>1¹(¹‡,r⁵‘‚³³}‘2&#39;</em></span> 
     </span>
     <span class='ocr_line' id='line_1_7' title="bbox 91 649 1799 721; baseline -0.001 -21"><span class='ocrx_word' id='word_1_56' title='bbox 91 664 296 713; x_wconf 81' lang='lat' dir='ltr'><em>impietates</em></span> <span class='ocrx_word' id='word_1_57' title='bbox 321 668 487 708; x_wconf 77' lang='lat' dir='ltr'><em>avertat,</em></span> <span class='ocrx_word' id='word_1_58' title='bbox 523 667 636 714; x_wconf 90' lang='lat' dir='ltr'><em>atque</em></span> <span class='ocrx_word' id='word_1_59' title='bbox 664 660 696 701; x_wconf 90' lang='lat' dir='ltr'><em>is</em></span> <span class='ocrx_word' id='word_1_60' title='bbox 725 662 811 699; x_wconf 78' lang='lat' dir='ltr'><em>tuba</em></span> <span class='ocrx_word' id='word_1_61' title='bbox 839 661 1078 712; x_wconf 72' lang='lat' dir='ltr'><em>personabit,</em></span> <span class='ocrx_word' id='word_1_62' title='bbox 1114 668 1152 699; x_wconf 84' lang='lat' dir='ltr'><em>et</em></span> <span class='ocrx_word' id='word_1_63' title='bbox 1172 668 1374 710; x_wconf 73' lang='lat' dir='ltr'><em>resurgent</em></span> <span class='ocrx_word' id='word_1_64' title='bbox 1402 664 1559 707; x_wconf 72' lang='lat' dir='ltr'><em>mortui,</em></span> <span class='ocrx_word' id='word_1_65' title='bbox 1595 668 1629 698; x_wconf 88' lang='lat' dir='ltr'><em>et</em></span> <span class='ocrx_word' id='word_1_66' title='bbox 1650 649 1799 721; x_wconf 46' lang='lat' dir='ltr'><em>¹4⁷&#39;¹&#39;1¹21‘J²³3·</em></span> 
     </span>
     <span class='ocr_line' id='line_1_8' title="bbox 91 726 1631 782; baseline 0 -14"><span class='ocrx_word' id='word_1_67' title='bbox 91 744 158 769; x_wconf 81' lang='lat' dir='ltr'><em>nos</em></span> <span class='ocrx_word' id='word_1_68' title='bbox 189 732 380 781; x_wconf 74' lang='lat' dir='ltr'><em>rapiemur·</em></span> <span class='ocrx_word' id='word_1_69' title='bbox 405 732 443 767; x_wconf 77' lang='lat' dir='ltr'><em>e&#39;n</em></span> <span class='ocrx_word' id='word_1_70' title='bbox 468 743 662 768; x_wconf 74' lang='lat' dir='ltr'><em>occursum</em></span> <span class='ocrx_word' id='word_1_71' title='bbox 694 731 796 768; x_wconf 69' lang='lat' dir='ltr'><em>illius</em></span> <span class='ocrx_word' id='word_1_72' title='bbox 827 732 863 767; x_wconf 81' lang='grc' dir='ltr'><em>ιή</em></span> <span class='ocrx_word' id='word_1_73' title='bbox 896 734 998 767; x_wconf 71' lang='grc' dir='ltr'><em>αένα.</em></span> <span class='ocrx_word' id='word_1_74' title='bbox 1065 726 1105 767; x_wconf 87' lang='lat' dir='ltr'><em>ld</em></span> <span class='ocrx_word' id='word_1_75' title='bbox 1135 728 1234 781; x_wconf 89' lang='lat' dir='ltr'><em>quod</em></span> <span class='ocrx_word' id='word_1_76' title='bbox 1266 727 1380 781; x_wconf 83' lang='lat' dir='ltr'><em>longe</em></span> <span class='ocrx_word' id='word_1_77' title='bbox 1413 743 1524 781; x_wconf 88' lang='lat' dir='ltr'><em>quam</em></span> <span class='ocrx_word' id='word_1_78' title='bbox 1558 743 1631 782; x_wconf 82' lang='lat' dir='ltr'><em>ego</em></span> 
     </span>
     <span class='ocr_line' id='line_1_9' title="bbox 93 795 1633 852; baseline -0.001 -15"><span class='ocrx_word' id='word_1_79' title='bbox 93 797 329 852; x_wconf 88' lang='lat' dir='ltr'><em>praeclarius</em></span> <span class='ocrx_word' id='word_1_80' title='bbox 363 797 499 837; x_wconf 88' lang='lat' dir='ltr'><em>beatus</em></span> <span class='ocrx_word' id='word_1_81' title='bbox 532 795 755 837; x_wconf 82' lang='lat' dir='ltr'><em>Methodius</em></span> <span class='ocrx_word' id='word_1_82' title='bbox 790 796 1065 851; x_wconf 77' lang='lat' dir='ltr'>pertractavit,</span> <span class='ocrx_word' id='word_1_83' title='bbox 1110 803 1147 836; x_wconf 87' lang='lat' dir='ltr'><em>et</em></span> <span class='ocrx_word' id='word_1_84' title='bbox 1185 811 1254 836; x_wconf 92' lang='lat' dir='ltr'><em>nos</em></span> <span class='ocrx_word' id='word_1_85' title='bbox 1291 796 1338 836; x_wconf 88' lang='lat' dir='ltr'><em>iis</em></span> <span class='ocrx_word' id='word_1_86' title='bbox 1373 810 1472 850; x_wconf 86' lang='lat' dir='ltr'><em>quae</em></span> <span class='ocrx_word' id='word_1_87' title='bbox 1509 796 1554 836; x_wconf 90' lang='lat' dir='ltr'><em>ab</em></span> <span class='ocrx_word' id='word_1_88' title='bbox 1587 811 1633 836; x_wconf 87' lang='lat' dir='ltr'><em>eo</em></span> 
     </span>
     <span class='ocr_line' id='line_1_10' title="bbox 93 863 1634 921; baseline -0.001 -16"><span class='ocrx_word' id='word_1_89' title='bbox 93 865 286 921; x_wconf 83' lang='lat' dir='ltr'><em>disputata</em></span> <span class='ocrx_word' id='word_1_90' title='bbox 311 872 402 905; x_wconf 91' lang='lat' dir='ltr'><em>sunt</em></span> <span class='ocrx_word' id='word_1_91' title='bbox 428 865 528 905; x_wconf 87' lang='lat' dir='ltr'><em>istud</em></span> <span class='ocrx_word' id='word_1_92' title='bbox 553 865 834 906; x_wconf 81' lang='lat' dir='ltr'><strong>adstruximus.</strong></span> <span class='ocrx_word' id='word_1_93' title='bbox 897 863 1110 904; x_wconf 89' lang='lat' dir='ltr'><em>Enimvero</em></span> <span class='ocrx_word' id='word_1_94' title='bbox 1136 878 1187 904; x_wconf 87' lang='lat' dir='ltr'><em>cx</em></span> <span class='ocrx_word' id='word_1_95' title='bbox 1218 865 1276 905; x_wconf 88' lang='lat' dir='ltr'><em>his</em></span> <span class='ocrx_word' id='word_1_96' title='bbox 1306 878 1403 918; x_wconf 88' lang='lat' dir='ltr'><em>quae</em></span> <span class='ocrx_word' id='word_1_97' title='bbox 1429 864 1634 904; x_wconf 84' lang='lat' dir='ltr'><em>coniuncta</em></span> 
     </span>
     <span class='ocr_line' id='line_1_11' title="bbox 93 933 1634 987; baseline -0.001 -13"><span class='ocrx_word' id='word_1_98' title='bbox 93 941 182 974; x_wconf 91' lang='lat' dir='ltr'><em>sunt</em></span> <span class='ocrx_word' id='word_1_99' title='bbox 205 934 509 987; x_wconf 88' lang='lat' dir='ltr'><em>uniuscuiusque</em></span> <span class='ocrx_word' id='word_1_100' title='bbox 531 933 710 973; x_wconf 91' lang='lat' dir='ltr'><em>dictionis</em></span> <span class='ocrx_word' id='word_1_101' title='bbox 732 947 889 973; x_wconf 89' lang='lat' dir='ltr'><em>sensum</em></span> <span class='ocrx_word' id='word_1_102' title='bbox 913 933 1003 973; x_wconf 89' lang='lat' dir='ltr'><em>licet</em></span> <span class='ocrx_word' id='word_1_103' title='bbox 1029 933 1260 986; x_wconf 84' lang='lat' dir='ltr'><em>intelligere.</em></span> <span class='ocrx_word' id='word_1_104' title='bbox 1326 933 1454 986; x_wconf 85' lang='lat' dir='ltr'><em>Atque</em></span> <span class='ocrx_word' id='word_1_105' title='bbox 1479 939 1634 987; x_wconf 87' lang='lat' dir='ltr'><em>aposto-</em></span> 
     </span>
     <span class='ocr_line' id='line_1_12' title="bbox 93 999 1634 1057; baseline -0.002 -15"><span class='ocrx_word' id='word_1_106' title='bbox 93 1003 152 1043; x_wconf 89' lang='lat' dir='ltr'><em>lus</em></span> <span class='ocrx_word' id='word_1_107' title='bbox 177 1001 337 1057; x_wconf 91' lang='lat' dir='ltr'><em>duplicis</em></span> <span class='ocrx_word' id='word_1_108' title='bbox 363 1002 463 1042; x_wconf 92' lang='lat' dir='ltr'><em>modi</em></span> <span class='ocrx_word' id='word_1_109' title='bbox 487 1001 657 1056; x_wconf 89' lang='lat' dir='ltr'><em>speciem</em></span> <span class='ocrx_word' id='word_1_110' title='bbox 691 1002 933 1056; x_wconf 86' lang='lat' dir='ltr'><em>distinguens</em></span> <span class='ocrx_word' id='word_1_111' title='bbox 957 1001 993 1041; x_wconf 90' lang='lat' dir='ltr'><em>in</em></span> <span class='ocrx_word' id='word_1_112' title='bbox 1026 1016 1138 1041; x_wconf 90' lang='lat' dir='ltr'><em>uuam</em></span> <span class='ocrx_word' id='word_1_113' title='bbox 1166 1015 1271 1056; x_wconf 88' lang='lat' dir='ltr'><em>spem</em></span> <span class='ocrx_word' id='word_1_114' title='bbox 1299 1001 1482 1051; x_wconf 87' lang='lat' dir='ltr'><em>contulit,</em></span> <span class='ocrx_word' id='word_1_115' title='bbox 1516 1001 1562 1041; x_wconf 85' lang='lat' dir='ltr'><em>ab</em></span> <span class='ocrx_word' id='word_1_116' title='bbox 1587 999 1634 1040; x_wconf 93' lang='lat' dir='ltr'><em>iis</em></span> 
     </span>
     <span class='ocr_line' id='line_1_13' title="bbox 94 1069 1634 1124; baseline -0.003 -12"><span class='ocrx_word' id='word_1_117' title='bbox 94 1071 246 1112; x_wconf 85' lang='lat' dir='ltr'><em>verbis:</em></span> <span class='ocrx_word' id='word_1_118' title='bbox 289 1073 370 1110; x_wconf 82' lang='lat' dir='ltr'><em>Nos</em></span> <span class='ocrx_word' id='word_1_119' title='bbox 398 1074 590 1122; x_wconf 76' lang='lat' dir='ltr'><em>rapiemur·</em></span> <span class='ocrx_word' id='word_1_120' title='bbox 619 1074 657 1110; x_wconf 74' lang='lat'><em>2⁴12</em></span> <span class='ocrx_word' id='word_1_121' title='bbox 683 1071 842 1110; x_wconf 74' lang='lat' dir='ltr'><em>nubibus</em></span> <span class='ocrx_word' id='word_1_122' title='bbox 874 1074 910 1109; x_wconf 73' lang='lat' dir='ltr'><em>ln</em></span> <span class='ocrx_word' id='word_1_123' title='bbox 939 1085 1133 1109; x_wconf 74' lang='lat' dir='ltr'><em>occursum</em></span> <span class='ocrx_word' id='word_1_124' title='bbox 1165 1072 1290 1118; x_wconf 70' lang='lat' dir='ltr'><em>illias,</em></span> <span class='ocrx_word' id='word_1_125' title='bbox 1335 1076 1374 1110; x_wconf 87' lang='lat' dir='ltr'><em>ut</em></span> <span class='ocrx_word' id='word_1_126' title='bbox 1407 1069 1479 1109; x_wconf 79' lang='lat' dir='ltr'><em>hoc</em></span> <span class='ocrx_word' id='word_1_127' title='bbox 1510 1069 1634 1124; x_wconf 88' lang='lat' dir='ltr'><em>ipsum</em></span> 
     </span>
     <span class='ocr_line' id='line_1_14' title="bbox 95 1136 1633 1194; baseline -0.002 -14"><span class='ocrx_word' id='word_1_128' title='bbox 95 1154 234 1193; x_wconf 89' lang='lat' dir='ltr'><em>corpus</em></span> <span class='ocrx_word' id='word_1_129' title='bbox 261 1153 355 1180; x_wconf 92' lang='lat' dir='ltr'><em>vere</em></span> <span class='ocrx_word' id='word_1_130' title='bbox 385 1152 497 1189; x_wconf 86' lang='lat' dir='ltr'><em>esse,</em></span> <span class='ocrx_word' id='word_1_131' title='bbox 534 1153 608 1179; x_wconf 90' lang='lat' dir='ltr'><em>non</em></span> <span class='ocrx_word' id='word_1_132' title='bbox 644 1146 800 1193; x_wconf 84' lang='lat' dir='ltr'><em>praeter</em></span> <span class='ocrx_word' id='word_1_133' title='bbox 826 1139 947 1194; x_wconf 91' lang='lat' dir='ltr'><em>ipsum</em></span> <span class='ocrx_word' id='word_1_134' title='bbox 977 1138 1100 1189; x_wconf 84' lang='lat' dir='ltr'><em>aliud,</em></span> <span class='ocrx_word' id='word_1_135' title='bbox 1136 1139 1375 1179; x_wconf 75' lang='lat' dir='ltr'><em>ostenderet.</em></span> <span class='ocrx_word' id='word_1_136' title='bbox 1436 1136 1539 1178; x_wconf 85' lang='lat' dir='ltr'><em>Nam</em></span> <span class='ocrx_word' id='word_1_137' title='bbox 1572 1137 1633 1191; x_wconf 85' lang='lat' dir='ltr'><em>qui</em></span> 
     </span>
     <span class='ocr_line' id='line_1_15' title="bbox 95 1205 1635 1264; baseline -0.002 -16"><span class='ocrx_word' id='word_1_138' title='bbox 95 1209 265 1264; x_wconf 86' lang='lat' dir='ltr'><em>rapitur,</em></span> <span class='ocrx_word' id='word_1_139' title='bbox 299 1208 468 1248; x_wconf 91' lang='lat' dir='ltr'><em>nondum</em></span> <span class='ocrx_word' id='word_1_140' title='bbox 490 1215 550 1247; x_wconf 87' lang='lat' dir='ltr'><em>est</em></span> <span class='ocrx_word' id='word_1_141' title='bbox 575 1214 765 1247; x_wconf 89' lang='lat' dir='ltr'><em>mortuus.</em></span> <span class='ocrx_word' id='word_1_142' title='bbox 828 1205 907 1248; x_wconf 86' lang='lat' dir='ltr'><em>Sed</em></span> <span class='ocrx_word' id='word_1_143' title='bbox 935 1215 973 1247; x_wconf 90' lang='lat' dir='ltr'><em>et</em></span> <span class='ocrx_word' id='word_1_144' title='bbox 994 1207 1082 1247; x_wconf 92' lang='lat' dir='ltr'><em>illud</em></span> <span class='ocrx_word' id='word_1_145' title='bbox 1107 1207 1361 1256; x_wconf 89' lang='lat' dir='ltr'><em>demonstrat,</em></span> <span class='ocrx_word' id='word_1_146' title='bbox 1395 1214 1635 1246; x_wconf 87' lang='lat' dir='ltr'><em>mortuorum</em></span> 
     </span>
     <span class='ocr_line' id='line_1_16' title="bbox 97 1273 1636 1330; baseline -0.001 -14"><span class='ocrx_word' id='word_1_147' title='bbox 97 1291 167 1317; x_wconf 91' lang='lat' dir='ltr'><em>uos</em></span> <span class='ocrx_word' id='word_1_148' title='bbox 191 1276 517 1317; x_wconf 78' lang='lat' dir='ltr'><em>resurrectionem</em></span> <span class='ocrx_word' id='word_1_149' title='bbox 551 1276 707 1316; x_wconf 91' lang='lat' dir='ltr'><em>minime</em></span> <span class='ocrx_word' id='word_1_150' title='bbox 737 1283 1017 1316; x_wconf 86' lang='lat' dir='ltr'><em>anteversnros</em></span> <span class='ocrx_word' id='word_1_151' title='bbox 1049 1289 1159 1326; x_wconf 89' lang='lat' dir='ltr'><em>esse,</em></span> <span class='ocrx_word' id='word_1_152' title='bbox 1193 1282 1233 1316; x_wconf 88' lang='lat' dir='ltr'><em>ut</em></span> <span class='ocrx_word' id='word_1_153' title='bbox 1257 1275 1355 1330; x_wconf 90' lang='lat' dir='ltr'><em>quod</em></span> <span class='ocrx_word' id='word_1_154' title='bbox 1382 1274 1558 1329; x_wconf 85' lang='lat' dir='ltr'><em>expediri</em></span> <span class='ocrx_word' id='word_1_155' title='bbox 1590 1273 1636 1314; x_wconf 88' lang='lat' dir='ltr'><em>ab</em></span> 
     </span>
     <span class='ocr_line' id='line_1_17' title="bbox 97 1343 1634 1400; baseline -0.002 -15"><span class='ocrx_word' id='word_1_156' title='bbox 97 1345 315 1386; x_wconf 84' lang='lat' dir='ltr'><em>hominibus</em></span> <span class='ocrx_word' id='word_1_157' title='bbox 340 1360 414 1385; x_wconf 90' lang='lat' dir='ltr'><em>non</em></span> <span class='ocrx_word' id='word_1_158' title='bbox 439 1352 581 1400; x_wconf 82' lang='lat' dir='ltr'><em>potest,</em></span> <span class='ocrx_word' id='word_1_159' title='bbox 616 1359 637 1385; x_wconf 92' lang='lat' dir='ltr'><em>a</em></span> <span class='ocrx_word' id='word_1_160' title='bbox 661 1345 733 1385; x_wconf 91' lang='lat' dir='ltr'><em>deo</em></span> <span class='ocrx_word' id='word_1_161' title='bbox 753 1345 940 1399; x_wconf 77' lang='lat' dir='ltr'><em>explicari</em></span> <span class='ocrx_word' id='word_1_162' title='bbox 964 1344 1075 1385; x_wconf 87' lang='lat' dir='ltr'><em>facile</em></span> <span class='ocrx_word' id='word_1_163' title='bbox 1099 1359 1143 1384; x_wconf 87' lang='lat' dir='ltr'><em>ac</em></span> <span class='ocrx_word' id='word_1_164' title='bbox 1167 1345 1248 1385; x_wconf 82' lang='lat' dir='ltr'><em>lieri</em></span> <span class='ocrx_word' id='word_1_165' title='bbox 1271 1358 1385 1399; x_wconf 86' lang='lat' dir='ltr'><em>posse</em></span> <span class='ocrx_word' id='word_1_166' title='bbox 1405 1343 1634 1383; x_wconf 81' lang='lat' dir='ltr'><em>declararet.</em></span> 
     </span>
    </p>

    <p class='ocr_par' dir='ltr' id='par_1_4' title="bbox 99 1413 1637 1537">
     <span class='ocr_line' id='line_1_18' title="bbox 99 1413 1635 1468; baseline -0.001 -15"><span class='ocrx_word' id='word_1_167' title='bbox 99 1416 180 1453; x_wconf 76' lang='lat' dir='ltr'><em>Nos</em></span> <span class='ocrx_word' id='word_1_168' title='bbox 205 1417 321 1461; x_wconf 81' lang='lat' dir='ltr'><em>enim,</em></span> <span class='ocrx_word' id='word_1_169' title='bbox 357 1413 501 1468; x_wconf 85' lang='lat' dir='ltr'><em>inquit,</em></span> <span class='ocrx_word' id='word_1_170' title='bbox 535 1417 602 1466; x_wconf 74' lang='lat' dir='ltr'><em>qui</em></span> <span class='ocrx_word' id='word_1_171' title='bbox 624 1417 798 1460; x_wconf 61' lang='lat' dir='ltr'><em>vivimus,</em></span> <span class='ocrx_word' id='word_1_172' title='bbox 834 1428 906 1452; x_wconf 79' lang='lat' dir='ltr'><em>uon</em></span> <span class='ocrx_word' id='word_1_173' title='bbox 932 1417 1212 1465; x_wconf 72' lang='lat' dir='ltr'><em>praeveniemus</em></span> <span class='ocrx_word' id='word_1_174' title='bbox 1244 1428 1305 1452; x_wconf 82' lang='lat' dir='ltr'><em>eos</em></span> <span class='ocrx_word' id='word_1_175' title='bbox 1334 1416 1402 1465; x_wconf 68' lang='lat' dir='ltr'><em>qui</em></span> <span class='ocrx_word' id='word_1_176' title='bbox 1426 1415 1635 1460; x_wconf 73' lang='lat' dir='ltr'><em>dormiunt5</em></span> 
     </span>
     <span class='ocr_line' id='line_1_19' title="bbox 100 1480 1637 1537; baseline -0.002 -15"><span class='ocrx_word' id='word_1_177' title='bbox 100 1497 259 1537; x_wconf 85' lang='lat' dir='ltr'><em>quorum</em></span> <span class='ocrx_word' id='word_1_178' title='bbox 291 1482 618 1522; x_wconf 82' lang='lat' dir='ltr'><em>resurrectionem</em></span> <span class='ocrx_word' id='word_1_179' title='bbox 643 1482 800 1521; x_wconf 91' lang='lat' dir='ltr'><em>indicat.</em></span> <span class='ocrx_word' id='word_1_180' title='bbox 863 1480 915 1521; x_wconf 80' lang='lat' dir='ltr'><em>Et</em></span> <span class='ocrx_word' id='word_1_181' title='bbox 947 1483 1015 1522; x_wconf 86' lang='lat' dir='ltr'><em>has</em></span> <span class='ocrx_word' id='word_1_182' title='bbox 1042 1495 1183 1531; x_wconf 81' lang='lat' dir='ltr'><em>voces,</em></span> <span class='ocrx_word' id='word_1_183' title='bbox 1217 1484 1412 1520; x_wconf 72' lang='lat' dir='ltr'><em>viventium</em></span> <span class='ocrx_word' id='word_1_184' title='bbox 1441 1495 1485 1520; x_wconf 88' lang='lat' dir='ltr'><em>ac</em></span> <span class='ocrx_word' id='word_1_185' title='bbox 1513 1488 1637 1532; x_wconf 81' lang='lat' dir='ltr'><em>rapto-</em></span> 
     </span>
    </p>

    <p class='ocr_par' dir='ltr' id='par_1_5' title="bbox 99 1549 1637 1605">
     <span class='ocr_line' id='line_1_20' title="bbox 99 1549 1637 1605; baseline -0.001 -15"><span class='ocrx_word' id='word_1_186' title='bbox 99 1566 204 1599; x_wconf 76' lang='lat' dir='ltr'><em>rum,</em></span> <span class='ocrx_word' id='word_1_187' title='bbox 241 1551 406 1600; x_wconf 81' lang='lat' dir='ltr'><em>addidit,</em></span> <span class='ocrx_word' id='word_1_188' title='bbox 451 1557 490 1590; x_wconf 89' lang='lat' dir='ltr'><em>ut</em></span> <span class='ocrx_word' id='word_1_189' title='bbox 515 1549 633 1605; x_wconf 86' lang='lat' dir='ltr'><em>priori</em></span> <span class='ocrx_word' id='word_1_190' title='bbox 661 1563 822 1604; x_wconf 88' lang='lat' dir='ltr'><em>corpora</em></span> <span class='ocrx_word' id='word_1_191' title='bbox 852 1549 1002 1589; x_wconf 87' lang='lat' dir='ltr'><em>illorum</em></span> <span class='ocrx_word' id='word_1_192' title='bbox 1035 1550 1194 1590; x_wconf 85' lang='lat' dir='ltr'><em>doceret</em></span> <span class='ocrx_word' id='word_1_193' title='bbox 1225 1550 1378 1602; x_wconf 79' lang='lat' dir='ltr'><em>integra</em></span> <span class='ocrx_word' id='word_1_194' title='bbox 1412 1562 1637 1603; x_wconf 83' lang='lat' dir='ltr'><em>resurgere,</em></span> 
     </span>
    </p>

    <p class='ocr_par' dir='ltr' id='par_1_6' title="bbox 101 1617 1636 1674">
     <span class='ocr_line' id='line_1_21' title="bbox 101 1617 1636 1674; baseline -0.002 -14"><span class='ocrx_word' id='word_1_195' title='bbox 101 1627 215 1674; x_wconf 86' lang='lat' dir='ltr'><em>atque</em></span> <span class='ocrx_word' id='word_1_196' title='bbox 239 1633 289 1659; x_wconf 78' lang='lat' dir='ltr'><em>ex</em></span> <span class='ocrx_word' id='word_1_197' title='bbox 313 1632 359 1658; x_wconf 92' lang='lat' dir='ltr'><em>eo</em></span> <span class='ocrx_word' id='word_1_198' title='bbox 385 1619 483 1673; x_wconf 91' lang='lat' dir='ltr'><em>quod</em></span> <span class='ocrx_word' id='word_1_199' title='bbox 509 1619 685 1658; x_wconf 81' lang='lat' dir='ltr'><em>viventes</em></span> <span class='ocrx_word' id='word_1_200' title='bbox 708 1618 878 1672; x_wconf 89' lang='lat' dir='ltr'><em>reliquos</em></span> <span class='ocrx_word' id='word_1_201' title='bbox 902 1618 1097 1658; x_wconf 81' lang='lat' dir='ltr'><em>anteirent</em></span> <span class='ocrx_word' id='word_1_202' title='bbox 1119 1619 1178 1658; x_wconf 88' lang='lat' dir='ltr'><em>dei</em></span> <span class='ocrx_word' id='word_1_203' title='bbox 1201 1618 1412 1672; x_wconf 85' lang='lat' dir='ltr'><em>potentiam</em></span> <span class='ocrx_word' id='word_1_204' title='bbox 1432 1617 1636 1657; x_wconf 86' lang='lat' dir='ltr'><em>indicaret.</em></span> 
     </span>
    </p>

    <p class='ocr_par' dir='ltr' id='par_1_7' title="bbox 101 1686 1810 2223">
     <span class='ocr_line' id='line_1_22' title="bbox 103 1686 1640 1741; baseline -0.001 -13"><span class='ocrx_word' id='word_1_205' title='bbox 103 1687 242 1728; x_wconf 89' lang='lat' dir='ltr'><em>Videte</em></span> <span class='ocrx_word' id='word_1_206' title='bbox 276 1701 420 1741; x_wconf 88' lang='lat' dir='ltr'><em>quaeso</em></span> <span class='ocrx_word' id='word_1_207' title='bbox 449 1694 636 1740; x_wconf 88' lang='lat' dir='ltr'><em>quotquot</em></span> <span class='ocrx_word' id='word_1_208' title='bbox 661 1686 763 1726; x_wconf 84' lang='lat' dir='ltr'><em>vitae</em></span> <span class='ocrx_word' id='word_1_209' title='bbox 793 1693 948 1727; x_wconf 78' lang='lat' dir='ltr'><em>vesu-ae</em></span> <span class='ocrx_word' id='word_1_210' title='bbox 975 1701 1105 1727; x_wconf 89' lang='lat' dir='ltr'><em>curam</em></span> <span class='ocrx_word' id='word_1_211' title='bbox 1138 1686 1296 1741; x_wconf 84' lang='lat' dir='ltr'><em>geritis,</em></span> <span class='ocrx_word' id='word_1_212' title='bbox 1332 1700 1466 1726; x_wconf 90' lang='lat' dir='ltr'><em>omnes</em></span> <span class='ocrx_word' id='word_1_213' title='bbox 1499 1686 1560 1740; x_wconf 93' lang='lat' dir='ltr'><em>qui</em></span> <span class='ocrx_word' id='word_1_214' title='bbox 1593 1686 1640 1726; x_wconf 90' lang='lat' dir='ltr'><em>ad</em></span> 
     </span>
     <span class='ocr_line' id='line_1_23' title="bbox 102 1754 1641 1811; baseline -0.001 -15"><span class='ocrx_word' id='word_1_215' title='bbox 102 1756 395 1811; x_wconf 85' lang='lat' dir='ltr'><em>oppugnandam</em></span> <span class='ocrx_word' id='word_1_216' title='bbox 422 1755 625 1795; x_wconf 82' lang='lat' dir='ltr'><em>veritatem</em></span> <span class='ocrx_word' id='word_1_217' title='bbox 653 1755 956 1795; x_wconf 82' lang='lat' dir='ltr'><em>insurrexerunt</em></span> <span class='ocrx_word' id='word_1_218' title='bbox 976 1754 1048 1795; x_wconf 86' lang='lat' dir='ltr'><em>sibi</em></span> <span class='ocrx_word' id='word_1_219' title='bbox 1075 1755 1168 1810; x_wconf 91' lang='lat' dir='ltr'><em>ipsis</em></span> <span class='ocrx_word' id='word_1_220' title='bbox 1194 1755 1404 1795; x_wconf 87' lang='lat' dir='ltr'><em>iniustitiae</em></span> <span class='ocrx_word' id='word_1_221' title='bbox 1425 1754 1549 1795; x_wconf 88' lang='lat' dir='ltr'><em>labem</em></span> <span class='ocrx_word' id='word_1_222' title='bbox 1578 1768 1641 1794; x_wconf 83' lang='lat' dir='ltr'><em>ac-</em></span> 
     </span>
     <span class='ocr_line' id='line_1_24' title="bbox 102 1822 1810 1880; baseline -0.004 -16"><span class='ocrx_word' id='word_1_223' title='bbox 102 1824 326 1880; x_wconf 87' lang='lat' dir='ltr'><em>quisivisse.</em></span> <span class='ocrx_word' id='word_1_224' title='bbox 389 1822 503 1877; x_wconf 84' lang='lat' dir='ltr'><em>Quod</em></span> <span class='ocrx_word' id='word_1_225' title='bbox 526 1824 573 1864; x_wconf 89' lang='lat' dir='ltr'><em>iis</em></span> <span class='ocrx_word' id='word_1_226' title='bbox 599 1823 730 1864; x_wconf 78' lang='lat' dir='ltr'><em>verbis</em></span> <span class='ocrx_word' id='word_1_227' title='bbox 755 1822 879 1864; x_wconf 84' lang='lat' dir='ltr'><em>David</em></span> <span class='ocrx_word' id='word_1_228' title='bbox 903 1824 1088 1879; x_wconf 85' lang='lat' dir='ltr'><em>propheta</em></span> <span class='ocrx_word' id='word_1_229' title='bbox 1113 1831 1299 1864; x_wconf 83' lang='lat' dir='ltr'><em>testatur:</em></span> <span class='ocrx_word' id='word_1_230' title='bbox 1336 1826 1511 1875; x_wconf 80' lang='lat' dir='ltr'><em>Concepit</em></span> <span class='ocrx_word' id='word_1_231' title='bbox 1541 1823 1642 1862; x_wconf 81' lang='lat' dir='ltr'><em>labo·</em></span> <span class='ocrx_word' id='word_1_232' title='bbox 1660 1833 1748 1866; x_wconf 63' lang='lat' dir='ltr'><em>rm,</em></span> <span class='ocrx_word' id='word_1_233' title='bbox 1769 1834 1810 1862; x_wconf 67' lang='lat'><em>14.</em></span> 
     </span>
     <span class='ocr_line' id='line_1_25' title="bbox 101 1890 1641 1947; baseline 0 -15"><span class='ocrx_word' id='word_1_234' title='bbox 101 1908 200 1941; x_wconf 77' lang='lat' dir='ltr'><em>rem,</em></span> <span class='ocrx_word' id='word_1_235' title='bbox 235 1901 270 1932; x_wconf 90' lang='lat' dir='ltr'><em>et</em></span> <span class='ocrx_word' id='word_1_236' title='bbox 287 1896 435 1945; x_wconf 73' lang='lat' dir='ltr'><em>peperit</em></span> <span class='ocrx_word' id='word_1_237' title='bbox 456 1895 701 1945; x_wconf 60' lang='lat' dir='ltr'><em>zbez&#39;quc‘tatem.</em></span> <span class='ocrx_word' id='word_1_238' title='bbox 765 1890 867 1933; x_wconf 79' lang='lat' dir='ltr'><em>Nam</em></span> <span class='ocrx_word' id='word_1_239' title='bbox 890 1892 953 1947; x_wconf 86' lang='lat' dir='ltr'><em>qui</em></span> <span class='ocrx_word' id='word_1_240' title='bbox 977 1892 1189 1933; x_wconf 86' lang='lat' dir='ltr'><em>alienarum</em></span> <span class='ocrx_word' id='word_1_241' title='bbox 1212 1892 1545 1947; x_wconf 86' lang='lat' dir='ltr'><em>absurdarumque</em></span> <span class='ocrx_word' id='word_1_242' title='bbox 1577 1907 1641 1932; x_wconf 89' lang='lat' dir='ltr'><em>co-</em></span> 
     </span>
     <span class='ocr_line' id='line_1_26' title="bbox 103 1959 1642 2016; baseline -0.001 -14"><span class='ocrx_word' id='word_1_243' title='bbox 103 1961 329 2016; x_wconf 86' lang='lat' dir='ltr'><em>gitationem</em></span> <span class='ocrx_word' id='word_1_244' title='bbox 363 1960 536 2001; x_wconf 89' lang='lat' dir='ltr'><em>laborum</em></span> <span class='ocrx_word' id='word_1_245' title='bbox 564 1959 636 2000; x_wconf 87' lang='lat' dir='ltr'><em>sibi</em></span> <span class='ocrx_word' id='word_1_246' title='bbox 672 1960 842 2015; x_wconf 82' lang='lat' dir='ltr'><em>colligit,</em></span> <span class='ocrx_word' id='word_1_247' title='bbox 884 1968 960 2001; x_wconf 85' lang='lat' dir='ltr'><em>tam</em></span> <span class='ocrx_word' id='word_1_248' title='bbox 993 1960 1064 2001; x_wconf 92' lang='lat' dir='ltr'><em>sibi</em></span> <span class='ocrx_word' id='word_1_249' title='bbox 1093 1975 1203 2015; x_wconf 88' lang='lat' dir='ltr'><em>quam</em></span> <span class='ocrx_word' id='word_1_250' title='bbox 1237 1960 1374 2015; x_wconf 88' lang='lat' dir='ltr'><em>quibus</em></span> <span class='ocrx_word' id='word_1_251' title='bbox 1406 1961 1642 2016; x_wconf 87' lang='lat' dir='ltr'><em>persuadere</em></span> 
     </span>
     <span class='ocr_line' id='line_1_27' title="bbox 102 2029 1810 2086; baseline -0.002 -16"><span class='ocrx_word' id='word_1_252' title='bbox 102 2029 294 2086; x_wconf 89' lang='lat' dir='ltr'><em>potuerit,</em></span> <span class='ocrx_word' id='word_1_253' title='bbox 327 2029 552 2070; x_wconf 84' lang='lat' dir='ltr'><em>iniustitiam</em></span> <span class='ocrx_word' id='word_1_254' title='bbox 582 2029 695 2083; x_wconf 87' lang='lat' dir='ltr'><em>parit.</em></span> <span class='ocrx_word' id='word_1_255' title='bbox 758 2033 897 2069; x_wconf 71' lang='lat' dir='ltr'><em>Lacum</em></span> <span class='ocrx_word' id='word_1_256' title='bbox 925 2033 1091 2082; x_wconf 72' lang='lat' dir='ltr'><em>aperuit,</em></span> <span class='ocrx_word' id='word_1_257' title='bbox 1126 2038 1162 2069; x_wconf 92' lang='lat' dir='ltr'><em>et</em></span> <span class='ocrx_word' id='word_1_258' title='bbox 1190 2032 1326 2085; x_wconf 70' lang='lat' dir='ltr'><em>effodit</em></span> <span class='ocrx_word' id='word_1_259' title='bbox 1358 2032 1484 2078; x_wconf 77' lang='lat' dir='ltr'><em>illum,</em></span> <span class='ocrx_word' id='word_1_260' title='bbox 1519 2038 1555 2068; x_wconf 91' lang='lat' dir='ltr'><em>et</em></span> <span class='ocrx_word' id='word_1_261' title='bbox 1584 2032 1641 2068; x_wconf 80' lang='lat' dir='ltr'><em>in·</em></span> <span class='ocrx_word' id='word_1_262' title='bbox 1655 2040 1703 2068; x_wconf 83' lang='lat' dir='ltr'><em>Ps.</em></span> <span class='ocrx_word' id='word_1_263' title='bbox 1722 2041 1749 2074; x_wconf 74' lang='grc'><em>7,</em></span> <span class='ocrx_word' id='word_1_264' title='bbox 1770 2040 1810 2069; x_wconf 84' lang='lat'><em>15.</em></span> 
     </span>
     <span class='ocr_line' id='line_1_28' title="bbox 104 2098 1642 2153; baseline -0.001 -15"><span class='ocrx_word' id='word_1_265' title='bbox 104 2101 202 2138; x_wconf 78' lang='lat' dir='ltr'><em>ee&#39;det</em></span> <span class='ocrx_word' id='word_1_266' title='bbox 231 2102 269 2138; x_wconf 77' lang='lat' dir='ltr'><em>in</em></span> <span class='ocrx_word' id='word_1_267' title='bbox 295 2099 447 2151; x_wconf 78' lang='lat' dir='ltr'><em>foveam</em></span> <span class='ocrx_word' id='word_1_268' title='bbox 475 2112 584 2150; x_wconf 78' lang='lat' dir='ltr'><em>quam</em></span> <span class='ocrx_word' id='word_1_269' title='bbox 607 2099 720 2151; x_wconf 79' lang='lat' dir='ltr'><em>sect&#39;t.</em></span> <span class='ocrx_word' id='word_1_270' title='bbox 785 2099 845 2139; x_wconf 80' lang='lat' dir='ltr'><em>Ac</em></span> <span class='ocrx_word' id='word_1_271' title='bbox 881 2098 912 2138; x_wconf 93' lang='lat' dir='ltr'><em>si</em></span> <span class='ocrx_word' id='word_1_272' title='bbox 951 2099 1036 2153; x_wconf 89' lang='lat' dir='ltr'><em>quis</em></span> <span class='ocrx_word' id='word_1_273' title='bbox 1073 2098 1130 2139; x_wconf 88' lang='lat' dir='ltr'><em>his</em></span> <span class='ocrx_word' id='word_1_274' title='bbox 1165 2098 1342 2139; x_wconf 90' lang='lat' dir='ltr'><em>omnibus</em></span> <span class='ocrx_word' id='word_1_275' title='bbox 1374 2098 1642 2139; x_wconf 87' lang='lat' dir='ltr'><em>contradicere</em></span> 
     </span>
     <span class='ocr_line' id='line_1_29' title="bbox 105 2165 1638 2223; baseline -0.001 -16"><span class='ocrx_word' id='word_1_276' title='bbox 105 2175 255 2223; x_wconf 87' lang='lat' dir='ltr'><em>potest,</em></span> <span class='ocrx_word' id='word_1_277' title='bbox 290 2169 452 2222; x_wconf 87' lang='lat' dir='ltr'><em>prodeat</em></span> <span class='ocrx_word' id='word_1_278' title='bbox 473 2166 510 2206; x_wconf 94' lang='lat' dir='ltr'><em>in</em></span> <span class='ocrx_word' id='word_1_279' title='bbox 538 2165 727 2217; x_wconf 88' lang='lat' dir='ltr'><em>medium,</em></span> <span class='ocrx_word' id='word_1_280' title='bbox 762 2180 805 2207; x_wconf 89' lang='lat' dir='ltr'><em>ac</em></span> <span class='ocrx_word' id='word_1_281' title='bbox 830 2167 926 2218; x_wconf 88' lang='lat' dir='ltr'><em>deo,</em></span> <span class='ocrx_word' id='word_1_282' title='bbox 960 2167 991 2207; x_wconf 93' lang='lat' dir='ltr'><em>si</em></span> <span class='ocrx_word' id='word_1_283' title='bbox 1015 2175 1166 2222; x_wconf 88' lang='lat' dir='ltr'><em>potest,</em></span> <span class='ocrx_word' id='word_1_284' title='bbox 1201 2167 1333 2208; x_wconf 88' lang='lat' dir='ltr'><em>labore</em></span> <span class='ocrx_word' id='word_1_285' title='bbox 1365 2181 1435 2207; x_wconf 91' lang='lat' dir='ltr'><em>suo</em></span> <span class='ocrx_word' id='word_1_286' title='bbox 1467 2166 1638 2207; x_wconf 84' lang='lat' dir='ltr'><em>resistat.</em></span> 
     </span>
    </p>

    <p class='ocr_par' dir='ltr' id='par_1_8' title="bbox 101 2236 1845 2358">
     <span class='ocr_line' id='line_1_30' title="bbox 106 2236 1845 2289; baseline -0.002 -14"><span class='ocrx_word' id='word_1_287' title='bbox 106 2239 206 2275; x_wconf 83' lang='lat' dir='ltr'><em>Deus</em></span> <span class='ocrx_word' id='word_1_288' title='bbox 233 2239 327 2275; x_wconf 83' lang='lat' dir='ltr'><em>em&#39;m</em></span> <span class='ocrx_word' id='word_1_289' title='bbox 357 2237 493 2289; x_wconf 76' lang='lat' dir='ltr'><em>fortis,</em></span> <span class='ocrx_word' id='word_1_290' title='bbox 529 2250 601 2274; x_wconf 80' lang='lat' dir='ltr'><em>non</em></span> <span class='ocrx_word' id='word_1_291' title='bbox 624 2236 830 2282; x_wconf 74' lang='lat' dir='ltr'><em>laborabit,</em></span> <span class='ocrx_word' id='word_1_292' title='bbox 864 2251 981 2288; x_wconf 81' lang='lat' dir='ltr'><em>neque</em></span> <span class='ocrx_word' id='word_1_293' title='bbox 1012 2239 1134 2284; x_wconf 69' lang='lat' dir='ltr'><em>sitiet,</em></span> <span class='ocrx_word' id='word_1_294' title='bbox 1179 2251 1294 2289; x_wconf 77' lang='lat' dir='ltr'><em>neque</em></span> <span class='ocrx_word' id='word_1_295' title='bbox 1327 2244 1383 2275; x_wconf 88' lang='lat' dir='ltr'><em>est</em></span> <span class='ocrx_word' id='word_1_296' title='bbox 1407 2238 1642 2286; x_wconf 72' lang='lat' dir='ltr'><em>investigatio</em></span> <span class='ocrx_word' id='word_1_297' title='bbox 1657 2245 1725 2273; x_wconf 78' lang='lat' dir='ltr'><em>lsai.</em></span> <span class='ocrx_word' id='word_1_298' title='bbox 1742 2246 1785 2282; x_wconf 74' lang='lat'><em>40,</em></span> <span class='ocrx_word' id='word_1_299' title='bbox 1804 2244 1845 2273; x_wconf 77' lang='lat'><em>28.</em></span> 
     </span>
     <span class='ocr_line' id='line_1_31' title="bbox 101 2301 1642 2358; baseline -0.001 -14"><span class='ocrx_word' id='word_1_300' title='bbox 101 2307 324 2357; x_wconf 74' lang='lat' dir='ltr'><em>prudentiae</em></span> <span class='ocrx_word' id='word_1_301' title='bbox 349 2307 479 2356; x_wconf 79' lang='lat' dir='ltr'><em>zpse‘us.</em></span> <span class='ocrx_word' id='word_1_302' title='bbox 545 2301 633 2357; x_wconf 82' lang='lat' dir='ltr'><em>Qua</em></span> <span class='ocrx_word' id='word_1_303' title='bbox 663 2304 783 2344; x_wconf 77' lang='lat' dir='ltr'><em>fretus</em></span> <span class='ocrx_word' id='word_1_304' title='bbox 815 2304 1002 2345; x_wconf 86' lang='lat' dir='ltr'><em>dissoluta</em></span> <span class='ocrx_word' id='word_1_305' title='bbox 1028 2318 1192 2358; x_wconf 87' lang='lat' dir='ltr'><em>corpora</em></span> <span class='ocrx_word' id='word_1_306' title='bbox 1225 2305 1392 2354; x_wconf 51' lang='lat' dir='ltr'><em>excitat,</em></span> <span class='ocrx_word' id='word_1_307' title='bbox 1426 2304 1524 2358; x_wconf 87' lang='lat' dir='ltr'><em>quod</em></span> <span class='ocrx_word' id='word_1_308' title='bbox 1557 2317 1642 2357; x_wconf 88' lang='lat' dir='ltr'><em>per-</em></span> 
     </span>
    </p>

    <p class='ocr_par' dir='ltr' id='par_1_9' title="bbox 107 2373 1643 2634">
     <span class='ocr_line' id='line_1_32' title="bbox 107 2373 1643 2426; baseline -0.002 -13"><span class='ocrx_word' id='word_1_309' title='bbox 107 2373 225 2413; x_wconf 90' lang='lat' dir='ltr'><em>ditum</em></span> <span class='ocrx_word' id='word_1_310' title='bbox 251 2379 312 2413; x_wconf 88' lang='lat' dir='ltr'><em>est</em></span> <span class='ocrx_word' id='word_1_311' title='bbox 342 2379 499 2422; x_wconf 75' lang='lat' dir='ltr'><em>servat,</em></span> <span class='ocrx_word' id='word_1_312' title='bbox 541 2373 641 2426; x_wconf 91' lang='lat' dir='ltr'><em>quod</em></span> <span class='ocrx_word' id='word_1_313' title='bbox 674 2379 864 2412; x_wconf 90' lang='lat' dir='ltr'><em>mortuum</em></span> <span class='ocrx_word' id='word_1_314' title='bbox 897 2380 957 2413; x_wconf 89' lang='lat' dir='ltr'><em>est</em></span> <span class='ocrx_word' id='word_1_315' title='bbox 984 2373 1029 2413; x_wconf 86' lang='lat' dir='ltr'><em>ad</em></span> <span class='ocrx_word' id='word_1_316' title='bbox 1058 2373 1175 2413; x_wconf 88' lang='lat' dir='ltr'><em>vitam</em></span> <span class='ocrx_word' id='word_1_317' title='bbox 1202 2379 1386 2422; x_wconf 79' lang='lat' dir='ltr'><em>revocat,</em></span> <span class='ocrx_word' id='word_1_318' title='bbox 1421 2377 1643 2425; x_wconf 87' lang='lat' dir='ltr'><em>corruptum</em></span> 
     </span>
     <span class='ocr_line' id='line_1_33' title="bbox 109 2439 1642 2496; baseline -0.002 -14"><span class='ocrx_word' id='word_1_319' title='bbox 109 2441 399 2496; x_wconf 86' lang='lat' dir='ltr'><em>incorruptione</em></span> <span class='ocrx_word' id='word_1_320' title='bbox 425 2441 564 2491; x_wconf 82' lang='lat' dir='ltr'><em>vestit,</em></span> <span class='ocrx_word' id='word_1_321' title='bbox 597 2455 759 2494; x_wconf 90' lang='lat' dir='ltr'><em>granum</em></span> <span class='ocrx_word' id='word_1_322' title='bbox 785 2441 884 2495; x_wconf 90' lang='lat' dir='ltr'><em>quod</em></span> <span class='ocrx_word' id='word_1_323' title='bbox 916 2441 1055 2482; x_wconf 85' lang='lat' dir='ltr'><em>cecidit</em></span> <span class='ocrx_word' id='word_1_324' title='bbox 1083 2442 1128 2481; x_wconf 88' lang='lat' dir='ltr'><em>ad</em></span> <span class='ocrx_word' id='word_1_325' title='bbox 1161 2440 1488 2482; x_wconf 88' lang='lat' dir='ltr'><em>resurrectionem</em></span> <span class='ocrx_word' id='word_1_326' title='bbox 1513 2439 1642 2494; x_wconf 86' lang='lat' dir='ltr'><em>erigit,</em></span> 
     </span>
     <span class='ocr_line' id='line_1_34' title="bbox 111 2508 1642 2564; baseline -0.001 -15"><span class='ocrx_word' id='word_1_327' title='bbox 111 2509 381 2564; x_wconf 85' lang='lat' dir='ltr'><em>hominemque</em></span> <span class='ocrx_word' id='word_1_328' title='bbox 405 2508 467 2563; x_wconf 92' lang='lat' dir='ltr'><em>qui</em></span> <span class='ocrx_word' id='word_1_329' title='bbox 501 2516 609 2549; x_wconf 89' lang='lat' dir='ltr'><em>satus</em></span> <span class='ocrx_word' id='word_1_330' title='bbox 635 2523 680 2549; x_wconf 86' lang='lat' dir='ltr'><em>ac</em></span> <span class='ocrx_word' id='word_1_331' title='bbox 704 2516 878 2550; x_wconf 88' lang='lat' dir='ltr'><em>mortuus</em></span> <span class='ocrx_word' id='word_1_332' title='bbox 902 2518 962 2551; x_wconf 90' lang='lat' dir='ltr'><em>est</em></span> <span class='ocrx_word' id='word_1_333' title='bbox 992 2510 1213 2550; x_wconf 87' lang='lat' dir='ltr'><em>uberiorem</em></span> <span class='ocrx_word' id='word_1_334' title='bbox 1238 2510 1283 2550; x_wconf 88' lang='lat' dir='ltr'><em>ad</em></span> <span class='ocrx_word' id='word_1_335' title='bbox 1309 2509 1553 2563; x_wconf 83' lang='lat' dir='ltr'><em>splendorem</em></span> <span class='ocrx_word' id='word_1_336' title='bbox 1585 2509 1642 2548; x_wconf 92' lang='lat' dir='ltr'><em>in-</em></span> 
     </span>
     <span class='ocr_line' id='line_1_35' title="bbox 111 2577 1640 2634; baseline -0.001 -16"><span class='ocrx_word' id='word_1_337' title='bbox 111 2577 322 2618; x_wconf 82' lang='lat' dir='ltr'><em>staurando</em></span> <span class='ocrx_word' id='word_1_338' title='bbox 349 2577 546 2632; x_wconf 81' lang='lat' dir='ltr'><em>perducit,</em></span> <span class='ocrx_word' id='word_1_339' title='bbox 583 2577 635 2618; x_wconf 88' lang='lat' dir='ltr'><em>uti</em></span> <span class='ocrx_word' id='word_1_340' title='bbox 663 2577 834 2632; x_wconf 89' lang='lat' dir='ltr'><em>pluribus</em></span> <span class='ocrx_word' id='word_1_341' title='bbox 865 2579 902 2619; x_wconf 92' lang='lat' dir='ltr'><em>in</em></span> <span class='ocrx_word' id='word_1_342' title='bbox 934 2578 1150 2634; x_wconf 89' lang='lat' dir='ltr'><em>scripturae</em></span> <span class='ocrx_word' id='word_1_343' title='bbox 1177 2578 1272 2618; x_wconf 86' lang='lat' dir='ltr'><em>locis</em></span> <span class='ocrx_word' id='word_1_344' title='bbox 1304 2591 1535 2632; x_wconf 82' lang='lat' dir='ltr'><em>expressum</em></span> <span class='ocrx_word' id='word_1_345' title='bbox 1565 2583 1640 2627; x_wconf 89' lang='lat' dir='ltr'><em>est,</em></span> 
     </span>
    </p>

    <p class='ocr_par' dir='ltr' id='par_1_10' title="bbox 109 2646 1036 2701">
     <span class='ocr_line' id='line_1_36' title="bbox 109 2646 1036 2701; baseline 0 -14"><span class='ocrx_word' id='word_1_346' title='bbox 109 2647 147 2687; x_wconf 90' lang='lat' dir='ltr'><em>in</em></span> <span class='ocrx_word' id='word_1_347' title='bbox 180 2646 317 2701; x_wconf 92' lang='lat' dir='ltr'><em>quibus</em></span> <span class='ocrx_word' id='word_1_348' title='bbox 349 2646 587 2687; x_wconf 86' lang='lat' dir='ltr'><em>resurreetio</em></span> <span class='ocrx_word' id='word_1_349' title='bbox 620 2653 752 2686; x_wconf 87' lang='lat' dir='ltr'><em>nostra</em></span> <span class='ocrx_word' id='word_1_350' title='bbox 783 2647 1036 2701; x_wconf 82' lang='lat' dir='ltr'><em>significatur.</em></span> 
     </span>
    </p>

    <p class='ocr_par' dir='ltr' id='par_1_11' title="bbox 113 2712 1820 2973">
     <span class='ocr_line' id='line_1_37' title="bbox 225 2712 1782 2770; baseline 0 -15"><span class='ocrx_word' id='word_1_351' title='bbox 225 2712 293 2756; x_wconf 85' lang='lat' dir='ltr'><em>Sic</em></span> <span class='ocrx_word' id='word_1_352' title='bbox 327 2715 422 2769; x_wconf 91' lang='lat' dir='ltr'><em>apud</em></span> <span class='ocrx_word' id='word_1_353' title='bbox 449 2712 638 2755; x_wconf 81' lang='lat' dir='ltr'><em>Davidem</em></span> <span class='ocrx_word' id='word_1_354' title='bbox 675 2715 713 2754; x_wconf 90' lang='lat' dir='ltr'><em>in</em></span> <span class='ocrx_word' id='word_1_355' title='bbox 743 2715 808 2755; x_wconf 93' lang='lat' dir='ltr'><em>illo</em></span> <span class='ocrx_word' id='word_1_356' title='bbox 837 2713 994 2756; x_wconf 87' lang='lat' dir='ltr'><em>Psalmo</em></span> <span class='ocrx_word' id='word_1_357' title='bbox 1025 2715 1086 2770; x_wconf 92' lang='lat' dir='ltr'><em>qui</em></span> <span class='ocrx_word' id='word_1_358' title='bbox 1114 2719 1168 2755; x_wconf 81' lang='lat' dir='ltr'><em>De</em></span> <span class='ocrx_word' id='word_1_359' title='bbox 1198 2717 1299 2753; x_wconf 74' lang='lat' dir='ltr'><em>aedis</em></span> <span class='ocrx_word' id='word_1_360' title='bbox 1330 2716 1559 2753; x_wconf 79' lang='lat' dir='ltr'><em>dedicatione</em></span> <span class='ocrx_word' id='word_1_361' title='bbox 1589 2713 1645 2753; x_wconf 91' lang='lat' dir='ltr'><em>in-</em></span> <span class='ocrx_word' id='word_1_362' title='bbox 1706 2715 1782 2755; x_wconf 69' lang='lat' dir='ltr'><em>Cw-</em></span> 
     </span>
     <span class='ocr_line' id='line_1_38' title="bbox 113 2761 1793 2838; baseline -0.001 -15"><span class='ocrx_word' id='word_1_363' title='bbox 113 2783 278 2837; x_wconf 88' lang='lat' dir='ltr'><em>scriptus</em></span> <span class='ocrx_word' id='word_1_364' title='bbox 301 2790 384 2833; x_wconf 87' lang='lat' dir='ltr'><em>est,</em></span> <span class='ocrx_word' id='word_1_365' title='bbox 418 2782 457 2823; x_wconf 93' lang='lat' dir='ltr'><em>in</em></span> <span class='ocrx_word' id='word_1_366' title='bbox 481 2797 554 2837; x_wconf 91' lang='lat' dir='ltr'><em>quo</em></span> <span class='ocrx_word' id='word_1_367' title='bbox 578 2783 683 2823; x_wconf 88' lang='lat' dir='ltr'><em>velut</em></span> <span class='ocrx_word' id='word_1_368' title='bbox 712 2784 997 2838; x_wconf 84' lang='lat' dir='ltr'><em>expectationis</em></span> <span class='ocrx_word' id='word_1_369' title='bbox 1024 2797 1236 2838; x_wconf 86' lang='lat' dir='ltr'><em>suspensus</em></span> <span class='ocrx_word' id='word_1_370' title='bbox 1268 2790 1304 2822; x_wconf 85' lang='lat' dir='ltr'><em>ct</em></span> <span class='ocrx_word' id='word_1_371' title='bbox 1336 2784 1461 2822; x_wconf 85' lang='lat' dir='ltr'><em>futura</em></span> <span class='ocrx_word' id='word_1_372' title='bbox 1488 2782 1646 2837; x_wconf 87' lang='lat' dir='ltr'><em>spiritus</em></span> <span class='ocrx_word' id='word_1_373' title='bbox 1670 2761 1793 2792; x_wconf 72' lang='lat' dir='ltr'>LXXI.</span> 
     </span>
     <span class='ocr_line' id='line_1_39' title="bbox 114 2850 1646 2907; baseline -0.001 -16"><span class='ocrx_word' id='word_1_374' title='bbox 114 2852 236 2891; x_wconf 83' lang='lat' dir='ltr'><em>sancti</em></span> <span class='ocrx_word' id='word_1_375' title='bbox 259 2865 331 2906; x_wconf 91' lang='lat' dir='ltr'><em>ope</em></span> <span class='ocrx_word' id='word_1_376' title='bbox 352 2851 414 2892; x_wconf 93' lang='lat' dir='ltr'><em>diu</em></span> <span class='ocrx_word' id='word_1_377' title='bbox 434 2859 523 2892; x_wconf 86' lang='lat' dir='ltr'><em>ante</em></span> <span class='ocrx_word' id='word_1_378' title='bbox 545 2851 730 2906; x_wconf 87' lang='lat' dir='ltr'><em>propheta</em></span> <span class='ocrx_word' id='word_1_379' title='bbox 749 2852 988 2907; x_wconf 90' lang='lat' dir='ltr'><em>prospiciens</em></span> <span class='ocrx_word' id='word_1_380' title='bbox 1010 2859 1272 2892; x_wconf 87' lang='lat' dir='ltr'><em>consentanee</em></span> <span class='ocrx_word' id='word_1_381' title='bbox 1294 2851 1339 2890; x_wconf 89' lang='lat' dir='ltr'><em>de</em></span> <span class='ocrx_word' id='word_1_382' title='bbox 1359 2850 1646 2891; x_wconf 86' lang='lat' dir='ltr'><em>resurrectione</em></span> 
     </span>
     <span class='ocr_line' id='line_1_40' title="bbox 116 2918 1820 2973; baseline 0 -15"><span class='ocrx_word' id='word_1_383' title='bbox 116 2918 166 2959; x_wconf 81' lang='lat' dir='ltr'><em>ita</em></span> <span class='ocrx_word' id='word_1_384' title='bbox 195 2918 441 2973; x_wconf 82' lang='lat' dir='ltr'><em>pronuntiat:</em></span> <span class='ocrx_word' id='word_1_385' title='bbox 474 2921 663 2960; x_wconf 76' lang='lat' dir='ltr'><em>Eaealtabo</em></span> <span class='ocrx_word' id='word_1_386' title='bbox 685 2928 739 2970; x_wconf 88' lang='lat' dir='ltr'><em>te,</em></span> <span class='ocrx_word' id='word_1_387' title='bbox 776 2924 939 2969; x_wconf 75' lang='lat' dir='ltr'><em>domine,</em></span> <span class='ocrx_word' id='word_1_388' title='bbox 974 2924 1144 2973; x_wconf 77' lang='lat' dir='ltr'><em>quoniam</em></span> <span class='ocrx_word' id='word_1_389' title='bbox 1168 2922 1368 2971; x_wconf 73' lang='lat' dir='ltr'><em>suscepisti</em></span> <span class='ocrx_word' id='word_1_390' title='bbox 1389 2934 1466 2967; x_wconf 83' lang='lat' dir='ltr'><em>mc,·</em></span> <span class='ocrx_word' id='word_1_391' title='bbox 1500 2919 1647 2959; x_wconf 77' lang='lat' dir='ltr'><em>instau-</em></span> <span class='ocrx_word' id='word_1_392' title='bbox 1669 2927 1706 2954; x_wconf 47' lang='grc' dir='ltr'><em>ΡΞ</em></span> <span class='ocrx_word' id='word_1_393' title='bbox 1734 2927 1776 2959; x_wconf 61' lang='grc' dir='ltr'><em>Ἡ,</em></span> <span class='ocrx_word' id='word_1_394' title='bbox 1797 2927 1820 2953; x_wconf 86' lang='lat'><em>1.</em></span> 
     </span>
    </p>
   </div>
   <div class='ocr_carea' id='block_1_4' title="bbox 162 3064 1375 3166">
    <p class='ocr_par' dir='ltr' id='par_1_12' title="bbox 162 3064 1375 3166">
     <span class='ocr_line' id='line_1_41' title="bbox 162 3064 1370 3113; baseline -0.001 -13"><span class='ocrx_word' id='word_1_395' title='bbox 162 3070 193 3100; x_wconf 59' lang='grc'><em>2.</em></span> <span class='ocrx_word' id='word_1_396' title='bbox 218 3067 352 3110; x_wconf 78' lang='grc' dir='ltr'>καμέτω</span> <span class='ocrx_word' id='word_1_397' title='bbox 375 3078 438 3109; x_wconf 72' lang='lat'><strong>⁸9⁰·</strong></span> <span class='ocrx_word' id='word_1_398' title='bbox 475 3071 559 3101; x_wconf 78' lang='lat' dir='ltr'><em>Libri</em></span> <span class='ocrx_word' id='word_1_399' title='bbox 580 3080 682 3102; x_wconf 84' lang='lat' dir='ltr'><em>omnes</em></span> <span class='ocrx_word' id='word_1_400' title='bbox 702 3067 856 3113; x_wconf 69' lang='grc' dir='ltr'>καμάτῳ.</span> <span class='ocrx_word' id='word_1_401' title='bbox 906 3071 1032 3102; x_wconf 70' lang='grc' dir='ltr'><em>Ρείαυὶυ</em></span> <span class='ocrx_word' id='word_1_402' title='bbox 1055 3071 1172 3108; x_wconf 73' lang='lat' dir='ltr'><em>placuit</em></span> <span class='ocrx_word' id='word_1_403' title='bbox 1193 3064 1370 3111; x_wconf 73' lang='grc' dir='ltr'>ἀκαμάτῳ.</span> 
     </span>
     <span class='ocr_line' id='line_1_42' title="bbox 193 3122 1375 3166; baseline 0.006 -18"><span class='ocrx_word' id='word_1_404' title='bbox 193 3122 307 3157; x_wconf 81' lang='lat' dir='ltr'><em>Corpus</em></span> <span class='ocrx_word' id='word_1_405' title='bbox 326 3122 501 3150; x_wconf 73' lang='lat' dir='ltr'><em>Hacreseol.</em></span> <span class='ocrx_word' id='word_1_406' title='bbox 522 3122 558 3150; x_wconf 81' lang='grc' dir='ltr'><em>ΙΙ.</em></span> <span class='ocrx_word' id='word_1_407' title='bbox 578 3125 602 3151; x_wconf 79' lang='grc'><em>2.</em></span> <span class='ocrx_word' id='word_1_408' title='bbox 1326 3129 1375 3166; x_wconf 69' lang='lat'><em>24</em></span> 
     </span>
    </p>
   </div>
  </div>
 </body>
</html>
