2066 3319
519 164 699 196 PANAnu
724 164 806 196 ΜΒ.
828 165 868 197 11.
892 165 999 197 ToM.
1020 167 1044 199 ι.
1067 166 1196 198 HAER.
1219 167 1342 198 LXiv.
1629 160 1710 199 279

169 244 371 299 imperium
399 257 588 284 exercere
614 244 834 284 mandatum
860 251 934 285 est.
999 243 1067 285 llla
1101 246 1277 287 diversas
1310 254 1533 287 naturarum
1565 246 1710 299 effigies

166 314 386 366 formasque
410 312 547 352 sortita
574 319 687 362 sunt,
723 319 910 366 quotquot
935 313 993 353 dei
1020 313 1126 353 iussu
1154 315 1274 354 solida
1302 322 1340 354 et
1370 315 1619 370 aspectabilis
1644 329 1711 355 na-

165 388 248 421 tura
283 380 481 435 produxit.
547 379 647 420 lluic
684 380 743 419 dei
777 380 895 420 indita
933 382 1141 421 similitudo
1174 390 1231 422 est
1268 384 1312 423 ad
1348 384 1506 435 primam
1539 384 1639 424 illam
1673 391 1711 423 ct

164 449 399 504 unigenitam
429 449 548 503 patris
576 448 783 502 imaginem
812 450 965 503 penitus
997 464 1201 504 expressa.
1266 454 1370 490 Feee‘!
1398 456 1491 491 em'm
1524 456 1613 491 deus
1643 455 1708 491 ho-

163 520 314 565 miuem,
350 520 400 556 ad
421 520 618 569 e’nzagz'nem
640 520 816 571 dez‘ject't
842 520 961 557 illum.
1030 517 1139 559 Unde
1164 525 1200 557 et
1223 519 1469 559 simulacrum
1500 535 1609 560 suum
1625 552 1634 570 ,
1671 527 1710 560 ut

163 600 273 640 quam
310 585 478 625 maxime
513 586 660 625 lirmum
697 600 741 625 ac
766 586 902 625 stabile
932 594 1062 636 essct,
1098 601 1227 626 curam
1260 587 1454 638 adhibuit,
1491 602 1590 628 neve
1622 602 1707 628 cor-

161 654 340 708 ruptione
366 654 505 694 tentari
534 654 643 693 facile
668 662 823 709 posset,
859 655 1017 709 perinde
1044 661 1156 707 atque
1183 656 1317 694 effictis
1343 670 1362 694 a
1389 669 1430 695 se
1455 656 1591 696 statuis
1616 671 1708 696 con-

161 722 290 762 sulere
312 723 481 762 artifices
503 722 647 763 solent.
712 721 788 776 Qui
814 737 888 762 non
913 723 1025 763 modo
1047 723 1340 762 simulacrorum
1364 737 1520 763 suorum
1543 724 1708 778 pulchri-

160 790 279 830 tudini
315 805 359 830 ac
389 790 518 830 decori
551 791 731 841 student,
767 798 807 830 ut
835 791 979 830 eximia
1013 792 1142 845 specie
1177 805 1221 830 ac
1256 792 1458 845 magnilica
1495 791 1595 841 sint,
1639 793 1705 832 sed

161 859 276 899 etiam
300 858 653 909 immortalitatem,
689 859 812 913 quoad
843 866 1029 913 possunt,
1064 859 1198 899 iisdem
1232 859 1326 914 ipsis
1356 859 1528 899 tribuere
1563 874 1706 900 conan-

160 935 247 978 tur,
292 934 332 967 ut
363 942 475 981 quam
510 927 779 981 longissimum
812 926 849 966 in
887 934 1036 981 tempus
1070 928 1220 981 integra
1255 927 1489 982 minimeque
1522 929 1706 969 dissoluta

162 1003 430 1051 permaneant.
490 994 531 1036 ld
561 997 659 1050 quod
686 995 860 1036 Phidiam
887 996 990 1036 inter
1013 1004 1165 1036 ceteros
1192 997 1331 1037 secisse
1353 1004 1583 1037 memorant.
1633 996 1707 1037 Hic

159 1064 260 1105 enim
287 1079 370 1104 cum
398 1062 590 1120 Olympici
620 1062 725 1104 lovis
759 1064 1005 1105 simulacrum
1036 1065 1215 1106 tinxisset
1243 1079 1293 1106 ex
1322 1065 1466 1115 chore,
1501 1065 1626 1106 olcum
1660 1066 1704 1105 ad

158 1134 275 1188 pedes
300 1139 388 1173 ante
414 1140 579 1174 statuam
608 1133 720 1173 iussit
742 1133 901 1183 effundi,
937 1148 1012 1187 qno
1037 1133 1254 1174 immortale
1280 1134 1381 1174 illam
1409 1143 1592 1188 quantum
1617 1148 1705 1188 pos-

159 1209 218 1243 set
240 1204 424 1242 efficeret.
487 1199 587 1242 Cum
612 1202 729 1256 igitur
759 1203 796 1242 in
831 1202 877 1242 iis
907 1202 1114 1257 operibus,
1149 1216 1246 1257 quae
1274 1202 1450 1242 manibus
1477 1202 1705 1242 elaborave-

159 1272 258 1321 rint,
303 1272 472 1311 artilices
513 1269 587 1310 ista
625 1271 858 1321 moliantur,
904 1285 1033 1311 nonne
1070 1271 1432 1326 praestantissimus
1472 1270 1534 1310 ille
1574 1269 1704 1324 opil'ex

158 1341 276 1388 deus,
311 1339 372 1393 qui
398 1340 460 1379 vel
484 1353 536 1379 ex
559 1338 677 1379 nihilo
702 1353 909 1394 procreare
939 1346 1068 1394 potest
1095 1340 1246 1391 omnia,
1282 1354 1390 1379 suam
1423 1338 1525 1379 illam
1553 1338 1704 1379 ratione

159 1407 370 1463 praeditam
393 1407 580 1461 effigiem,
614 1408 797 1448 videlicet
820 1408 1012 1448 hominem
1029 1441 1038 1458 ,
1074 1409 1193 1448 multo
1219 1408 1341 1461 magis
1365 1407 1640 1461 sempiternam
1667 1414 1705 1447 et

158 1477 412 1517 immortalem
455 1477 608 1530 penitus
646 1477 949 1530 necessarioque
986 1476 1214 1517 fabricavit?
1275 1477 1338 1515 An
1378 1476 1505 1530 potius
1539 1475 1704 1528 ignomi-

160 1546 269 1585 niose
304 1545 400 1584 adeo
435 1545 659 1585 dissolutam
699 1544 893 1599 corrumpi
929 1552 967 1585 et
999 1544 1159 1584 interire
1194 1544 1396 1598 permisit?
1455 1544 1586 1597 Atque
1619 1558 1701 1584 eam

160 1614 309 1667 quidem
347 1613 507 1667 effigiem
543 1628 655 1666 (piam
690 1613 865 1654 manibus
893 1613 1086 1667 perpolire
1116 1612 1197 1653 suis
1232 1612 1417 1666 singulari
1446 1613 1607 1666 quadam
1642 1626 1703 1652 ra-

161 1683 264 1722 tione
287 1681 467 1736 dignatus
493 1688 575 1732 est,
611 1696 720 1735 quam
747 1682 793 1720 ad
818 1680 1026 1735 imaginem
1055 1695 1164 1721 suam
1197 1695 1241 1721 ac
1275 1681 1564 1721 similitudinem
1597 1680 1702 1720 velut

159 1751 288 1790 mundi
321 1751 481 1790 alterum
509 1751 688 1789 mundum
719 1750 939 1803 expressit,
974 1749 1083 1789 cuius
1108 1749 1272 1803 denique
1295 1763 1432 1790 caussa
1456 1749 1619 1789 mundus
1643 1755 1703 1788 est

157 1820 296 1859 factus.
363 1818 449 1859 Dici
477 1819 577 1858 istud
608 1818 765 1857 omnino
795 1832 871 1857 non
894 1825 1037 1873 potest.
1100 1816 1288 1858 Proxime
1315 1817 1415 1858 enim
1440 1817 1486 1857 ad
1510 1817 1699 1858 insaniam

159 1888 364 1928 accederet
395 1887 456 1941 qui
490 1887 525 1926 id
557 1900 655 1926 vana
688 1886 869 1941 opinione
901 1886 1056 1926 inflatus
1089 1887 1251 1927 auderet
1280 1901 1475 1927 asserere.

269 1954 346 1997 Sed
374 1970 472 2009 quae
498 1955 685 1995 hactenus
709 1955 906 2009 proposita
930 1962 1034 2005 sunt,
1070 1970 1092 1995 ο
1113 1955 1361 2010 Aglaophon,
1397 1956 1522 1996 minus
1547 1963 1696 1996 attento

156 2024 319 2066 forsitan
344 2024 473 2065 animo
500 2024 795 2064 considerantes
820 2023 990 2064 obiicere
1016 2023 1091 2063 ista
1120 2023 1320 2078 poteritis,
1355 2025 1385 2064 si
1413 2024 1629 2066 immortale
1654 2025 1700 2065 ab

156 2094 305 2148 origine
338 2108 406 2134 sua
434 2092 575 2132 animal
605 2092 695 2132 illud
720 2091 919 2142 extiterit,
954 2092 1017 2146 qui
1054 2093 1205 2132 tandem
1240 2093 1402 2133 mortale
1437 2106 1526 2133 esse
1558 2094 1696 2148 potnit,

156 2177 239 2202 cum
267 2161 444 2217 quicquid
468 2168 528 2201 est
550 2161 790 2211 immortale,
825 2160 896 2200 hoc
924 2161 1022 2215 quod
1047 2169 1106 2202 est
1140 2162 1262 2216 ipsum
1296 2169 1481 2216 perpetuo
1515 2175 1601 2201 esse
1635 2162 1699 2202 de-

155 2230 266 2281 beat,
302 2245 372 2270 nec
405 2231 442 2270 in
474 2230 651 2270 viliorem
685 2230 965 2284 mortalemque
991 2231 1165 2270 naturam
1195 2231 1468 2283 degenerando
1500 2233 1699 2271 transeat?

156 2298 242 2339 Hoc
267 2299 367 2339 enim
397 2299 478 2339 lieri
504 2298 658 2352 nequit,
693 2298 835 2352 alioqui
866 2298 1084 2338 immortale
1111 2313 1186 2338 non
1220 2299 1351 2339 l'nerit.
1416 2297 1494 2340 Sed
1527 2313 1600 2352 ego
1633 2298 1698 2339 tibi

157 2382 333 2408 caussam
359 2368 416 2408 rei
439 2367 549 2408 huius
571 2367 758 2421 aperiam.
824 2363 925 2407 Cum
953 2367 1053 2407 enim
1078 2367 1123 2407 ad
1149 2367 1237 2407 boni
1263 2367 1452 2407 delectum
1486 2367 1633 2407 arbitrii
1656 2366 1700 2407 li-

156 2437 306 2477 bertate
341 2444 447 2477 esset
479 2436 717 2486 instructus,
761 2450 805 2475 ac
836 2435 959 2489 legem
994 2435 1097 2476 illam
1128 2436 1370 2490 accepisset,
1413 2435 1579 2490 pessima
1613 2449 1698 2476 eum

157 2506 439 2561 superveniens
474 2504 720 2545 labefactavit
753 2504 913 2545 invidia.
988 2503 1188 2559 Siquidem
1224 2505 1318 2544 deus
1354 2504 1603 2558 corruptione
1634 2519 1698 2545 ca-

157 2582 304 2615 rentem
332 2574 524 2614 hominem
550 2574 713 2622 creavit,
749 2579 786 2612 et
809 2573 855 2613 ad
879 2574 1121 2614 aeternitatis
1145 2587 1237 2613 suae
1262 2573 1445 2627 produxit
1471 2573 1693 2627 imaginem.

155 2646 255 2683 Dens
277 2646 371 2682 em‘m
401 2651 552 2682 mortem
580 2657 653 2681 non
678 2643 798 2695 fecit,
833 2657 900 2681 nec
935 2644 1142 2681 delectatur
1174 2645 1211 2681 in
1240 2644 1450 2694 perditione
1475 2645 1695 2682 viventium:

157 2715 296 2752 invidia
323 2727 407 2751 vero
431 2712 575 2750 diabole·
594 2725 692 2749 mors
724 2714 882 2750 intravit
904 2714 941 2750 ite
967 2714 1163 2758 mundum,
1200 2717 1240 2750 ut
1269 2725 1336 2764 per
1361 2708 1610 2752 Salomonem
1636 2725 1698 2751 sa-

158 2780 300 2835 pientia
329 2787 510 2820 testatur.
576 2778 654 2820 Sed
680 2781 868 2819 undenam
895 2794 999 2820 mors
1031 2779 1208 2819 extiterit
1236 2779 1485 2833 repetendum
1515 2793 1697 2820 necessa-

1728 460 1803 487 Gen.
1826 462 1850 493 1,
1871 461 1913 487 27.

1761 1917 1839 1959 Cap.

1722 1963 1867 1995 XXVll.

1718 2653 1788 2689 Sap.
1808 2655 1819 2681 l
1834 2674 1841 2688 ,
1859 2653 1900 2681 13.

160 2848 217 2889 rio
247 2849 358 2889 nohis
384 2856 465 2900 est,
500 2849 531 2889 si
563 2849 656 2888 deus
681 2848 783 2888 illam
812 2863 886 2888 non
920 2848 1070 2888 fecerit.
1134 2846 1234 2886 Nam
1263 2847 1294 2887 si
1320 2846 1365 2887 ab
1394 2848 1537 2889 invidia
1570 2850 1697 2903 profe-
1750 2879 1751 2882 η

160 2924 256 2957 ctam
284 2918 453 2969 dixeris,
488 2918 679 2972 quomodo
706 2918 857 2957 tandem
888 2917 1030 2957 invidia
1057 2916 1184 2955 divina
1214 2915 1410 2956 voluntate
1437 2917 1520 2971 plus
1549 2916 1698 2958 valuit?

207 3007 284 3043 cip.
306 3009 449 3042 XXVII.
476 3028 519 3034 —-
568 3010 596 3041 1.
625 3010 722 3049 Vulgo
748 3005 906 3051 εἰληφώς.
