<?xml version="1.0" encoding="UTF-8"?>
<!DOCTYPE html PUBLIC "-//W3C//DTD XHTML 1.0 Transitional//EN"
    "http://www.w3.org/TR/xhtml1/DTD/xhtml1-transitional.dtd">
<html xmlns="http://www.w3.org/1999/xhtml" xml:lang="en" lang="en">
 <head>
  <title>
</title>
<meta http-equiv="Content-Type" content="text/html;charset=utf-8" />
  <meta name='ocr-system' content='tesseract 3.04.00' />
  <meta name='ocr-capabilities' content='ocr_page ocr_carea ocr_par ocr_line ocrx_word'/>
</head>
<body>
  <div class='ocr_page' id='page_1' title='image "./p2corporishaereseo02epipuoft/p2corporishaereseo02epipuoft_0329.png"; bbox 0 0 2066 3319; ppageno 0'>
   <div class='ocr_carea' id='block_1_1' title="bbox 475 191 1653 233">
    <p class='ocr_par' dir='ltr' id='par_1_1' title="bbox 475 191 1653 233">
     <span class='ocr_line' id='line_1_1' title="bbox 475 191 1653 233; baseline -0.003 0"><span class='ocrx_word' id='word_1_1' title='bbox 475 201 652 233; x_wconf 67' lang='lat' dir='ltr'>PANAnn</span> <span class='ocrx_word' id='word_1_2' title='bbox 680 201 760 231; x_wconf 68' lang='lat' dir='ltr'>[aa.</span> <span class='ocrx_word' id='word_1_3' title='bbox 782 201 819 232; x_wconf 85' lang='lat' dir='ltr'>u.</span> <span class='ocrx_word' id='word_1_4' title='bbox 844 201 951 232; x_wconf 64' lang='lat' dir='ltr'>Tou.</span> <span class='ocrx_word' id='word_1_5' title='bbox 971 202 993 232; x_wconf 78' lang='lat' dir='ltr'>r.</span> <span class='ocrx_word' id='word_1_6' title='bbox 1019 201 1148 232; x_wconf 62' lang='lat' dir='ltr'>naen.</span> <span class='ocrx_word' id='word_1_7' title='bbox 1174 201 1293 232; x_wconf 76' lang='lat' dir='ltr'>inv.</span> <span class='ocrx_word' id='word_1_8' title='bbox 1573 191 1653 232; x_wconf 89' lang='lat'>307</span> 
     </span>
    </p>
   </div>
   <div class='ocr_carea' id='block_1_2' title="bbox 119 279 1861 1496">
    <p class='ocr_par' dir='ltr' id='par_1_2' title="bbox 124 279 1655 334">
     <span class='ocr_line' id='line_1_2' title="bbox 124 279 1655 334; baseline -0.001 -13"><span class='ocrx_word' id='word_1_9' title='bbox 124 282 262 322; x_wconf 81' lang='lat' dir='ltr'>minem</span> <span class='ocrx_word' id='word_1_10' title='bbox 287 279 468 330; x_wconf 78' lang='lat' dir='ltr'>faciebat,</span> <span class='ocrx_word' id='word_1_11' title='bbox 503 294 577 319; x_wconf 90' lang='lat' dir='ltr'>uon</span> <span class='ocrx_word' id='word_1_12' title='bbox 604 279 804 332; x_wconf 76' lang='lat' dir='ltr'>angelum,</span> <span class='ocrx_word' id='word_1_13' title='bbox 839 280 870 319; x_wconf 89' lang='lat' dir='ltr'>si</span> <span class='ocrx_word' id='word_1_14' title='bbox 893 281 1070 334; x_wconf 80' lang='lat' dir='ltr'>angelum</span> <span class='ocrx_word' id='word_1_15' title='bbox 1093 280 1282 320; x_wconf 85' lang='lat' dir='ltr'>bominem</span> <span class='ocrx_word' id='word_1_16' title='bbox 1312 281 1452 329; x_wconf 75' lang='lat' dir='ltr'>lacere,</span> <span class='ocrx_word' id='word_1_17' title='bbox 1489 293 1563 319; x_wconf 88' lang='lat' dir='ltr'>nou</span> <span class='ocrx_word' id='word_1_18' title='bbox 1589 280 1655 319; x_wconf 88' lang='lat' dir='ltr'>bo-</span> 
     </span>
    </p>

    <p class='ocr_par' dir='ltr' id='par_1_3' title="bbox 123 347 1656 402">
     <span class='ocr_line' id='line_1_3' title="bbox 123 347 1656 402; baseline -0.001 -14"><span class='ocrx_word' id='word_1_19' title='bbox 123 350 286 398; x_wconf 88' lang='lat' dir='ltr'>minem,</span> <span class='ocrx_word' id='word_1_20' title='bbox 321 347 541 402; x_wconf 83' lang='lat' dir='ltr'>cogitabat?</span> <span class='ocrx_word' id='word_1_21' title='bbox 600 347 663 387; x_wconf 92' lang='lat' dir='ltr'>An</span> <span class='ocrx_word' id='word_1_22' title='bbox 687 347 774 401; x_wconf 90' lang='lat' dir='ltr'>quia</span> <span class='ocrx_word' id='word_1_23' title='bbox 799 361 874 387; x_wconf 91' lang='lat' dir='ltr'>non</span> <span class='ocrx_word' id='word_1_24' title='bbox 902 350 1079 402; x_wconf 83' lang='lat' dir='ltr'>poterat?</span> <span class='ocrx_word' id='word_1_25' title='bbox 1139 347 1470 388; x_wconf 80' lang='lat' dir='ltr'>Contumeliosum</span> <span class='ocrx_word' id='word_1_26' title='bbox 1495 348 1591 388; x_wconf 87' lang='lat' dir='ltr'>istud</span> <span class='ocrx_word' id='word_1_27' title='bbox 1618 355 1656 388; x_wconf 91' lang='lat' dir='ltr'>et</span> 
     </span>
    </p>

    <p class='ocr_par' dir='ltr' id='par_1_4' title="bbox 121 415 1655 471">
     <span class='ocr_line' id='line_1_4' title="bbox 121 415 1655 471; baseline -0.001 -15"><span class='ocrx_word' id='word_1_28' title='bbox 121 416 275 471; x_wconf 89' lang='lat' dir='ltr'>impium</span> <span class='ocrx_word' id='word_1_29' title='bbox 301 423 375 456; x_wconf 86' lang='lat' dir='ltr'>est.</span> <span class='ocrx_word' id='word_1_30' title='bbox 438 415 501 456; x_wconf 86' lang='lat' dir='ltr'>An</span> <span class='ocrx_word' id='word_1_31' title='bbox 526 416 562 455; x_wconf 91' lang='lat' dir='ltr'>in</span> <span class='ocrx_word' id='word_1_32' title='bbox 585 415 778 455; x_wconf 80' lang='lat' dir='ltr'>deteriore</span> <span class='ocrx_word' id='word_1_33' title='bbox 810 423 1016 470; x_wconf 83' lang='lat' dir='ltr'>occupatus</span> <span class='ocrx_word' id='word_1_34' title='bbox 1043 418 1140 470; x_wconf 89' lang='lat' dir='ltr'>quod</span> <span class='ocrx_word' id='word_1_35' title='bbox 1170 417 1427 471; x_wconf 69' lang='lat' dir='ltr'>praestantius</span> <span class='ocrx_word' id='word_1_36' title='bbox 1458 423 1516 455; x_wconf 84' lang='lat' dir='ltr'>est</span> <span class='ocrx_word' id='word_1_37' title='bbox 1548 416 1655 455; x_wconf 77' lang='lat' dir='ltr'>dill&#39;c-</span> 
     </span>
    </p>

    <p class='ocr_par' dir='ltr' id='par_1_5' title="bbox 121 483 1654 538">
     <span class='ocr_line' id='line_1_5' title="bbox 121 483 1654 538; baseline -0.001 -14"><span class='ocrx_word' id='word_1_38' title='bbox 121 485 255 524; x_wconf 86' lang='lat' dir='ltr'>rebat?</span> <span class='ocrx_word' id='word_1_39' title='bbox 317 483 387 524; x_wconf 83' lang='lat' dir='ltr'>Est</span> <span class='ocrx_word' id='word_1_40' title='bbox 412 492 450 523; x_wconf 85' lang='lat' dir='ltr'>et</span> <span class='ocrx_word' id='word_1_41' title='bbox 478 484 566 523; x_wconf 90' lang='lat' dir='ltr'>illud</span> <span class='ocrx_word' id='word_1_42' title='bbox 601 484 894 538; x_wconf 89' lang='lat' dir='ltr'>perabsurdum.</span> <span class='ocrx_word' id='word_1_43' title='bbox 959 483 1097 538; x_wconf 81' lang='lat' dir='ltr'>Neque</span> <span class='ocrx_word' id='word_1_44' title='bbox 1129 485 1229 525; x_wconf 88' lang='lat' dir='ltr'>enim</span> <span class='ocrx_word' id='word_1_45' title='bbox 1261 484 1295 522; x_wconf 91' lang='lat' dir='ltr'>in</span> <span class='ocrx_word' id='word_1_46' title='bbox 1331 484 1522 523; x_wconf 90' lang='lat' dir='ltr'>moliendo</span> <span class='ocrx_word' id='word_1_47' title='bbox 1555 484 1654 523; x_wconf 87' lang='lat' dir='ltr'>bono</span> 
     </span>
    </p>

    <p class='ocr_par' dir='ltr' id='par_1_6' title="bbox 121 551 1655 606">
     <span class='ocr_line' id='line_1_6' title="bbox 121 551 1655 606; baseline -0.001 -14"><span class='ocrx_word' id='word_1_48' title='bbox 121 552 183 593; x_wconf 87' lang='lat' dir='ltr'>vel</span> <span class='ocrx_word' id='word_1_49' title='bbox 206 552 361 593; x_wconf 86' lang='lat' dir='ltr'>aberrat</span> <span class='ocrx_word' id='word_1_50' title='bbox 388 553 504 602; x_wconf 87' lang='lat' dir='ltr'>deus,</span> <span class='ocrx_word' id='word_1_51' title='bbox 539 553 601 592; x_wconf 82' lang='lat' dir='ltr'>vel</span> <span class='ocrx_word' id='word_1_52' title='bbox 626 553 662 591; x_wconf 88' lang='lat' dir='ltr'>iu</span> <span class='ocrx_word' id='word_1_53' title='bbox 687 552 787 592; x_wconf 86' lang='lat' dir='ltr'>aliud</span> <span class='ocrx_word' id='word_1_54' title='bbox 815 559 962 606; x_wconf 87' lang='lat' dir='ltr'>tempus</span> <span class='ocrx_word' id='word_1_55' title='bbox 993 553 1139 601; x_wconf 77' lang='lat' dir='ltr'>reiicit,</span> <span class='ocrx_word' id='word_1_56' title='bbox 1177 552 1238 591; x_wconf 81' lang='lat' dir='ltr'>vel</span> <span class='ocrx_word' id='word_1_57' title='bbox 1272 552 1475 591; x_wconf 88' lang='lat' dir='ltr'>destitutus</span> <span class='ocrx_word' id='word_1_58' title='bbox 1509 551 1655 590; x_wconf 75' lang='lat' dir='ltr'>viribus</span> 
     </span>
    </p>

    <p class='ocr_par' dir='ltr' id='par_1_7' title="bbox 121 618 1656 675">
     <span class='ocr_line' id='line_1_7' title="bbox 121 618 1656 675; baseline -0.003 -13"><span class='ocrx_word' id='word_1_59' title='bbox 121 628 203 671; x_wconf 89' lang='lat' dir='ltr'>est,</span> <span class='ocrx_word' id='word_1_60' title='bbox 237 621 304 661; x_wconf 90' lang='lat' dir='ltr'>sed</span> <span class='ocrx_word' id='word_1_61' title='bbox 327 628 365 661; x_wconf 92' lang='lat' dir='ltr'>et</span> <span class='ocrx_word' id='word_1_62' title='bbox 393 627 596 675; x_wconf 87' lang='lat' dir='ltr'>utcumque</span> <span class='ocrx_word' id='word_1_63' title='bbox 626 620 803 670; x_wconf 77' lang='lat' dir='ltr'>libuerit,</span> <span class='ocrx_word' id='word_1_64' title='bbox 838 627 876 660; x_wconf 87' lang='lat' dir='ltr'>et</span> <span class='ocrx_word' id='word_1_65' title='bbox 908 620 1059 674; x_wconf 87' lang='lat' dir='ltr'>quando</span> <span class='ocrx_word' id='word_1_66' title='bbox 1085 618 1262 668; x_wconf 87' lang='lat' dir='ltr'>libuerit,</span> <span class='ocrx_word' id='word_1_67' title='bbox 1297 620 1434 672; x_wconf 85' lang='lat' dir='ltr'>agendi</span> <span class='ocrx_word' id='word_1_68' title='bbox 1466 626 1656 673; x_wconf 87' lang='lat' dir='ltr'>potestate</span> 
     </span>
    </p>

    <p class='ocr_par' dir='ltr' id='par_1_8' title="bbox 121 686 1655 744">
     <span class='ocr_line' id='line_1_8' title="bbox 121 686 1655 744; baseline -0.002 -15"><span class='ocrx_word' id='word_1_69' title='bbox 121 689 315 744; x_wconf 89' lang='lat' dir='ltr'>praeditus</span> <span class='ocrx_word' id='word_1_70' title='bbox 350 695 434 739; x_wconf 87' lang='lat' dir='ltr'>est,</span> <span class='ocrx_word' id='word_1_71' title='bbox 475 703 557 729; x_wconf 94' lang='lat' dir='ltr'>cum</span> <span class='ocrx_word' id='word_1_72' title='bbox 592 689 642 728; x_wconf 91' lang='lat' dir='ltr'>sit</span> <span class='ocrx_word' id='word_1_73' title='bbox 674 689 756 743; x_wconf 87' lang='lat' dir='ltr'>ipsa</span> <span class='ocrx_word' id='word_1_74' title='bbox 790 687 977 742; x_wconf 87' lang='lat' dir='ltr'>potentia.</span> <span class='ocrx_word' id='word_1_75' title='bbox 1043 686 1304 740; x_wconf 77' lang='lat' dir='ltr'>Quamobrem</span> <span class='ocrx_word' id='word_1_76' title='bbox 1343 687 1534 726; x_wconf 83' lang='lat' dir='ltr'>bominem</span> <span class='ocrx_word' id='word_1_77' title='bbox 1569 701 1655 726; x_wconf 80' lang='lat' dir='ltr'>esse</span> 
     </span>
    </p>

    <p class='ocr_par' dir='ltr' id='par_1_9' title="bbox 121 754 1656 812">
     <span class='ocr_line' id='line_1_9' title="bbox 121 754 1656 812; baseline -0.003 -14"><span class='ocrx_word' id='word_1_78' title='bbox 121 757 311 799; x_wconf 86' lang='lat' dir='ltr'>hominem</span> <span class='ocrx_word' id='word_1_79' title='bbox 338 758 474 798; x_wconf 89' lang='lat' dir='ltr'>volens</span> <span class='ocrx_word' id='word_1_80' title='bbox 498 756 607 797; x_wconf 87' lang='lat' dir='ltr'>initio</span> <span class='ocrx_word' id='word_1_81' title='bbox 636 756 834 812; x_wconf 85' lang='lat' dir='ltr'>produxit.</span> <span class='ocrx_word' id='word_1_82' title='bbox 899 754 1011 808; x_wconf 83' lang='lat' dir='ltr'>Quod</span> <span class='ocrx_word' id='word_1_83' title='bbox 1036 757 1067 795; x_wconf 89' lang='lat' dir='ltr'>si</span> <span class='ocrx_word' id='word_1_84' title='bbox 1096 755 1130 795; x_wconf 92' lang='lat' dir='ltr'>id</span> <span class='ocrx_word' id='word_1_85' title='bbox 1164 755 1300 795; x_wconf 81' lang='lat' dir='ltr'>voleus</span> <span class='ocrx_word' id='word_1_86' title='bbox 1329 755 1442 804; x_wconf 75' lang='lat' dir='ltr'>feeit,</span> <span class='ocrx_word' id='word_1_87' title='bbox 1479 755 1559 793; x_wconf 79' lang='lat' dir='ltr'>vult</span> <span class='ocrx_word' id='word_1_88' title='bbox 1590 769 1656 794; x_wconf 90' lang='lat' dir='ltr'>au-</span> 
     </span>
    </p>

    <p class='ocr_par' dir='ltr' id='par_1_10' title="bbox 121 822 1656 880">
     <span class='ocr_line' id='line_1_10' title="bbox 121 822 1656 880; baseline -0.003 -14"><span class='ocrx_word' id='word_1_89' title='bbox 121 833 195 866; x_wconf 82' lang='lat' dir='ltr'>tem</span> <span class='ocrx_word' id='word_1_90' title='bbox 218 826 317 880; x_wconf 90' lang='lat' dir='ltr'>quod</span> <span class='ocrx_word' id='word_1_91' title='bbox 341 825 482 866; x_wconf 89' lang='lat' dir='ltr'>bonum</span> <span class='ocrx_word' id='word_1_92' title='bbox 507 832 581 876; x_wconf 83' lang='lat' dir='ltr'>est,</span> <span class='ocrx_word' id='word_1_93' title='bbox 617 825 730 865; x_wconf 87' lang='lat' dir='ltr'>bomo</span> <span class='ocrx_word' id='word_1_94' title='bbox 752 839 846 865; x_wconf 86' lang='lat' dir='ltr'>vcro</span> <span class='ocrx_word' id='word_1_95' title='bbox 868 824 1008 864; x_wconf 91' lang='lat' dir='ltr'>bouum</span> <span class='ocrx_word' id='word_1_96' title='bbox 1035 830 1109 874; x_wconf 87' lang='lat' dir='ltr'>est,</span> <span class='ocrx_word' id='word_1_97' title='bbox 1143 823 1319 877; x_wconf 84' lang='lat' dir='ltr'>idemque</span> <span class='ocrx_word' id='word_1_98' title='bbox 1343 836 1393 862; x_wconf 85' lang='lat' dir='ltr'>ex</span> <span class='ocrx_word' id='word_1_99' title='bbox 1415 822 1543 862; x_wconf 85' lang='lat' dir='ltr'>anima</span> <span class='ocrx_word' id='word_1_100' title='bbox 1566 837 1656 861; x_wconf 86' lang='lat' dir='ltr'>con-</span> 
     </span>
    </p>

    <p class='ocr_par' dir='ltr' id='par_1_11' title="bbox 120 890 1657 949">
     <span class='ocr_line' id='line_1_11' title="bbox 120 890 1657 949; baseline -0.003 -14"><span class='ocrx_word' id='word_1_101' title='bbox 120 900 198 935; x_wconf 83' lang='lat' dir='ltr'>stat</span> <span class='ocrx_word' id='word_1_102' title='bbox 223 900 261 934; x_wconf 85' lang='lat' dir='ltr'>et</span> <span class='ocrx_word' id='word_1_103' title='bbox 291 908 479 949; x_wconf 90' lang='lat' dir='ltr'>corpore,</span> <span class='ocrx_word' id='word_1_104' title='bbox 514 893 690 947; x_wconf 86' lang='lat' dir='ltr'>sequitur</span> <span class='ocrx_word' id='word_1_105' title='bbox 718 893 873 933; x_wconf 91' lang='lat' dir='ltr'>minime</span> <span class='ocrx_word' id='word_1_106' title='bbox 899 901 1010 933; x_wconf 88' lang='lat' dir='ltr'>extra</span> <span class='ocrx_word' id='word_1_107' title='bbox 1043 906 1182 946; x_wconf 89' lang='lat' dir='ltr'>corpus</span> <span class='ocrx_word' id='word_1_108' title='bbox 1217 890 1407 930; x_wconf 85' lang='lat' dir='ltr'>bominem</span> <span class='ocrx_word' id='word_1_109' title='bbox 1443 893 1547 938; x_wconf 82' lang='lat' dir='ltr'>l&#39;ore,</span> <span class='ocrx_word' id='word_1_110' title='bbox 1590 890 1657 930; x_wconf 85' lang='lat' dir='ltr'>sed</span> 
     </span>
    </p>

    <p class='ocr_par' dir='ltr' id='par_1_12' title="bbox 121 956 1656 1017">
     <span class='ocr_line' id='line_1_12' title="bbox 121 956 1656 1017; baseline -0.004 -14"><span class='ocrx_word' id='word_1_111' title='bbox 121 977 205 1002; x_wconf 88' lang='lat' dir='ltr'>cum</span> <span class='ocrx_word' id='word_1_112' title='bbox 238 976 425 1017; x_wconf 81' lang='lat' dir='ltr'>corpore,</span> <span class='ocrx_word' id='word_1_113' title='bbox 467 975 515 1002; x_wconf 86' lang='lat' dir='ltr'>ne</span> <span class='ocrx_word' id='word_1_114' title='bbox 549 961 646 1002; x_wconf 92' lang='lat' dir='ltr'>alius</span> <span class='ocrx_word' id='word_1_115' title='bbox 675 969 828 1017; x_wconf 87' lang='lat' dir='ltr'>praeter</span> <span class='ocrx_word' id='word_1_116' title='bbox 860 961 1052 1001; x_wconf 87' lang='lat' dir='ltr'>bominem</span> <span class='ocrx_word' id='word_1_117' title='bbox 1090 960 1202 1000; x_wconf 89' lang='lat' dir='ltr'>bomo</span> <span class='ocrx_word' id='word_1_118' title='bbox 1237 960 1484 1013; x_wconf 87' lang='lat' dir='ltr'>producatur.</span> <span class='ocrx_word' id='word_1_119' title='bbox 1548 956 1656 1012; x_wconf 82' lang='lat' dir='ltr'>Opus</span> 
     </span>
    </p>

    <p class='ocr_par' dir='ltr' id='par_1_13' title="bbox 120 1029 1847 1084">
     <span class='ocr_line' id='line_1_13' title="bbox 120 1029 1847 1084; baseline -0.004 -13"><span class='ocrx_word' id='word_1_120' title='bbox 120 1030 221 1071; x_wconf 86' lang='lat' dir='ltr'>enim</span> <span class='ocrx_word' id='word_1_121' title='bbox 247 1038 305 1071; x_wconf 87' lang='lat' dir='ltr'>est</span> <span class='ocrx_word' id='word_1_122' title='bbox 331 1031 382 1070; x_wconf 91' lang='lat' dir='ltr'>uti</span> <span class='ocrx_word' id='word_1_123' title='bbox 413 1031 484 1071; x_wconf 90' lang='lat' dir='ltr'>deo</span> <span class='ocrx_word' id='word_1_124' title='bbox 511 1030 740 1070; x_wconf 71' lang='lat' dir='ltr'>immortalia</span> <span class='ocrx_word' id='word_1_125' title='bbox 765 1044 912 1084; x_wconf 85' lang='lat' dir='ltr'>genera</span> <span class='ocrx_word' id='word_1_126' title='bbox 935 1029 1062 1070; x_wconf 85' lang='lat' dir='ltr'>omnia</span> <span class='ocrx_word' id='word_1_127' title='bbox 1086 1035 1309 1068; x_wconf 85' lang='lat' dir='ltr'>serventur.</span> <span class='ocrx_word' id='word_1_128' title='bbox 1374 1030 1524 1067; x_wconf 75' lang='lat' dir='ltr'>Creavz&#39;t</span> <span class='ocrx_word' id='word_1_129' title='bbox 1543 1030 1652 1073; x_wconf 77' lang='lat' dir='ltr'>enlm,</span> <span class='ocrx_word' id='word_1_130' title='bbox 1679 1037 1738 1073; x_wconf 82' lang='lat' dir='ltr'>Sap</span> <span class='ocrx_word' id='word_1_131' title='bbox 1762 1038 1789 1071; x_wconf 81' lang='lat'>2,</span> <span class='ocrx_word' id='word_1_132' title='bbox 1807 1038 1847 1065; x_wconf 79' lang='lat'>23.</span> 
     </span>
    </p>

    <p class='ocr_par' dir='ltr' id='par_1_14' title="bbox 119 1097 1659 1154">
     <span class='ocr_line' id='line_1_14' title="bbox 119 1097 1659 1154; baseline -0.003 -15"><span class='ocrx_word' id='word_1_133' title='bbox 119 1100 172 1140; x_wconf 85' lang='lat' dir='ltr'>ait</span> <span class='ocrx_word' id='word_1_134' title='bbox 193 1097 410 1154; x_wconf 80' lang='lat' dir='ltr'>Sapientia,</span> <span class='ocrx_word' id='word_1_135' title='bbox 443 1101 622 1138; x_wconf 78' lang='lat' dir='ltr'>hominem</span> <span class='ocrx_word' id='word_1_136' title='bbox 642 1102 679 1138; x_wconf 76' lang='lat' dir='ltr'>in</span> <span class='ocrx_word' id='word_1_137' title='bbox 700 1101 1002 1151; x_wconf 77' lang='lat' dir='ltr'>z&#39;ncorrnplz&#39;one,·</span> <span class='ocrx_word' id='word_1_138' title='bbox 1033 1100 1083 1137; x_wconf 85' lang='lat' dir='ltr'>ad</span> <span class='ocrx_word' id='word_1_139' title='bbox 1101 1100 1297 1148; x_wconf 72' lang='lat' dir='ltr'>imaginem</span> <span class='ocrx_word' id='word_1_140' title='bbox 1316 1098 1549 1135; x_wconf 71' lang='lat' dir='ltr'>aeternitatis</span> <span class='ocrx_word' id='word_1_141' title='bbox 1569 1109 1659 1134; x_wconf 79' lang='lat' dir='ltr'>snae</span> 
     </span>
    </p>

    <p class='ocr_par' dir='ltr' id='par_1_15' title="bbox 119 1164 1659 1223">
     <span class='ocr_line' id='line_1_15' title="bbox 119 1164 1659 1223; baseline -0.002 -16"><span class='ocrx_word' id='word_1_142' title='bbox 119 1169 211 1220; x_wconf 78' lang='lat' dir='ltr'>fecit</span> <span class='ocrx_word' id='word_1_143' title='bbox 234 1170 351 1207; x_wconf 75' lang='lat' dir='ltr'>illam.</span> <span class='ocrx_word' id='word_1_144' title='bbox 418 1165 571 1223; x_wconf 89' lang='lat' dir='ltr'>Corpus</span> <span class='ocrx_word' id='word_1_145' title='bbox 600 1168 726 1221; x_wconf 88' lang='lat' dir='ltr'>itaque</span> <span class='ocrx_word' id='word_1_146' title='bbox 752 1182 828 1208; x_wconf 88' lang='lat' dir='ltr'>non</span> <span class='ocrx_word' id='word_1_147' title='bbox 863 1181 1023 1222; x_wconf 89' lang='lat' dir='ltr'>prorsus</span> <span class='ocrx_word' id='word_1_148' title='bbox 1049 1165 1314 1220; x_wconf 76' lang='lat' dir='ltr'>extinguitur,</span> <span class='ocrx_word' id='word_1_149' title='bbox 1349 1179 1432 1205; x_wconf 91' lang='lat' dir='ltr'>eum</span> <span class='ocrx_word' id='word_1_150' title='bbox 1461 1164 1574 1205; x_wconf 90' lang='lat' dir='ltr'>bomo</span> <span class='ocrx_word' id='word_1_151' title='bbox 1607 1177 1659 1204; x_wconf 88' lang='lat' dir='ltr'>cx</span> 
     </span>
    </p>

    <p class='ocr_par' dir='ltr' id='par_1_16' title="bbox 121 1236 1835 1363">
     <span class='ocr_line' id='line_1_16' title="bbox 121 1236 1806 1297; baseline -0.001 -20"><span class='ocrx_word' id='word_1_152' title='bbox 121 1250 285 1292; x_wconf 87' lang='lat' dir='ltr'>corpore</span> <span class='ocrx_word' id='word_1_153' title='bbox 316 1236 521 1290; x_wconf 86' lang='lat' dir='ltr'>animaque</span> <span class='ocrx_word' id='word_1_154' title='bbox 553 1237 762 1277; x_wconf 86' lang='lat' dir='ltr'>coalescat.</span> <span class='ocrx_word' id='word_1_155' title='bbox 1729 1255 1806 1297; x_wconf 72' lang='lat' dir='ltr'>Cap.</span> 
     </span>
     <span class='ocr_line' id='line_1_17' title="bbox 234 1299 1835 1363; baseline -0.004 -18"><span class='ocrx_word' id='word_1_156' title='bbox 234 1304 293 1345; x_wconf 87' lang='lat' dir='ltr'>Ac</span> <span class='ocrx_word' id='word_1_157' title='bbox 318 1305 403 1345; x_wconf 77' lang='lat' dir='ltr'>vide</span> <span class='ocrx_word' id='word_1_158' title='bbox 427 1318 573 1359; x_wconf 87' lang='lat' dir='ltr'>quaeso</span> <span class='ocrx_word' id='word_1_159' title='bbox 596 1305 914 1359; x_wconf 78' lang='lat' dir='ltr'>quemadmodum</span> <span class='ocrx_word' id='word_1_160' title='bbox 938 1303 1115 1344; x_wconf 89' lang='lat' dir='ltr'>dominus</span> <span class='ocrx_word' id='word_1_161' title='bbox 1139 1303 1272 1343; x_wconf 85' lang='lat' dir='ltr'>eadem</span> <span class='ocrx_word' id='word_1_162' title='bbox 1296 1301 1360 1342; x_wconf 88' lang='lat' dir='ltr'>illa</span> <span class='ocrx_word' id='word_1_163' title='bbox 1385 1302 1535 1342; x_wconf 87' lang='lat' dir='ltr'>tradere</span> <span class='ocrx_word' id='word_1_164' title='bbox 1558 1299 1656 1342; x_wconf 88' lang='lat' dir='ltr'>Sad-</span> <span class='ocrx_word' id='word_1_165' title='bbox 1709 1302 1835 1363; x_wconf 30' lang='grc' dir='ltr'>ΧΗΪΚΥ</span> 
     </span>
    </p>

    <p class='ocr_par' dir='ltr' id='par_1_17' title="bbox 122 1347 1861 1415">
     <span class='ocr_line' id='line_1_18' title="bbox 122 1347 1861 1415; baseline -0.003 -1"><span class='ocrx_word' id='word_1_166' title='bbox 122 1374 280 1415; x_wconf 87' lang='lat' dir='ltr'>ducaeis</span> <span class='ocrx_word' id='word_1_167' title='bbox 304 1374 632 1413; x_wconf 83' lang='lat' dir='ltr'>resurrectionem</span> <span class='ocrx_word' id='word_1_168' title='bbox 661 1373 790 1413; x_wconf 83' lang='lat' dir='ltr'>carnis</span> <span class='ocrx_word' id='word_1_169' title='bbox 814 1372 1072 1413; x_wconf 84' lang='lat' dir='ltr'>inliciantibus</span> <span class='ocrx_word' id='word_1_170' title='bbox 1103 1371 1286 1411; x_wconf 84' lang='lat' dir='ltr'>voluerit.</span> <span class='ocrx_word' id='word_1_171' title='bbox 1350 1369 1422 1410; x_wconf 83' lang='lat' dir='ltr'>Est</span> <span class='ocrx_word' id='word_1_172' title='bbox 1453 1370 1553 1410; x_wconf 87' lang='lat' dir='ltr'>enim</span> <span class='ocrx_word' id='word_1_173' title='bbox 1586 1370 1658 1410; x_wconf 88' lang='lat' dir='ltr'>hoc</span> <span class='ocrx_word' id='word_1_174' title='bbox 1682 1347 1861 1391; x_wconf 26' lang='lat' dir='ltr'>(XXXX)</span> 
     </span>
    </p>

    <p class='ocr_par' dir='ltr' id='par_1_18' title="bbox 123 1439 1657 1496">
     <span class='ocr_line' id='line_1_19' title="bbox 123 1439 1657 1496; baseline -0.003 -14"><span class='ocrx_word' id='word_1_175' title='bbox 123 1440 436 1483; x_wconf 81' lang='lat' dir='ltr'>Sadducaeorum</span> <span class='ocrx_word' id='word_1_176' title='bbox 463 1442 617 1496; x_wconf 83' lang='lat' dir='ltr'>dogma.</span> <span class='ocrx_word' id='word_1_177' title='bbox 680 1440 790 1482; x_wconf 85' lang='lat' dir='ltr'>Unde</span> <span class='ocrx_word' id='word_1_178' title='bbox 823 1441 985 1481; x_wconf 82' lang='lat' dir='ltr'>conficta</span> <span class='ocrx_word' id='word_1_179' title='bbox 1014 1441 1076 1480; x_wconf 91' lang='lat' dir='ltr'>illa</span> <span class='ocrx_word' id='word_1_180' title='bbox 1105 1440 1150 1480; x_wconf 90' lang='lat' dir='ltr'>de</span> <span class='ocrx_word' id='word_1_181' title='bbox 1176 1440 1336 1480; x_wconf 90' lang='lat' dir='ltr'>muliere</span> <span class='ocrx_word' id='word_1_182' title='bbox 1363 1439 1485 1492; x_wconf 89' lang='lat' dir='ltr'>deque</span> <span class='ocrx_word' id='word_1_183' title='bbox 1511 1445 1657 1492; x_wconf 84' lang='lat' dir='ltr'>septem</span> 
     </span>
    </p>
   </div>
   <div class='ocr_carea' id='block_1_3' title="bbox 123 1508 1658 1564">
    <p class='ocr_par' dir='ltr' id='par_1_19' title="bbox 123 1508 1658 1564">
     <span class='ocr_line' id='line_1_20' title="bbox 123 1508 1658 1564; baseline -0.004 -13"><span class='ocrx_word' id='word_1_184' title='bbox 123 1511 305 1551; x_wconf 82' lang='lat' dir='ltr'>fratribus</span> <span class='ocrx_word' id='word_1_185' title='bbox 340 1509 544 1564; x_wconf 87' lang='lat' dir='ltr'>parabola,</span> <span class='ocrx_word' id='word_1_186' title='bbox 586 1524 697 1564; x_wconf 89' lang='lat' dir='ltr'>qnam</span> <span class='ocrx_word' id='word_1_187' title='bbox 731 1510 920 1550; x_wconf 80' lang='lat' dir='ltr'>adversus</span> <span class='ocrx_word' id='word_1_188' title='bbox 951 1508 1252 1549; x_wconf 86' lang='lat' dir='ltr'>resurrectionis</span> <span class='ocrx_word' id='word_1_189' title='bbox 1285 1521 1487 1561; x_wconf 87' lang='lat' dir='ltr'>corporum</span> <span class='ocrx_word' id='word_1_190' title='bbox 1522 1508 1658 1561; x_wconf 81' lang='lat' dir='ltr'>dogma</span> 
     </span>
    </p>
   </div>
   <div class='ocr_carea' id='block_1_4' title="bbox 1675 1572 1787 1642">
    <p class='ocr_par' dir='ltr' id='par_1_20' title="bbox 1675 1572 1787 1642">
     <span class='ocr_line' id='line_1_21' title="bbox 1679 1572 1787 1599; baseline 0.019 -2"><span class='ocrx_word' id='word_1_191' title='bbox 1679 1572 1787 1599; x_wconf 68' lang='lat' dir='ltr'>wana.</span> 
     </span>
     <span class='ocr_line' id='line_1_22' title="bbox 1675 1607 1778 1642; baseline -0.019 -7"><span class='ocrx_word' id='word_1_192' title='bbox 1675 1608 1719 1642; x_wconf 76' lang='lat'>22,</span> <span class='ocrx_word' id='word_1_193' title='bbox 1737 1607 1778 1634; x_wconf 75' lang='lat'>23.</span> 
     </span>
    </p>
   </div>
   <div class='ocr_carea' id='block_1_5' title="bbox 120 1577 1814 2731">
    <p class='ocr_par' dir='ltr' id='par_1_21' title="bbox 120 1577 1814 2455">
     <span class='ocr_line' id='line_1_23' title="bbox 124 1577 1656 1633; baseline -0.003 -14"><span class='ocrx_word' id='word_1_194' title='bbox 124 1585 398 1633; x_wconf 87' lang='lat' dir='ltr'>proponerent.</span> <span class='ocrx_word' id='word_1_195' title='bbox 461 1583 715 1618; x_wconf 70' lang='lat' dir='ltr'>Accesserant</span> <span class='ocrx_word' id='word_1_196' title='bbox 742 1581 792 1617; x_wconf 82' lang='lat' dir='ltr'>ad</span> <span class='ocrx_word' id='word_1_197' title='bbox 825 1593 924 1625; x_wconf 82' lang='lat' dir='ltr'>eam,</span> <span class='ocrx_word' id='word_1_198' title='bbox 972 1577 1115 1631; x_wconf 90' lang='lat' dir='ltr'>inquit,</span> <span class='ocrx_word' id='word_1_199' title='bbox 1159 1584 1197 1615; x_wconf 80' lang='lat' dir='ltr'>et</span> <span class='ocrx_word' id='word_1_200' title='bbox 1221 1578 1450 1623; x_wconf 74' lang='lat' dir='ltr'>Sadducaei,</span> <span class='ocrx_word' id='word_1_201' title='bbox 1495 1578 1656 1615; x_wconf 76' lang='lat' dir='ltr'>dc‘cenles</span> 
     </span>
     <span class='ocr_line' id='line_1_24' title="bbox 121 1644 1658 1695; baseline -0.001 -9"><span class='ocrx_word' id='word_1_202' title='bbox 121 1651 429 1688; x_wconf 71' lang='lat' dir='ltr'>resurrectionem</span> <span class='ocrx_word' id='word_1_203' title='bbox 452 1663 524 1687; x_wconf 82' lang='lat' dir='ltr'>non</span> <span class='ocrx_word' id='word_1_204' title='bbox 546 1663 637 1686; x_wconf 83' lang='lat' dir='ltr'>esse.</span> <span class='ocrx_word' id='word_1_205' title='bbox 702 1645 871 1686; x_wconf 88' lang='lat' dir='ltr'>Proinde</span> <span class='ocrx_word' id='word_1_206' title='bbox 899 1644 1097 1695; x_wconf 83' lang='lat' dir='ltr'>Christus,</span> <span class='ocrx_word' id='word_1_207' title='bbox 1131 1645 1162 1684; x_wconf 88' lang='lat' dir='ltr'>si</span> <span class='ocrx_word' id='word_1_208' title='bbox 1192 1645 1293 1684; x_wconf 91' lang='lat' dir='ltr'>nulla</span> <span class='ocrx_word' id='word_1_209' title='bbox 1317 1644 1445 1684; x_wconf 86' lang='lat' dir='ltr'>carnis</span> <span class='ocrx_word' id='word_1_210' title='bbox 1471 1651 1575 1683; x_wconf 86' lang='lat' dir='ltr'>esset</span> <span class='ocrx_word' id='word_1_211' title='bbox 1599 1658 1658 1684; x_wconf 91' lang='lat' dir='ltr'>re-</span> 
     </span>
     <span class='ocr_line' id='line_1_25' title="bbox 121 1711 1656 1767; baseline -0.003 -11"><span class='ocrx_word' id='word_1_212' title='bbox 121 1716 336 1766; x_wconf 87' lang='lat' dir='ltr'>surrectio,</span> <span class='ocrx_word' id='word_1_213' title='bbox 371 1716 436 1756; x_wconf 86' lang='lat' dir='ltr'>sed</span> <span class='ocrx_word' id='word_1_214' title='bbox 466 1716 591 1755; x_wconf 88' lang='lat' dir='ltr'>anima</span> <span class='ocrx_word' id='word_1_215' title='bbox 618 1716 806 1755; x_wconf 78' lang='lat' dir='ltr'>duntaxat</span> <span class='ocrx_word' id='word_1_216' title='bbox 839 1715 1000 1755; x_wconf 89' lang='lat' dir='ltr'>salutem</span> <span class='ocrx_word' id='word_1_217' title='bbox 1032 1719 1359 1767; x_wconf 79' lang='lat' dir='ltr'>consequeretur,</span> <span class='ocrx_word' id='word_1_218' title='bbox 1402 1712 1475 1752; x_wconf 89' lang='lat' dir='ltr'>illis</span> <span class='ocrx_word' id='word_1_219' title='bbox 1510 1711 1656 1766; x_wconf 91' lang='lat' dir='ltr'>utique,</span> 
     </span>
     <span class='ocr_line' id='line_1_26' title="bbox 123 1780 1657 1839; baseline -0.003 -15"><span class='ocrx_word' id='word_1_220' title='bbox 123 1791 252 1839; x_wconf 84' lang='lat' dir='ltr'>utpote</span> <span class='ocrx_word' id='word_1_221' title='bbox 275 1791 382 1824; x_wconf 85' lang='lat' dir='ltr'>recte</span> <span class='ocrx_word' id='word_1_222' title='bbox 403 1798 447 1824; x_wconf 87' lang='lat' dir='ltr'>ae</span> <span class='ocrx_word' id='word_1_223' title='bbox 470 1783 667 1838; x_wconf 89' lang='lat' dir='ltr'>praeclare</span> <span class='ocrx_word' id='word_1_224' title='bbox 689 1783 962 1832; x_wconf 82' lang='lat' dir='ltr'>sentientibus,</span> <span class='ocrx_word' id='word_1_225' title='bbox 995 1796 1101 1822; x_wconf 89' lang='lat' dir='ltr'>suam</span> <span class='ocrx_word' id='word_1_226' title='bbox 1123 1781 1392 1821; x_wconf 86' lang='lat' dir='ltr'>auctoritatem</span> <span class='ocrx_word' id='word_1_227' title='bbox 1413 1780 1657 1834; x_wconf 80' lang='lat' dir='ltr'>adiungeret.</span> 
     </span>
     <span class='ocr_line' id='line_1_27' title="bbox 122 1849 1664 1907; baseline -0.004 -14"><span class='ocrx_word' id='word_1_228' title='bbox 122 1853 239 1907; x_wconf 84' lang='lat' dir='ltr'>Atqui</span> <span class='ocrx_word' id='word_1_229' title='bbox 261 1852 335 1893; x_wconf 82' lang='lat' dir='ltr'>alia</span> <span class='ocrx_word' id='word_1_230' title='bbox 358 1852 485 1893; x_wconf 89' lang='lat' dir='ltr'>omnia</span> <span class='ocrx_word' id='word_1_231' title='bbox 509 1852 709 1906; x_wconf 88' lang='lat' dir='ltr'>respondit</span> <span class='ocrx_word' id='word_1_232' title='bbox 733 1859 786 1902; x_wconf 88' lang='lat' dir='ltr'>et,</span> <span class='ocrx_word' id='word_1_233' title='bbox 820 1855 863 1891; x_wconf 88' lang='lat' dir='ltr'>In</span> <span class='ocrx_word' id='word_1_234' title='bbox 887 1854 1175 1898; x_wconf 74' lang='lat' dir='ltr'>resurrectione,</span> <span class='ocrx_word' id='word_1_235' title='bbox 1210 1849 1348 1904; x_wconf 89' lang='lat' dir='ltr'>inquit,</span> <span class='ocrx_word' id='word_1_236' title='bbox 1382 1864 1498 1902; x_wconf 81' lang='lat' dir='ltr'>neque</span> <span class='ocrx_word' id='word_1_237' title='bbox 1521 1852 1664 1888; x_wconf 76' lang='lat' dir='ltr'>ducunt</span> 
     </span>
     <span class='ocr_line' id='line_1_28' title="bbox 123 1916 1661 1974; baseline -0.003 -13"><span class='ocrx_word' id='word_1_238' title='bbox 123 1937 281 1969; x_wconf 65' lang='lat' dir='ltr'>umores,</span> <span class='ocrx_word' id='word_1_239' title='bbox 316 1937 431 1974; x_wconf 81' lang='lat' dir='ltr'>neque</span> <span class='ocrx_word' id='word_1_240' title='bbox 457 1922 622 1968; x_wconf 72' lang='lat' dir='ltr'>nubant,</span> <span class='ocrx_word' id='word_1_241' title='bbox 657 1923 724 1959; x_wconf 84' lang='lat' dir='ltr'>sed</span> <span class='ocrx_word' id='word_1_242' title='bbox 750 1928 793 1959; x_wconf 77' lang='lat' dir='ltr'>ut</span> <span class='ocrx_word' id='word_1_243' title='bbox 811 1922 997 1972; x_wconf 71' lang='lat' dir='ltr'>angele&#39;in</span> <span class='ocrx_word' id='word_1_244' title='bbox 1026 1922 1126 1958; x_wconf 84' lang='lat' dir='ltr'>coelo</span> <span class='ocrx_word' id='word_1_245' title='bbox 1159 1926 1259 1958; x_wconf 77' lang='lat' dir='ltr'>sunl.</span> <span class='ocrx_word' id='word_1_246' title='bbox 1322 1916 1415 1958; x_wconf 85' lang='lat' dir='ltr'>Non</span> <span class='ocrx_word' id='word_1_247' title='bbox 1445 1918 1543 1971; x_wconf 87' lang='lat' dir='ltr'>quod</span> <span class='ocrx_word' id='word_1_248' title='bbox 1576 1931 1661 1957; x_wconf 84' lang='lat' dir='ltr'>car-</span> 
     </span>
     <span class='ocr_line' id='line_1_29' title="bbox 123 1986 1661 2045; baseline -0.004 -15"><span class='ocrx_word' id='word_1_249' title='bbox 123 2004 208 2030; x_wconf 90' lang='lat' dir='ltr'>nem</span> <span class='ocrx_word' id='word_1_250' title='bbox 235 1990 396 2045; x_wconf 89' lang='lat' dir='ltr'>amplius</span> <span class='ocrx_word' id='word_1_251' title='bbox 431 2004 507 2029; x_wconf 93' lang='lat' dir='ltr'>uon</span> <span class='ocrx_word' id='word_1_252' title='bbox 538 1989 724 2039; x_wconf 87' lang='lat' dir='ltr'>babeant,</span> <span class='ocrx_word' id='word_1_253' title='bbox 767 1990 833 2029; x_wconf 82' lang='lat' dir='ltr'>sed</span> <span class='ocrx_word' id='word_1_254' title='bbox 863 1989 963 2043; x_wconf 91' lang='lat' dir='ltr'>quod</span> <span class='ocrx_word' id='word_1_255' title='bbox 999 1988 1150 2043; x_wconf 86' lang='lat' dir='ltr'>nuptias</span> <span class='ocrx_word' id='word_1_256' title='bbox 1183 1994 1315 2027; x_wconf 86' lang='lat' dir='ltr'>mutuo</span> <span class='ocrx_word' id='word_1_257' title='bbox 1350 1986 1475 2026; x_wconf 88' lang='lat' dir='ltr'>nullas</span> <span class='ocrx_word' id='word_1_258' title='bbox 1507 1992 1661 2026; x_wconf 88' lang='lat' dir='ltr'>contra-</span> 
     </span>
     <span class='ocr_line' id='line_1_30' title="bbox 123 2053 1660 2112; baseline -0.004 -13"><span class='ocrx_word' id='word_1_259' title='bbox 123 2058 238 2110; x_wconf 84' lang='lat' dir='ltr'>bant,</span> <span class='ocrx_word' id='word_1_260' title='bbox 271 2059 337 2100; x_wconf 89' lang='lat' dir='ltr'>sed</span> <span class='ocrx_word' id='word_1_261' title='bbox 363 2057 544 2112; x_wconf 84' lang='lat' dir='ltr'>deinceps</span> <span class='ocrx_word' id='word_1_262' title='bbox 570 2057 815 2112; x_wconf 88' lang='lat' dir='ltr'>corruptelae</span> <span class='ocrx_word' id='word_1_263' title='bbox 840 2064 928 2098; x_wconf 91' lang='lat' dir='ltr'>sunt</span> <span class='ocrx_word' id='word_1_264' title='bbox 955 2057 1079 2097; x_wconf 90' lang='lat' dir='ltr'>omnis</span> <span class='ocrx_word' id='word_1_265' title='bbox 1111 2063 1313 2110; x_wconf 79' lang='lat' dir='ltr'>expertes,</span> <span class='ocrx_word' id='word_1_266' title='bbox 1376 2053 1427 2094; x_wconf 89' lang='lat' dir='ltr'>Et</span> <span class='ocrx_word' id='word_1_267' title='bbox 1455 2055 1559 2094; x_wconf 86' lang='lat' dir='ltr'>addit</span> <span class='ocrx_word' id='word_1_268' title='bbox 1591 2067 1660 2093; x_wconf 90' lang='lat' dir='ltr'>uos</span> 
     </span>
     <span class='ocr_line' id='line_1_31' title="bbox 123 2121 1659 2183; baseline -0.005 -15"><span class='ocrx_word' id='word_1_269' title='bbox 123 2127 193 2168; x_wconf 88' lang='lat' dir='ltr'>bac</span> <span class='ocrx_word' id='word_1_270' title='bbox 226 2127 264 2168; x_wconf 91' lang='lat' dir='ltr'>in</span> <span class='ocrx_word' id='word_1_271' title='bbox 299 2135 406 2183; x_wconf 87' lang='lat' dir='ltr'>parte</span> <span class='ocrx_word' id='word_1_272' title='bbox 439 2126 665 2181; x_wconf 87' lang='lat' dir='ltr'>angelorum</span> <span class='ocrx_word' id='word_1_273' title='bbox 701 2140 789 2167; x_wconf 87' lang='lat' dir='ltr'>esse</span> <span class='ocrx_word' id='word_1_274' title='bbox 825 2125 997 2176; x_wconf 88' lang='lat' dir='ltr'>similes,</span> <span class='ocrx_word' id='word_1_275' title='bbox 1046 2131 1087 2165; x_wconf 86' lang='lat' dir='ltr'>ut</span> <span class='ocrx_word' id='word_1_276' title='bbox 1114 2123 1432 2178; x_wconf 88' lang='lat' dir='ltr'>quemadmodum</span> <span class='ocrx_word' id='word_1_277' title='bbox 1464 2121 1589 2175; x_wconf 80' lang='lat' dir='ltr'>augeli</span> <span class='ocrx_word' id='word_1_278' title='bbox 1624 2123 1659 2161; x_wconf 95' lang='lat' dir='ltr'>iu</span> 
     </span>
     <span class='ocr_line' id='line_1_32' title="bbox 123 2191 1660 2249; baseline -0.005 -13"><span class='ocrx_word' id='word_1_279' title='bbox 123 2196 257 2248; x_wconf 85' lang='lat' dir='ltr'>coelo,</span> <span class='ocrx_word' id='word_1_280' title='bbox 291 2196 347 2237; x_wconf 89' lang='lat' dir='ltr'>sic</span> <span class='ocrx_word' id='word_1_281' title='bbox 372 2210 442 2236; x_wconf 92' lang='lat' dir='ltr'>nos</span> <span class='ocrx_word' id='word_1_282' title='bbox 467 2196 503 2235; x_wconf 91' lang='lat' dir='ltr'>iu</span> <span class='ocrx_word' id='word_1_283' title='bbox 524 2193 713 2235; x_wconf 90' lang='lat' dir='ltr'>Paradiso</span> <span class='ocrx_word' id='word_1_284' title='bbox 738 2208 862 2249; x_wconf 84' lang='lat' dir='ltr'>neque</span> <span class='ocrx_word' id='word_1_285' title='bbox 887 2193 1028 2248; x_wconf 86' lang='lat' dir='ltr'>nuptiis</span> <span class='ocrx_word' id='word_1_286' title='bbox 1052 2193 1214 2248; x_wconf 91' lang='lat' dir='ltr'>amplius</span> <span class='ocrx_word' id='word_1_287' title='bbox 1239 2206 1363 2247; x_wconf 89' lang='lat' dir='ltr'>neque</span> <span class='ocrx_word' id='word_1_288' title='bbox 1389 2191 1579 2232; x_wconf 79' lang='lat' dir='ltr'>conviviis</span> <span class='ocrx_word' id='word_1_289' title='bbox 1604 2191 1660 2230; x_wconf 91' lang='lat' dir='ltr'>in-</span> 
     </span>
     <span class='ocr_line' id='line_1_33' title="bbox 123 2261 1660 2319; baseline -0.003 -16"><span class='ocrx_word' id='word_1_290' title='bbox 123 2265 370 2319; x_wconf 82' lang='lat' dir='ltr'>dulgeamus,</span> <span class='ocrx_word' id='word_1_291' title='bbox 406 2265 472 2305; x_wconf 88' lang='lat' dir='ltr'>sed</span> <span class='ocrx_word' id='word_1_292' title='bbox 498 2265 534 2304; x_wconf 87' lang='lat' dir='ltr'>in</span> <span class='ocrx_word' id='word_1_293' title='bbox 561 2263 857 2318; x_wconf 90' lang='lat' dir='ltr'>contemplando</span> <span class='ocrx_word' id='word_1_294' title='bbox 882 2263 952 2303; x_wconf 83' lang='lat' dir='ltr'>deo</span> <span class='ocrx_word' id='word_1_295' title='bbox 974 2262 1267 2315; x_wconf 81' lang='lat' dir='ltr'>excolendaque</span> <span class='ocrx_word' id='word_1_296' title='bbox 1290 2261 1369 2301; x_wconf 89' lang='lat' dir='ltr'>vita</span> <span class='ocrx_word' id='word_1_297' title='bbox 1394 2261 1512 2300; x_wconf 88' lang='lat' dir='ltr'>simus</span> <span class='ocrx_word' id='word_1_298' title='bbox 1545 2274 1660 2299; x_wconf 88' lang='lat' dir='ltr'>occu-</span> 
     </span>
     <span class='ocr_line' id='line_1_34' title="bbox 123 2329 1814 2388; baseline -0.006 -14"><span class='ocrx_word' id='word_1_299' title='bbox 123 2333 222 2388; x_wconf 88' lang='lat' dir='ltr'>pati,</span> <span class='ocrx_word' id='word_1_300' title='bbox 257 2333 432 2388; x_wconf 84' lang='lat' dir='ltr'>praeside</span> <span class='ocrx_word' id='word_1_301' title='bbox 464 2347 508 2373; x_wconf 88' lang='lat' dir='ltr'>ac</span> <span class='ocrx_word' id='word_1_302' title='bbox 535 2333 777 2373; x_wconf 87' lang='lat' dir='ltr'>moderatore</span> <span class='ocrx_word' id='word_1_303' title='bbox 803 2329 976 2373; x_wconf 84' lang='lat' dir='ltr'>Christo.</span> <span class='ocrx_word' id='word_1_304' title='bbox 1040 2329 1132 2371; x_wconf 87' lang='lat' dir='ltr'>Non</span> <span class='ocrx_word' id='word_1_305' title='bbox 1158 2330 1258 2370; x_wconf 90' lang='lat' dir='ltr'>enim</span> <span class='ocrx_word' id='word_1_306' title='bbox 1285 2330 1406 2379; x_wconf 81' lang='lat' dir='ltr'>dixit,</span> <span class='ocrx_word' id='word_1_307' title='bbox 1440 2331 1567 2368; x_wconf 78' lang='lat' dir='ltr'>Erant</span> <span class='ocrx_word' id='word_1_308' title='bbox 1595 2342 1660 2367; x_wconf 87' lang='lat' dir='ltr'>an·</span> <span class='ocrx_word' id='word_1_309' title='bbox 1678 2336 1770 2371; x_wconf 55' lang='grc' dir='ltr'>ωε,</span> <span class='ocrx_word' id='word_1_310' title='bbox 1789 2337 1814 2365; x_wconf 89' lang='lat'>5.</span> 
     </span>
     <span class='ocr_line' id='line_1_35' title="bbox 120 2396 1660 2455; baseline -0.003 -14"><span class='ocrx_word' id='word_1_311' title='bbox 120 2404 218 2454; x_wconf 72' lang='lat' dir='ltr'>geli,</span> <span class='ocrx_word' id='word_1_312' title='bbox 253 2403 344 2452; x_wconf 88' lang='lat' dir='ltr'>sed,</span> <span class='ocrx_word' id='word_1_313' title='bbox 379 2405 488 2442; x_wconf 69' lang='lat' dir='ltr'>Sicut</span> <span class='ocrx_word' id='word_1_314' title='bbox 522 2403 670 2453; x_wconf 75' lang='lat' dir='ltr'>angeli,</span> <span class='ocrx_word' id='word_1_315' title='bbox 707 2399 866 2455; x_wconf 83' lang='lat' dir='ltr'>perinde</span> <span class='ocrx_word' id='word_1_316' title='bbox 900 2415 944 2439; x_wconf 86' lang='lat' dir='ltr'>ac</span> <span class='ocrx_word' id='word_1_317' title='bbox 971 2402 1100 2452; x_wconf 69' lang='lat' dir='ltr'>gloria</span> <span class='ocrx_word' id='word_1_318' title='bbox 1135 2406 1173 2438; x_wconf 85' lang='lat' dir='ltr'>et</span> <span class='ocrx_word' id='word_1_319' title='bbox 1203 2401 1341 2438; x_wconf 76' lang='lat' dir='ltr'>honore</span> <span class='ocrx_word' id='word_1_320' title='bbox 1373 2400 1561 2445; x_wconf 73' lang='lat' dir='ltr'>coronati,</span> <span class='ocrx_word' id='word_1_321' title='bbox 1607 2396 1660 2436; x_wconf 85' lang='lat' dir='ltr'>uli</span> 
     </span>
    </p>

    <p class='ocr_par' dir='ltr' id='par_1_22' title="bbox 124 2465 1660 2525">
     <span class='ocr_line' id='line_1_36' title="bbox 124 2465 1660 2525; baseline -0.005 -14"><span class='ocrx_word' id='word_1_322' title='bbox 124 2470 307 2525; x_wconf 87' lang='lat' dir='ltr'>scriptum</span> <span class='ocrx_word' id='word_1_323' title='bbox 332 2478 414 2521; x_wconf 87' lang='lat' dir='ltr'>est,</span> <span class='ocrx_word' id='word_1_324' title='bbox 443 2473 639 2523; x_wconf 78' lang='lat' dir='ltr'>paululum</span> <span class='ocrx_word' id='word_1_325' title='bbox 663 2484 748 2508; x_wconf 78' lang='lat' dir='ltr'>vero</span> <span class='ocrx_word' id='word_1_326' title='bbox 767 2470 813 2508; x_wconf 88' lang='lat' dir='ltr'>ab</span> <span class='ocrx_word' id='word_1_327' title='bbox 836 2471 982 2520; x_wconf 72' lang='lat' dir='ltr'>angeles</span> <span class='ocrx_word' id='word_1_328' title='bbox 1003 2469 1241 2523; x_wconf 53' lang='lat' dir='ltr'>(Is&#39;fflaercnles,</span> <span class='ocrx_word' id='word_1_329' title='bbox 1277 2474 1391 2520; x_wconf 88' lang='lat' dir='ltr'>atque</span> <span class='ocrx_word' id='word_1_330' title='bbox 1419 2465 1569 2505; x_wconf 91' lang='lat' dir='ltr'>illorum</span> <span class='ocrx_word' id='word_1_331' title='bbox 1593 2479 1660 2505; x_wconf 90' lang='lat' dir='ltr'>na-</span> 
     </span>
    </p>

    <p class='ocr_par' dir='ltr' id='par_1_23' title="bbox 126 2535 1658 2593">
     <span class='ocr_line' id='line_1_37' title="bbox 126 2535 1658 2593; baseline -0.004 -15"><span class='ocrx_word' id='word_1_332' title='bbox 126 2545 234 2580; x_wconf 90' lang='lat' dir='ltr'>turae</span> <span class='ocrx_word' id='word_1_333' title='bbox 259 2539 441 2593; x_wconf 84' lang='lat' dir='ltr'>proximi.</span> <span class='ocrx_word' id='word_1_334' title='bbox 504 2535 626 2591; x_wconf 83' lang='lat' dir='ltr'>Quasi</span> <span class='ocrx_word' id='word_1_335' title='bbox 650 2538 699 2578; x_wconf 90' lang='lat' dir='ltr'>ita</span> <span class='ocrx_word' id='word_1_336' title='bbox 726 2538 895 2578; x_wconf 85' lang='lat' dir='ltr'>diceret:</span> <span class='ocrx_word' id='word_1_337' title='bbox 932 2537 1163 2591; x_wconf 86' lang='lat' dir='ltr'>Tranquillo</span> <span class='ocrx_word' id='word_1_338' title='bbox 1186 2549 1254 2590; x_wconf 89' lang='lat' dir='ltr'>per</span> <span class='ocrx_word' id='word_1_339' title='bbox 1278 2542 1427 2574; x_wconf 74' lang='lat' dir='ltr'>nortem</span> <span class='ocrx_word' id='word_1_340' title='bbox 1453 2548 1495 2573; x_wconf 88' lang='lat' dir='ltr'>ac</span> <span class='ocrx_word' id='word_1_341' title='bbox 1518 2547 1658 2573; x_wconf 87' lang='lat' dir='ltr'>sereno</span> 
     </span>
    </p>

    <p class='ocr_par' dir='ltr' id='par_1_24' title="bbox 124 2601 1658 2657">
     <span class='ocr_line' id='line_1_38' title="bbox 124 2601 1658 2657; baseline -0.005 -9"><span class='ocrx_word' id='word_1_342' title='bbox 124 2611 235 2657; x_wconf 74' lang='lat' dir='ltr'>aere,</span> <span class='ocrx_word' id='word_1_343' title='bbox 270 2622 354 2648; x_wconf 90' lang='lat' dir='ltr'>cum</span> <span class='ocrx_word' id='word_1_344' title='bbox 383 2607 541 2648; x_wconf 85' lang='lat' dir='ltr'>coelesti</span> <span class='ocrx_word' id='word_1_345' title='bbox 569 2607 681 2647; x_wconf 86' lang='lat' dir='ltr'>lunae</span> <span class='ocrx_word' id='word_1_346' title='bbox 705 2606 790 2647; x_wconf 89' lang='lat' dir='ltr'>luce</span> <span class='ocrx_word' id='word_1_347' title='bbox 814 2606 1092 2646; x_wconf 88' lang='lat' dir='ltr'>collustrantur</span> <span class='ocrx_word' id='word_1_348' title='bbox 1115 2603 1265 2653; x_wconf 90' lang='lat' dir='ltr'>omnia,</span> <span class='ocrx_word' id='word_1_349' title='bbox 1299 2603 1392 2643; x_wconf 90' lang='lat' dir='ltr'>solis</span> <span class='ocrx_word' id='word_1_350' title='bbox 1425 2601 1548 2641; x_wconf 82' lang='lat' dir='ltr'>instar</span> <span class='ocrx_word' id='word_1_351' title='bbox 1573 2602 1658 2642; x_wconf 86' lang='lat' dir='ltr'>luna</span> 
     </span>
    </p>

    <p class='ocr_par' dir='ltr' id='par_1_25' title="bbox 124 2670 1659 2731">
     <span class='ocr_line' id='line_1_39' title="bbox 124 2670 1659 2731; baseline -0.005 -15"><span class='ocrx_word' id='word_1_352' title='bbox 124 2676 360 2731; x_wconf 87' lang='lat' dir='ltr'>resplendet.</span> <span class='ocrx_word' id='word_1_353' title='bbox 423 2674 526 2716; x_wconf 88' lang='lat' dir='ltr'>Tum</span> <span class='ocrx_word' id='word_1_354' title='bbox 554 2675 654 2715; x_wconf 89' lang='lat' dir='ltr'>euim</span> <span class='ocrx_word' id='word_1_355' title='bbox 682 2690 756 2715; x_wconf 91' lang='lat' dir='ltr'>non</span> <span class='ocrx_word' id='word_1_356' title='bbox 784 2675 939 2715; x_wconf 91' lang='lat' dir='ltr'>omniuo</span> <span class='ocrx_word' id='word_1_357' title='bbox 965 2674 1085 2715; x_wconf 85' lang='lat' dir='ltr'>solem</span> <span class='ocrx_word' id='word_1_358' title='bbox 1114 2686 1201 2713; x_wconf 89' lang='lat' dir='ltr'>esse</span> <span class='ocrx_word' id='word_1_359' title='bbox 1229 2672 1354 2711; x_wconf 87' lang='lat' dir='ltr'>lunam</span> <span class='ocrx_word' id='word_1_360' title='bbox 1389 2684 1439 2710; x_wconf 84' lang='lat' dir='ltr'>ex</span> <span class='ocrx_word' id='word_1_361' title='bbox 1471 2670 1571 2710; x_wconf 91' lang='lat' dir='ltr'>illius</span> <span class='ocrx_word' id='word_1_362' title='bbox 1604 2678 1659 2709; x_wconf 87' lang='lat' dir='ltr'>te.-</span> 
     </span>
    </p>
   </div>
   <div class='ocr_carea' id='block_1_6' title="bbox 126 2738 1659 2798">
    <p class='ocr_par' dir='ltr' id='par_1_26' title="bbox 126 2738 1659 2798">
     <span class='ocr_line' id='line_1_40' title="bbox 126 2738 1659 2798; baseline -0.005 -13"><span class='ocrx_word' id='word_1_363' title='bbox 126 2744 307 2786; x_wconf 90' lang='lat' dir='ltr'>stimonio</span> <span class='ocrx_word' id='word_1_364' title='bbox 331 2743 629 2798; x_wconf 85' lang='lat' dir='ltr'>colligeremus,</span> <span class='ocrx_word' id='word_1_365' title='bbox 663 2744 730 2784; x_wconf 89' lang='lat' dir='ltr'>sed</span> <span class='ocrx_word' id='word_1_366' title='bbox 757 2744 803 2784; x_wconf 88' lang='lat' dir='ltr'>ad</span> <span class='ocrx_word' id='word_1_367' title='bbox 835 2743 956 2784; x_wconf 87' lang='lat' dir='ltr'>solem</span> <span class='ocrx_word' id='word_1_368' title='bbox 990 2742 1192 2783; x_wconf 86' lang='lat' dir='ltr'>accedere.</span> <span class='ocrx_word' id='word_1_369' title='bbox 1256 2738 1367 2780; x_wconf 82' lang='lat' dir='ltr'>Sicut</span> <span class='ocrx_word' id='word_1_370' title='bbox 1394 2739 1493 2793; x_wconf 90' lang='lat' dir='ltr'>quod</span> <span class='ocrx_word' id='word_1_371' title='bbox 1525 2753 1659 2779; x_wconf 88' lang='lat' dir='ltr'>aurum</span> 
     </span>
    </p>
   </div>
   <div class='ocr_carea' id='block_1_7' title="bbox 171 2876 1658 3006">
    <p class='ocr_par' dir='ltr' id='par_1_27' title="bbox 171 2876 1658 3006">
     <span class='ocr_line' id='line_1_41' title="bbox 172 2876 1658 2923; baseline -0.005 -9"><span class='ocrx_word' id='word_1_372' title='bbox 172 2880 202 2914; x_wconf 83' lang='lat'>3.</span> <span class='ocrx_word' id='word_1_373' title='bbox 229 2877 489 2923; x_wconf 73' lang='grc' dir='ltr'>πλησιάζοντας,</span> <span class='ocrx_word' id='word_1_374' title='bbox 513 2880 566 2914; x_wconf 77' lang='grc' dir='ltr'>ἵνα</span> <span class='ocrx_word' id='word_1_375' title='bbox 588 2877 697 2921; x_wconf 72' lang='grc' dir='ltr'>ὥςπερ</span> <span class='ocrx_word' id='word_1_376' title='bbox 722 2882 870 2913; x_wconf 84' lang='lat' dir='ltr'>Gallund.</span> <span class='ocrx_word' id='word_1_377' title='bbox 961 2878 993 2912; x_wconf 83' lang='lat'>6.</span> <span class='ocrx_word' id='word_1_378' title='bbox 1018 2879 1067 2923; x_wconf 76' lang='grc' dir='ltr'>τῷ</span> <span class='ocrx_word' id='word_1_379' title='bbox 1093 2878 1240 2910; x_wconf 80' lang='lat' dir='ltr'>Galland.</span> <span class='ocrx_word' id='word_1_380' title='bbox 1286 2876 1352 2910; x_wconf 73' lang='grc' dir='ltr'>τῶν</span> <span class='ocrx_word' id='word_1_381' title='bbox 1373 2877 1501 2917; x_wconf 68' lang='grc' dir='ltr'><strong><em>υιιῖςγαία</em></strong></span> <span class='ocrx_word' id='word_1_382' title='bbox 1522 2879 1564 2908; x_wconf 81' lang='lat' dir='ltr'>est</span> <span class='ocrx_word' id='word_1_383' title='bbox 1585 2877 1658 2908; x_wconf 86' lang='lat' dir='ltr'>scri-</span> 
     </span>
     <span class='ocr_line' id='line_1_42' title="bbox 171 2924 1020 2971; baseline -0.002 -13"><span class='ocrx_word' id='word_1_384' title='bbox 171 2924 201 2958; x_wconf 72' lang='lat'>4.</span> <span class='ocrx_word' id='word_1_385' title='bbox 226 2928 370 2959; x_wconf 77' lang='lat' dir='ltr'>Petavius</span> <span class='ocrx_word' id='word_1_386' title='bbox 393 2929 567 2966; x_wconf 74' lang='lat' dir='ltr'>suspicatus</span> <span class='ocrx_word' id='word_1_387' title='bbox 589 2931 631 2960; x_wconf 81' lang='lat' dir='ltr'>est</span> <span class='ocrx_word' id='word_1_388' title='bbox 654 2926 702 2971; x_wconf 80' lang='grc' dir='ltr'>τῷ</span> <span class='ocrx_word' id='word_1_389' title='bbox 729 2925 869 2971; x_wconf 75' lang='grc' dir='ltr'>βλέπειν.</span> <span class='ocrx_word' id='word_1_390' title='bbox 915 2929 1020 2967; x_wconf 83' lang='lat' dir='ltr'>plura.</span> 
     </span>
     <span class='ocr_line' id='line_1_43' title="bbox 172 2971 539 3006; baseline 0 -2"><span class='ocrx_word' id='word_1_391' title='bbox 172 2971 204 3004; x_wconf 83' lang='lat'>5.</span> <span class='ocrx_word' id='word_1_392' title='bbox 228 2971 285 3006; x_wconf 72' lang='grc' dir='ltr'>καὶ</span> <span class='ocrx_word' id='word_1_393' title='bbox 308 2983 367 3006; x_wconf 89' lang='lat' dir='ltr'>om.</span> <span class='ocrx_word' id='word_1_394' title='bbox 391 2973 539 3005; x_wconf 83' lang='lat' dir='ltr'>Gallund.</span> 
     </span>
    </p>
   </div>
   <div class='ocr_carea' id='block_1_8' title="bbox 1300 3025 1389 3073">
    <p class='ocr_par' dir='ltr' id='par_1_28' title="bbox 1300 3025 1389 3073">
     <span class='ocr_line' id='line_1_44' title="bbox 1300 3025 1389 3073; baseline 0.011 -1"><span class='ocrx_word' id='word_1_395' title='bbox 1300 3025 1389 3073; x_wconf 82' lang='lat'>20*</span> 
     </span>
    </p>
   </div>
  </div>
 </body>
</html>
