2030 3324
5 2394 13 2500 XF„-
9 2383 10 2391 ⁴

561 149 743 182 PANARH
771 149 916 180 Lit3.1i.
941 149 1051 181 TOM.
1074 149 1112 180 ΙΙ.
1138 148 1269 180 ΗΑΕΒ.
1289 146 1416 180 LXIX.
1678 139 1750 176 b‘ll

204 231 396 271 creaturis
420 229 505 269 eius
531 235 798 283 anteponunt,
833 235 948 281 atque
972 228 1021 268 ita
1049 229 1154 268 velut
1175 226 1417 281 gratificandi
1455 238 1592 265 caussa
1628 223 1760 263 verbis

205 305 316 338 tenus
341 297 534 337 demereri
567 310 610 336 ae
646 296 857 336 conciliare
895 297 1075 346 student,
1121 296 1280 351 perinde
1314 310 1358 335 ac
1390 295 1452 348 qni
1487 293 1608 333 altera
1644 306 1758 332 manu

202 366 437 415 verberant,
473 365 596 405 altera
626 365 831 418 inungunt.
882 363 1035 419 Quippe
1060 365 1150 404 illud
1180 365 1303 419 ipsum
1330 371 1466 417 suapte
1491 368 1630 416 sponte
1655 361 1761 400 velut

202 433 380 474 beneficii
410 434 496 473 loco
523 433 721 483 tribuunt,
757 440 871 486 atquc
906 432 956 472 ita
991 433 1189 473 dictitant:
1238 431 1324 471 Nos
1355 438 1575 470 creaturam
1605 429 1758 483 quidem

202 502 306 542 illum
335 515 424 542 esse
454 502 639 551 dicimus,
686 501 753 541 sed
785 515 861 540 non
896 508 1116 541 ceterarum
1151 507 1419 540 creaturarum
1458 499 1596 538 instar.
1663 495 1758 536 ltem

203 570 396 624 opificium
431 583 520 610 esse
559 569 778 619 credimus,
825 569 891 608 sed
926 584 1002 609 non
1037 568 1250 608 cuiusmodi
1288 574 1418 607 cetera
1461 566 1611 620 opilicia
1653 574 1757 606 sunt.

202 636 369 679 Foetum
400 638 580 693 insuper,
625 653 700 678 non
728 644 767 677 ut
792 639 918 677 l'oetns
946 637 1007 676 alii
1043 644 1148 677 sunt.
1213 634 1263 676 Ut
1295 650 1379 676 eum
1406 643 1627 676 ceterorum
1661 647 1760 688 quae

201 706 417 761 gignuntur
442 721 518 746 non
546 707 671 747 instar
705 720 794 746 csse
823 705 1020 754 dixerint,
1067 704 1281 744 naturalem
1309 704 1342 743 ei
1366 703 1663 758 generationem
1696 703 1762 741 de-

203 775 382 825 traliant,
425 782 462 814 et
489 790 573 815 cum
610 775 767 815 minime.
794 773 959 814 alicuius
991 787 1040 813 ex
1077 773 1268 813 creaturis
1301 773 1467 812 similem
1500 771 1760 819 asseruerint,

202 857 336 884 veram
361 844 464 885 illum
490 852 710 884 creaturam
743 856 831 882 esse
863 841 1062 882 deliniant.
1124 840 1226 881 'Nam
1261 840 1554 894 cuiusquemodi
1583 846 1763 880 creatura

201 912 330 966 aliqua
364 912 435 962 sit,
482 920 663 953 creatura
699 919 825 951 tamen
856 917 938 960 cst,
986 924 1031 949 ac
1057 909 1144 949 licet
1171 909 1337 949 inl'initis
1361 909 1534 964 partibus
1558 914 1762 963 praestan·

203 981 279 1022 tius
314 995 455 1021 nomen
489 980 686 1030 obtineat,
729 994 814 1019 eum
853 979 1012 1032 reliquis
1049 977 1299 1017 nihilominus
1332 977 1525 1017 creaturis
1551 975 1761 1030 adaequari

203 1062 366 1089 necesse
396 1056 472 1089 est.
534 1047 638 1088 Nam
672 1061 797 1102 neque
821 1046 902 1096 sol,
947 1047 1046 1100 quod
1081 1046 1228 1099 reliqna
1254 1045 1462 1099 splendore
1491 1051 1672 1099 superet,
1708 1044 1764 1083 id-

202 1117 308 1158 circo
333 1124 516 1158 creatura
541 1131 616 1157 non
645 1130 733 1157 esse
762 1123 909 1170 potest,
946 1114 1105 1170 perinde
1134 1129 1178 1154 ac
1202 1114 1315 1169 lapis.
1379 1112 1521 1167 Neque
1545 1113 1645 1167 quod
1674 1112 1763 1151 luna

202 1186 326 1226 stellis
349 1185 590 1241 splendidior
614 1185 687 1235 sit,
733 1185 780 1224 ob
808 1184 842 1224 id
869 1198 888 1224 a
916 1191 1137 1224 creatarum
1173 1197 1303 1224 rerum
1335 1195 1498 1222 numero
1525 1180 1762 1221 secernitur.

204 1257 302 1294 Ecce
324 1257 442 1301 em'm,
478 1253 531 1293 ait
554 1254 746 1308 scriptura
763 1286 772 1304 ,
807 1256 928 1292 omnia
949 1256 1120 1291 serviunt
1142 1253 1234 1300 le'bi3
1271 1251 1370 1306 quod
1400 1263 1666 1304 quaecumque
1699 1250 1765 1289 ‹le-
1791 1244 1917 1315 ξῗξῖῑῑξί,

203 1337 305 1363 mum
331 1323 530 1372 existunt,
565 1322 612 1362 ab
639 1336 685 1362 eo
712 1329 844 1362 creata
872 1328 984 1371 sunt,
1019 1321 1132 1375 eique
1161 1321 1364 1360 serviunt:
1411 1319 1635 1373 unigenitus
1668 1332 1765 1358 vero

204 1391 307 1432 silius
334 1391 482 1431 veritas
508 1398 590 1440 est,
638 1405 682 1430 ac
717 1404 852 1431 verum
890 1389 1068 1429 verbum.
1134 1387 1172 1428 ld
1204 1389 1303 1442 quod
1338 1388 1420 1442 ipse
1458 1394 1637 1427 testatur.
1702 1390 1962 1434 Segloanneai.

205 1460 353 1514 inquit,
388 1463 602 1499 manseritis
634 1463 672 1498 ιή
701 1460 809 1498 verbo
836 1474 935 1506 men,
985 1473 1068 1496 vere
1100 1460 1281 1509 discipuli
1304 1460 1378 1496 mei
1403 1459 1532 1503 eriles,
1569 1464 1605 1495 el
1627 1471 1765 1507 cogno-

203 1531 316 1568 scetis
341 1531 554 1575 veritalem,
591 1536 627 1566 el
652 1531 791 1567 vere'las
816 1528 992 1566 libet-abi!
1017 1542 1091 1565 Uos.
1159 1523 1258 1566 Cum
1286 1525 1387 1565 enim
1417 1525 1477 1564 dei
1503 1524 1663 1564 verbnm
1699 1539 1765 1564 ve-

204 1597 300 1637 ritas
323 1596 397 1647 sit,
433 1596 568 1650 eisque
593 1596 656 1650 qui
681 1596 718 1636 in
741 1595 961 1636 libertatem
996 1602 1228 1635 asseruntur
1256 1595 1357 1634 illam
1389 1593 1510 1648 ipsam
1546 1593 1764 1633 libertatem

206 1665 373 1716 tribuat,
407 1672 553 1719 quanto
578 1664 702 1719 magis
727 1664 800 1704 erit
826 1664 908 1719 ipse
933 1664 1054 1714 liber,
1091 1670 1224 1718 utpote
1250 1663 1312 1717 qui
1340 1663 1391 1703 sit
1413 1662 1585 1712 veritas,
1620 1675 1766 1716 eosque

205 1734 244 1774 in
282 1734 501 1775 libertatem
537 1747 585 1774 ex
630 1733 821 1773 servitute
867 1733 1038 1773 vindicet
1080 1731 1143 1786 qui
1184 1731 1258 1771 sibi
1298 1731 1368 1786 ipsi
1413 1745 1558 1771 morem
1601 1731 1769 1785 gerant?

209 1801 405 1856 Quoniam
440 1802 569 1843 omnia
601 1809 676 1842 tam
711 1801 782 1856 ipsi
815 1817 927 1856 quam
962 1802 1045 1842 eius
1071 1801 1193 1856 patri,
1227 1800 1378 1855 spiritui
1403 1807 1542 1840 saneto
1570 1799 1765 1839 serviunt.

322 1869 400 1911 Sed
427 1871 517 1911 illud
543 1870 754 1911 obiiciunt:
803 1869 1011 1924 Quomodo
1039 1884 1080 1911 se
1107 1869 1249 1909 infudit
1274 1869 1311 1908 in
1338 1882 1519 1917 carnem,
1556 1867 1587 1907 si
1615 1882 1666 1908 ex
1699 1881 1764 1922 pa·
1828 1873 1907 1913 Cap.

209 1939 281 1980 tris
315 1940 487 1981 essentia
521 1939 743 1995 processit?
809 1938 951 1980 Dicant
974 1946 1009 1979 et
1037 1938 1107 1992 ipsi
1134 1952 1203 1978 cur
1226 1937 1378 1992 angeli,
1415 1937 1477 1991 qni
1506 1937 1626 1992 ipsius
1658 1936 1764 1977 servi
1814 1918 1923 1949 XVII.

210 2015 324 2060 sunt,
359 2022 516 2049 carnem
546 2008 702 2048 minime
727 2009 998 2063 susceperint,
1043 2021 1112 2047 eur
1139 2021 1210 2047 nec
1246 2006 1497 2060 archangeli,
1542 2019 1615 2045 nee
1639 2005 1769 2045 coele-

210 2085 292 2118 stes
322 2077 548 2127 exercitus,
584 2091 655 2117 nee
679 2077 815 2131 reliqui
843 2090 979 2116 omnes
1003 2075 1192 2130 spiritns?
1253 2074 1355 2129 Quid
1379 2074 1479 2129 quod
1504 2082 1541 2114 et
1567 2074 1682 2114 iidem
1711 2073 1769 2113 in-

211 2146 394 2187 feriorem
421 2160 509 2187 esse
537 2146 617 2186 filio
641 2145 819 2201 spiritum
845 2146 1060 2195 affirmant,
1096 2151 1134 2184 et
1161 2143 1323 2185 alterius
1350 2151 1595 2193 ereaturam,
1630 2155 1769 2196 nempe

210 2214 350 2256 verbi?
411 2212 495 2256 Cur
517 2229 593 2255 non
617 2214 735 2269 igitur
762 2228 918 2256 carnem
950 2213 1110 2268 spiritus
1136 2213 1282 2263 induit,
1317 2227 1402 2252 cum
1431 2226 1480 2251 ex
1504 2211 1588 2251 Arii
1610 2218 1770 2251 senten-

211 2284 264 2324 tia
291 2283 412 2324 multo
440 2283 564 2337 magis
590 2283 641 2323 sit
663 2283 766 2323 illius
789 2298 901 2337 qnam
930 2282 998 2322 filii
1027 2296 1195 2337 persona
1222 2281 1443 2322 mutabilis?
1493 2278 1770 2319 Yernmenim-

212 2366 309 2393 vero
343 2352 444 2406 qnod
470 2352 532 2392 ille
560 2351 751 2406 sapientia
777 2351 899 2406 patris
923 2358 1051 2400 esset,
1086 2358 1239 2391 suamet
1274 2349 1396 2404 ipsius
1427 2348 1669 2403 perfectione
1702 2347 1772 2387 im-

213 2419 463 2461 becillitatem
501 2427 674 2461 nostram
710 2419 912 2475 suscipere
949 2420 1095 2471 voluit,
1144 2427 1182 2460 nt
1215 2419 1328 2458 liuius
1363 2417 1492 2456 mundi
1530 2416 1636 2457 salus
1668 2415 1772 2456 illius

213 2488 410 2530 benel'icio
433 2496 744 2543 compararetur.
808 2489 862 2529 At
887 2488 939 2529 illi
967 2488 1068 2529 bona
1097 2488 1133 2527 in
1161 2487 1258 2527 mala
1287 2492 1570 2526 commutantes
1597 2485 1772 2538 ingratos

214 2571 304 2599 sese
334 2557 546 2613 praebent,
583 2557 677 2597 tanti
703 2556 884 2598 beneficii
914 2557 1185 2605 immemores,
1221 2562 1335 2609 atquc
1364 2554 1400 2593 in
1430 2553 1626 2593 dominum
1660 2567 1771 2593 suum

215 2625 488 2668 contumeliosi
516 2625 670 2680 penitus
695 2632 732 2665 et
757 2625 903 2666 iniurii.
971 2624 1119 2665 Eodem
1144 2624 1258 2664 modo
1286 2629 1321 2662 et
1345 2622 1381 2662 in
1408 2621 1551 2662 ceteris
1576 2621 1628 2662 ita
1656 2622 1702 2661 de
1726 2635 1773 2661 eo

216 2694 389 2735 sentiunt
414 2701 454 2735 ut
480 2694 649 2734 divinam
676 2694 712 2733 iu
736 2707 782 2734 eo
808 2693 1035 2749 dignitatem
1059 2692 1305 2733 imminuant.
1357 2689 1543 2743 Quinam,
1579 2689 1772 2744 inquiunt,

217 2762 379 2814 esuriit,
414 2765 446 2803 si
473 2776 523 2803 ex
548 2762 670 2817 patris
698 2763 871 2803 essentia
898 2762 1065 2818 prodiit?
1125 2760 1185 2800 De
1212 2760 1284 2800 deo
1315 2759 1455 2813 qnippe
1478 2758 1664 2814 scriptum
1697 2765 1773 2809 est,

217 2834 302 2871 Non
331 2834 492 2879 esuriet,
529 2846 646 2883 neque
669 2834 792 2878 sitiet,
829 2847 946 2884 neque
971 2838 1028 2869 est
1049 2831 1289 2880 investigant»
1319 2830 1525 2880 sapientiae
1548 2829 1677 2866 illius.-
1714 2826 1773 2867 liie
1791 2836 1955 2863 lawe&-

264 2934 340 2968 Cn».
365 2935 474 2966 XVII.
509 2953 553 2958 —-
612 2934 635 2965 1.
666 2936 763 2966 Verba
799 2930 880 2975 ὑπὲρ
917 2931 974 2967 τὸν
1066 2932 1098 2964 2.
1127 2930 1389 2974 μετατρέποντες
1405 2932 1557 2963 editorum
1572 2931 1720 2963 librorum
1736 2934 1776 2961 es(

219 2977 288 3014 uta-a
314 2983 425 3013 absunt
451 2991 470 3012 a
494 2981 561 3013 cod.
582 2981 708 3019 Rhodia.
1022 2980 1142 3009 vitium.

1395 3038 1448 3077 39
1467 3035 1488 3058 ²5²
