2056 3298
190 876 255 904 pag.
275 870 332 898 410.

172 1416 259 1458 Κεφ.

285 1414 314 1449 w.

350 173 401 212 2ss
912 177 1072 210 SANCTI
1098 178 1324 210 EPIPHANH

1079 254 1086 269 ἱ
1139 254 1159 268 5!

350 263 431 305 τοῖς
461 257 573 303 ι’δίοις
599 257 690 296 ποσί
711 268 831 306 φησιν
858 253 998 304 οὕτως·
1036 260 1113 297 Τον
1134 258 1257 310 ανδρα
1280 250 1328 297 οὗ
1355 257 1457 298 ἔστιν
1479 254 1506 310 ἦ
1528 256 1627 310 ζώνη
1658 256 1777 311 αὕτη,
1809 256 1876 310 δή·

355 338 488 364 σουσιν
518 320 657 372 αὐτόν,
698 323 765 362 καὶ
799 320 1026 364 άποίσουσιν
1056 325 1109 371 εἰς
1139 321 1397 377 Ἰερουσαλήμ.
1454 323 1564 365 ’Anci
1596 326 1661 366 καὶ
1692 325 1808 367 πάλιν
1837 327 1876 367 ἒν

355 390 561 446 Ἀντιοχείᾳ
593 394 789 442 κατῆλθον
819 395 1039 444 προφῆται,
1077 392 1143 432 καὶ
1173 390 1426 446 κατήγγελλον
1456 391 1568 445 λιμόν
1598 394 1755 434 ἔσεσθαι
1785 390 1876 433 καθ’

353 458 445 509 ὅλης
464 462 532 509 τῆς
554 458 803 510 οἰκουμένης·
834 459 900 499 καὶ
926 456 973 499 οὐ
997 460 1171 500 διέπεσεν
1193 456 1215 499 ὁ
1237 457 1384 500 τούτων
1407 460 1529 514 λόγος.
1571 457 1664 500 Ἀλλ’
1685 462 1750 501 ἵνα
1772 462 1875 517 δείξῃ

352 523 495 572 αὐτούς
517 523 732 577 άληθινοῦς
753 525 972 580 προφήτας,
1003 524 1029 579 ἦ
1052 525 1185 581 γραφὴ
1207 524 1330 574 εὐθύς
1353 527 1527 580 ἐπιφέρει
1546 527 1729 581 λέγουσα,
1765 526 1878 575 ‘'Hug-

355 593 501 646 ἐγένετο
532 594 596 634 ἐπὶ
621 596 823 634 Κλαυδίου
847 597 1054 647 Καίσαρος.
1119 598 1277 642 Παῦλος
1303 593 1344 634 δὲ
1370 592 1392 634 ὁ
1421 592 1632 648 άγιώτατος
1660 592 1877 643 ἀπόστολος

352 659 614 715 προφητεύων
641 662 760 715 ἔλεγε,
797 661 848 702 Τό
877 662 918 702 δὲ
939 666 1092 714 πνεῦμα
1116 664 1241 714 ῥητῶς
1265 662 1383 715 λέγει,
1413 659 1486 701 Ἐν
1510 660 1686 714 ἐσχάταις
1717 660 1878 717 ἡμέραις

353 728 601 781 ἐνστήσονται
623 731 754 784 καιροὶ
779 730 959 782 χαλεποὶ,
990 730 1056 770 καὶ
1082 727 1127 769 τά
1149 730 1252 781 ἑξῆς·
1283 729 1349 769 καὶ
1372 727 1487 769 πάλιν
1510 727 1638 770 ἄλλοτε
1661 728 1733 780 ὅτι,
1763 728 1876 772 Ἀπο-

353 795 558 849 στήσονταί
580 814 678 845 τινες
701 802 770 850 τῆς
791 795 1043 852 ὑγιαινούσης
1066 798 1335 847 διδασκαλίας,
1367 797 1614 850 προςέχοντες
1635 798 1792 845 πλάνοις
1813 798 1878 838 καὶ

355 867 619 913 διδασκαλίαις
647 864 865 917 δαιμόνων,
897 862 1126 905 κωλυόντων
1157 869 1315 918 γαμεῖν,
1346 861 1556 916 ἀπέχεσθαι
1586 862 1823 918 βρωμάτων,
1853 863 1878 905 ὁὶ

354 931 376 974 ὁ
397 931 493 981 θεὸς
515 935 663 974 ἔκτισεν
691 935 745 982 εἰς
772 931 990 985 μετάληψιν
1014 929 1124 984 ἡμῖν,
1156 937 1238 980 τοῖς
1264 929 1341 984 μετ’
1371 930 1628 986 εὐχαριστίας·
1661 929 1714 980 ὥς
1743 936 1879 984 σαφῶς

352 999 413 1052 ἐφ’
436 998 528 1053 ὑμῖν
551 1002 617 1041 καὶ
640 1007 720 1049 τοῖς
741 999 892 1053 ὁμοίοις
913 997 1006 1052 ύμῖν
1025 998 1272 1053 πεπλήρωται
1298 1001 1335 1048 ἐξ
1358 997 1487 1040 αὐτῶν
1505 1004 1583 1040 τῶν
1602 1000 1866 1054 προκειμένων

351 1071 408 1109 Αἰ
434 1067 506 1123 γάρ
538 1071 691 1117 πλείους
722 1073 801 1109 τῶν
833 1068 1017 1122 αἱρέσεων
1043 1066 1192 1108 τούτων
1215 1072 1284 1109 τοῦ
1309 1073 1444 1122 γαμεῖν
1473 1067 1712 1119 κωλύουσιν,
1744 1066 1876 1121 οἷπέχε-

352 1143 448 1178 σθαι
471 1135 689 1190 βρωμάτων
712 1136 1060 1191 παραγγέλλουσιν,
1093 1133 1162 1188 οὐχ
1187 1137 1312 1177 ἕνεκεν
1338 1138 1530 1184 πολιτείας
1553 1134 1876 1190 προτρεπόμενοι,

354 1203 422 1257 οὐχ
444 1206 570 1246 ἕνεκεν
591 1202 728 1258 άρετῆς
749 1206 920 1256 μείζονος
940 1204 1008 1244 καὶ
1030 1206 1221 1258 βραβείων
1242 1205 1308 1245 καὶ
1330 1202 1544 1256 στεφάνων,
1576 1202 1669 1245 ἄλλά
1689 1202 1878 1257 βδελυκτοὶ

356 1271 402 1313 τά
431 1270 509 1314 ὑπὸ
540 1277 610 1313 τοῦ
640 1274 777 1327 κυρίου
806 1272 1037 1327 γεγενημένα
1066 1269 1288 1326 ἡγούμενοι.

463 1407 523 1449 ‘H
552 1409 594 1449 δὲ
625 1406 714 1463 άγία
741 1409 920 1461 ἐκκλησία
952 1409 1018 1448 καὶ
1047 1411 1267 1461 παρθενίαν
1297 1406 1445 1457 δοξάζει
1471 1409 1537 1449 καὶ
1568 1406 1779 1461 μονότητα,
1810 1408 1878 1449 καὶ

354 1475 508 1532 ἁγνείαν
538 1477 606 1517 καὶ
629 1474 849 1529 χηροσύνην
880 1477 1049 1526 ἐπαινεῖ,
1080 1476 1146 1517 καὶ
1174 1474 1299 1530 γάμον
1329 1474 1469 1528 σεμνὸν
1505 1478 1595 1532 τιμᾷ
1619 1476 1682 1516 καὶ
1716 1477 1876 1528 δέχεται,

353 1547 537 1600 πορνείαν
567 1544 608 1585 δὲ
638 1545 700 1586 καὶ
731 1547 901 1597 μοιχείαν
924 1545 990 1585 καὶ
1013 1542 1209 1598 ἀσέλγειαν
1233 1542 1476 1598 ἀπαγορεύει.
1522 1542 1648 1584 “’Ὀθεν
1674 1545 1770 1585 ἰδεῖν
1799 1545 1878 1585 ἔστι

351 1612 419 1654 τόν
449 1617 669 1666 χαρακτῆρα
690 1617 760 1665 τῆς
784 1610 894 1667 άγίας
921 1616 1138 1665 καθολικῆς
1162 1613 1364 1664 ἐκκλησίας
1392 1612 1459 1652 καὶ
1483 1609 1575 1660 τούς
1607 1628 1875 1666 παραπεποιη·

352 1682 494 1733 μένους
517 1685 595 1721 τῶν
619 1679 742 1721 ἄλλων
767 1679 960 1735 τρόπους,
991 1681 1055 1721 καὶ
1084 1678 1129 1720 τα
1159 1680 1446 1732 δοκιμασθέντα
1476 1677 1777 1734 ἀποδιδράσκειν
1800 1677 1876 1721 άπὸ

353 1747 481 1801 πάσης
513 1747 663 1800 πλάνης
692 1749 758 1789 καὶ
793 1753 947 1796 σκολιᾶς
977 1746 1073 1789 ὁδοῦ
1109 1748 1175 1788 καὶ
1210 1750 1346 1802 τρίβου
1383 1749 1597 1796 1ε’ναντίως
1626 1748 1877 1800 διακειμένης.

354 1815 497 1869 ”Εφην
526 1814 597 1871 γάρ
629 1814 709 1857 ἅνω
738 1814 790 1865 ὦς
814 1814 890 1857 vino*
914 1820 984 1857 τοῦ
1008 1813 1121 1870 άγίου
1145 1813 1364 1856 άποστόλου
1393 1818 1637 1871 προείρηται,
1668 1816 1733 1856 καὶ
1762 1813 1879 1857 πάλιν

355 1886 450 1938 ἐρῶ,
482 1882 540 1925 ὅτι
563 1882 866 1936 άσφαλιζόμενος
888 1882 991 1936 ήμᾶς
1019 1884 1085 1924 καὶ
1109 1881 1176 1924 τόν
1203 1887 1425 1937 χαρακτῆρα
1456 1887 1525 1936 τῆς
1546 1881 1657 1938 άγίας
1678 1884 1880 1935 ἐκκλησίας

355 1955 516 2004 διαιρῶν
542 1949 619 1992 άπὸ
641 1956 710 2004 τῆς
733 1956 810 1993 τῶν
834 1953 1018 2006 αίρέσεων
1043 1950 1191 2003 πλάνης
1217 1953 1314 2003 ἔφη,
1347 1949 1399 2000 ὥς
1424 1955 1624 2005 τολμηρῶς
1646 1950 1692 1992 τοὶ
1715 1952 1756 1992 ἐκ
1780 1955 1879 1992 θεοῦ

354 2025 485 2068 καλῶς
515 2020 723 2074 τεταγμένα
752 2018 1061 2074 άπαγορεύοντες
1089 2023 1366 2071 νομοθετοῦσι,
1400 2018 1530 2072 φήσας
1551 2021 1639 2073 περί
1662 2035 1776 2060 τινων
1804 2036 1880 2060 κω-

354 2087 526 2129 λυόντων
546 2093 680 2142 γαμεῖν
700 2088 766 2128 καὶ
788 2086 1000 2141 άπέχεσθαι
1023 2086 1250 2141 βρωμάτων.
1313 2088 1392 2127 Καὶ
1418 2086 1491 2142 γάρ
1522 2088 1733 2143 συμμετρία
1760 2087 1835 2128 τινὶ
1857 2083 1880 2128 ὅ

354 2155 451 2204 θεὸς
471 2157 583 2210 λόγος
604 2157 644 2196 έν
665 2159 719 2211 τῷ
744 2153 947 2211 εὐαγγελίῳ
971 2154 1121 2207 φήσας,
1156 2156 1286 2203 Θέλεις
1306 2155 1447 2203 τέλειος
1466 2155 1666 2209 γενέσθαι,·
1698 2158 1880 2208 Συγγνω-

356 2229 488 2277 μονῶν
510 2228 556 2281 τῇ
576 2228 653 2264 τῶν
677 2222 902 2278 ἀνθρώπων
924 2221 1056 2264 πλάσει
1080 2224 1145 2263 καὶ
1171 2227 1191 2250 2
1207 2221 1390 2280 ἀσθενείᾳ
1413 2225 1531 2277 χαίρει
1557 2223 1621 2263 ε’πὶ
1643 2227 1725 2270 τοῖς
1745 2220 1792 2262 τοὶ
1814 2224 1879 2263 δο-

357 2295 466 2345 κίμια
489 2297 558 2345 τῆς
587 2294 812 2344 θεοσεβείας
840 2291 1068 2343 δυναμένοις
1092 2292 1385 2341 ἐνδείκνυσθαι,
1415 2292 1635 2345 παρθενίαν
1662 2287 1794 2330 άσκεῖν
1823 2290 1879 2330 αἷ-

359 2361 583 2414 ρουμένοις,
613 2362 680 2400 καὶ
707 2357 863 2415 ἁγνείαν
893 2360 959 2400 καὶ
992 2360 1230 2413 ε’γκρατείαν·
1269 2357 1341 2411 τήν
1367 2358 1408 2399 δὲ
1438 2360 1681 2413 μονογαμίαν
1703 2361 1816 2414 τιμᾷ,
1848 2358 1883 2398 εἰ

357 2429 423 2469 καὶ
450 2427 611 2480 μάλιστα
631 2427 678 2468 τοὶ
697 2430 909 2482 χαρίσματα
933 2431 999 2479 τῆς
1022 2426 1231 2481 ἱερωσύνης
1257 2425 1321 2467 δια
1343 2431 1420 2467 τῶν
1442 2424 1519 2466 άπό
1549 2427 1790 2480 μονογαμίας
1821 2426 1878 2480 ε’γ-

357 2497 677 2551 κρατευσαμένων
698 2497 765 2537 καὶ
790 2500 867 2536 τῶν
891 2496 930 2536 έν
960 2497 1154 2551 παρθενίᾳ
1182 2493 1459 2535 διατελούντων
1490 2491 1690 2545 κοσμήσας
1718 2491 1881 2548 προετύ-

358 2582 458 2615 που,
492 2563 544 2612 ὥς
567 2565 632 2606 καὶ
655 2566 694 2605 οἱ
711 2562 831 2604 αὐτοῦ
856 2561 1063 2604 άπόστολοι
1085 2561 1152 2603 τὸν
1177 2560 1490 2615 ἐκκλησιαστικὸν
1511 2559 1659 2602 κανόνα
1678 2565 1748 2614 τῆς
1772 2563 1879 2616 ἱερω-

360 2632 480 2685 σύνης
501 2631 693 2680 εὐτάκτως
713 2632 779 2673 καὶ
801 2628 917 2679 ὁσίως
939 2629 1170 2680 διετάξαντο.
1231 2632 1286 2671 Εἰ
1307 2631 1350 2671 δέ
1370 2647 1427 2678 τις
1451 2627 1549 2670 κατά
1573 2626 1779 2669 ἀσθένειαν
1800 2630 1880 2670 ε’πι-

361 2703 519 2753 δεηθείη
551 2699 643 2753 μετοὶ
678 2699 749 2753 τὴν
784 2697 959 2751 τελευτὴν
988 2701 1054 2751 τῆς
1089 2700 1190 2746 ἰδίας
1224 2702 1391 2753 γαμετῆς
1423 2700 1677 2749 συναφθῆναι
1714 2697 1878 2752 δευτέρῳ

358 2767 488 2825 γάμῳ,
520 2766 592 2809 οὐκ
615 2766 849 2823 άπαγορεύει
871 2772 984 2808 τοῦτο
1009 2764 1031 2807 ὁ
1054 2765 1183 2808 κανών
1205 2771 1275 2819 τῆς
1297 2765 1503 2819 ἀληθείας,
1532 2764 1703 2806 τουτέστι
1727 2762 1794 2805 τόν
1825 2761 1879 2816 μὴ

406 2860 482 2892 CAP.
510 2860 568 2891 IX.
596 2878 637 2883 —
686 2860 714 2893 1.
745 2859 899 2898 ἐναντίως
929 2858 1095 2900 διακειμέ-
1142 2855 1294 2892 ἀπέναντι
1328 2859 1386 2900 (vel
1411 2856 1540 2899 ἔναντα)
1574 2858 1663 2890 διακ.
1712 2857 1878 2888 cornarius

358 2917 417 2948 νης
441 2908 549 2945 scripsi
571 2907 732 2937 Petavium
751 2909 879 2937 seculus.
929 2906 1001 2937 Cod.
1018 2906 1094 2936 Rhe·
1140 2906 1229 2935 vertit
1253 2903 1316 2941 „ab
1338 2903 1425 2934 omni
1447 2913 1556 2934 errore
1579 2907 1613 2932 et
1634 2900 1764 2943 obliqua
1780 2907 1878 2943 atque

359 2953 422 2991 di9.
441 2952 528 2982 habet
548 2946 659 2983 ἄναντι
679 2950 910 2992 διακειμένης,
934 2951 1008 2982 editi
1027 2951 1096 2980 libri
1142 2948 1255 2979 acclivi
1281 2948 1361 2979 ealle
1385 2947 1616 2990 refugiamus.“

359 2992 480 3037 ἀνάντη
502 2994 725 3038 διακειμένης.
774 2997 854 3028 Olim
876 2997 1045 3027 incideram
1063 2996 1096 3026 in
1186 2993 1217 3026 2.
1242 2995 1380 3026 Editores
1401 2995 1605 3025 distinxerunt
1623 2995 1691 3032 post
1709 2987 1877 3034 ἀσθενείᾳ.
