2066 3319
528 184 711 216 PANAan
732 184 815 215 Lm.
833 185 874 216 11.
898 185 1005 217 TOM.
1025 186 1047 217 1.
1073 186 1343 219 HAER.LX111.
1624 180 1705 219 227

171 279 218 305 ne
243 277 420 304 racemos
443 263 659 318 proferret,
694 263 761 303 sed
790 270 826 303 et
858 263 1066 318 plantavit,
1102 268 1206 306 etde
1235 269 1360 308 fructu
1392 268 1492 309 illius
1516 268 1634 320 bibit,
1668 275 1706 309 et

168 332 383 373 inebriatus
406 338 486 381 est,
522 339 562 371 ut
585 344 631 371 eo
656 331 741 371 loco
766 331 922 385 legitur.
988 331 1028 373 ln
1054 349 1128 387 quo
1154 349 1247 375 sane
1272 336 1387 376 venia
1411 337 1550 391 dignus
1582 351 1707 378 senex

170 401 232 441 ille
259 401 342 441 suit.
403 398 479 452 Qui
506 413 589 439 cum
617 399 689 439 deo
713 406 846 453 gratus
871 408 999 452 esset,
1035 416 1109 442 non
1135 417 1185 443 ex
1210 404 1508 458 intemperantia
1536 406 1573 445 in
1603 405 1704 446 illam

169 469 398 509 ebrietatem
424 468 577 518 incidit,
610 468 702 518 sed,
737 475 778 508 ut
804 467 965 523 opinor,
1001 484 1051 510 ex
1081 471 1236 511 tristitia
1267 486 1310 512 ac
1344 487 1523 513 moerore
1556 474 1707 528 quidam

170 537 205 577 ei
237 537 362 577 somni
391 544 523 590 torpor
555 536 742 591 obrepsit.
806 535 904 578 Cum
937 545 1064 579 autem
1098 539 1298 594 utriusque
1326 541 1401 581 vim
1435 541 1629 582 sustinere
1662 542 1709 582 ob

170 605 474 646 imbecillitatem
502 612 540 645 et
566 611 731 645 aetatem
755 620 830 646 non
855 615 1011 661 posset,
1047 607 1083 647 in
1111 621 1194 647 eam
1220 607 1480 649 infirmitatem
1508 611 1711 666 prolapsus

170 681 253 724 est3
289 688 358 714 uec
385 673 471 714 ideo
497 680 624 714 tamen
657 674 795 727 dignus
829 683 936 725 erat,
980 682 1021 715 ut
1046 675 1080 715 ei
1104 676 1201 715 lilius
1228 676 1420 717 illuderet.
1486 676 1617 730 Quare
1649 679 1712 733 qui

170 742 273 783 illum
307 741 466 792 derisit,
501 741 538 782 in
564 743 813 796 semetipsum
844 743 1160 797 imprecationem
1189 745 1406 796 convertit,
1449 753 1489 786 ut
1519 747 1544 786 ii
1578 747 1712 801 poenis

171 810 385 851 afficiantur
408 810 469 864 qui
497 810 722 865 parentibus
747 810 828 851 suis
853 812 1124 852 contumeliam
1149 812 1373 867 imponunt,
1408 814 1582 868 adeoque
1608 815 1714 869 eogi-

172 879 339 920 tationes
373 879 486 931 illae,
521 893 618 933 quae
651 879 838 920 adversus
865 880 926 920 dei
959 880 1220 935 cognitionem
1255 888 1294 922 et
1324 889 1429 923 recte
1462 883 1711 924 constitutum

174 948 347 988 ordinem
378 947 600 1003 insurgunt.

287 1015 501 1057 Enimvero
546 1016 636 1056 licet
675 1023 802 1057 tantus
838 1017 980 1071 nuptiis
1021 1017 1146 1058 honor
1184 1027 1350 1073 quantus
1390 1019 1604 1074 virginitati
1644 1021 1714 1061 mi-

174 1084 275 1125 nime
297 1085 347 1125 sit
369 1084 582 1135 habendus,
616 1091 655 1125 et
677 1084 772 1125 haee
794 1085 869 1126 illis
894 1087 1164 1141 anteponenda
1188 1088 1253 1138 sit,
1288 1103 1373 1128 cum
1401 1103 1445 1129 ea
1472 1096 1598 1130 tamen
1623 1105 1716 1131 vera

173 1152 377 1208 virginitas
413 1153 626 1208 appellatur
656 1167 755 1207 quae
791 1168 875 1194 cum
909 1154 1110 1195 honestate
1147 1163 1206 1196 est
1241 1163 1278 1196 et
1310 1156 1453 1198 virtute
1492 1159 1713 1211 coniuncta,

1742 1018 1818 1063 Cap.
1841 1020 1895 1053 IV.

175 1229 252 1262 tum
281 1221 527 1262 honorabiles
551 1223 705 1277 nuptiae
728 1237 748 1262 a
769 1223 978 1263 liberorum
1003 1225 1276 1278 procreatione
1303 1240 1379 1266 non
1405 1226 1615 1269 abhorrent
1648 1243 1714 1269 ne-
1734 1228 1920 1266 Hebr.13‚4.

176 1305 248 1345 que
275 1291 320 1330 ad
350 1291 599 1344 ignominiam
631 1305 675 1331 ea
710 1292 865 1332 trallunt
899 1306 996 1346 quae
1029 1306 1050 1332 a
1084 1293 1155 1334 deo
1192 1295 1389 1349 praeclare
1422 1297 1575 1337 condita
1609 1305 1714 1350 sunt,

175 1360 252 1400 imo
285 1373 381 1400 vero
421 1374 496 1400 non
536 1360 650 1399 aliter
683 1361 961 1415 praescriptum
999 1361 1182 1403 divinitus
1215 1364 1395 1418 nuptialis
1433 1365 1717 1407 coniunctionis

175 1429 329 1468 modum
357 1442 400 1468 ac
426 1428 616 1468 rationem
643 1436 845 1483 usurpant.
909 1428 1061 1484 Quippe
1085 1431 1289 1484 virginitas
1311 1447 1451 1474 revera
1483 1434 1567 1475 eius
1595 1435 1718 1475 instar

176 1504 236 1537 est
257 1511 369 1551 quam
393 1497 591 1551 apostolus
616 1497 673 1537 his
698 1496 827 1537 verbis
850 1497 1067 1552 praedicat:
1105 1503 1220 1551 lib-go
1243 1509 1279 1540 et
1300 1504 1455 1553 innupta
1475 1505 1639 1543 sollicita
1660 1512 1715 1543 est
1734 1504 1830 1532 1.Cor.
1842 1505 1867 1538 ⁷·
1878 1505 1921 1534 34.

175 1568 220 1605 de
240 1569 286 1605 z'z's
308 1580 402 1618 quae
420 1573 508 1604 sunl
526 1568 677 1612 domini,
713 1569 890 1618 quomodo
909 1568 1062 1618 placeat
1083 1570 1242 1616 domino,
1279 1578 1323 1608 ut
1337 1574 1388 1609 sil
1408 1580 1539 1611 sanem
1560 1587 1718 1625 corpore

176 1642 213 1674 et
232 1637 369 1673 anima.
435 1632 487 1675 Ut
508 1634 733 1674 ostenderet
757 1635 921 1685 nullam,
957 1649 1004 1675 ne
1029 1636 1222 1677 minimam
1245 1637 1422 1691 quidem,
1455 1641 1718 1695 suspicionem

176 1703 391 1743 solitarium
419 1702 522 1742 vitae
551 1716 674 1756 genus
700 1703 918 1743 admittere.
983 1702 1130 1744 Verum
1163 1713 1200 1745 et
1226 1706 1462 1747 Abraamum
1499 1709 1642 1749 seimus
1675 1710 1719 1749 li-

177 1771 281 1812 beris
304 1785 459 1826 operam
493 1772 668 1822 dedisse,
702 1778 741 1811 et
767 1771 930 1811 amicum
959 1771 1112 1812 interim
1141 1773 1201 1813 dei
1228 1774 1371 1825 fuisse,
1415 1776 1574 1830 perinde
1605 1784 1718 1832 atque

177 1838 354 1881 lsaacum
381 1848 420 1879 et
448 1837 650 1889 iacobum,
694 1853 739 1879 ac
772 1840 953 1894 deinceps
985 1847 1153 1882 ceteros.
1218 1840 1295 1895 Qui
1330 1858 1455 1898 neque
1486 1845 1719 1901 semetipsos

179 1908 413 1949 execrandis
436 1908 591 1962 flagitiis
617 1922 661 1948 ac
689 1908 921 1950 foedissimis
947 1911 1179 1965 usurpandis
1206 1911 1323 1952 rebus
1349 1913 1616 1967 inquinarunt,
1651 1929 1720 1955 ne-

179 1992 251 2033 que
275 1984 381 2018 reete
405 1991 426 2016 a
449 1977 520 2016 deo
542 1977 776 2017 constitutae
800 1977 1009 2018 liberorum
1037 1992 1106 2033 per
1129 1980 1280 2034 nuptias
1307 1983 1569 2036 procreationi
1596 1984 1721 2024 refra-

177 2047 255 2101 gati
279 2053 384 2087 sunt.
446 2044 587 2099 Neque
612 2060 728 2100 porro
753 2046 814 2100 qui
842 2045 943 2086 inter
965 2046 1070 2101 ipsos
1099 2048 1364 2090 castimoniam
1389 2065 1433 2091 ae
1457 2052 1719 2105 virginitatem

177 2115 443 2164 instituerant,
477 2114 700 2155 certaminis
726 2114 833 2168 leges
857 2114 1074 2165 violarunt,
1108 2124 1194 2167 aut,
1229 2118 1334 2158 velut
1358 2120 1583 2173 quibusdam
1609 2135 1720 2176 prae-

179 2183 328 2238 stigiis,
362 2183 459 2223 hane
490 2182 644 2223 virtutis
671 2182 994 2223 exercitationem
1029 2183 1105 2224 alio
1139 2186 1252 2226 modo
1285 2196 1584 2229 commutarunt.
1646 2189 1720 2230 At-

180 2266 253 2307 que
280 2251 390 2292 Elias
425 2265 519 2292 sanc
554 2251 668 2292 urbes
700 2252 803 2307 ipsas
837 2253 1110 2306 propemodum
1146 2268 1194 2294 ne
1226 2255 1516 2309 ingrediebatur
1549 2257 1716 2311 quidem,

180 2335 252 2361 nee
276 2321 378 2361 inter
401 2321 584 2361 mulieres
607 2321 860 2370 versabatur,
894 2321 961 2361 sed
988 2321 1026 2362 in
1049 2322 1215 2363 desertis
1242 2324 1338 2364 locis
1364 2326 1519 2366 assidue
1544 2325 1717 2377 vivebat,

181 2389 499 2444 quemadmodum
526 2388 707 2429 Elisaeus
733 2396 771 2429 et
794 2387 985 2440 Ioannes,
1020 2405 1065 2431 ae
1089 2392 1209 2432 ceteri
1244 2407 1401 2441 omues,
1437 2394 1499 2448 qui
1535 2401 1576 2434 ut
1609 2408 1720 2449 prae-

182 2458 286 2499 clare
311 2472 364 2498 ex
384 2458 611 2512 evangelico
636 2457 778 2497 domini
803 2458 981 2499 mandato
1006 2459 1197 2515 insignem
1222 2461 1324 2502 illam
1350 2461 1575 2502 imitationis
1602 2477 1720 2516 ange-

181 2526 278 2567 licae
306 2534 435 2567 notam
464 2533 578 2580 atque
612 2527 773 2566 formam
797 2527 1086 2582 exprimerent,
1120 2530 1352 2584 semetipsos
1378 2537 1535 2585 propter
1556 2544 1720 2586 regnum

183 2595 353 2636 coeleste
385 2601 670 2635 castraverunt.

294 2661 500 2704 Postremo
522 2663 610 2704 licet
639 2663 756 2703 multa
779 2663 825 2703 de
847 2662 906 2704 his
930 2663 967 2704 in
994 2664 1159 2705 medium
1184 2666 1325 2706 afferre
1354 2665 1569 2720 possimus,
1603 2674 1641 2708 et
1662 2667 1720 2708 in-

184 2731 300 2773 finitis
323 2732 537 2787 scripturae
569 2731 801 2773 testimoniis
826 2739 865 2773 et
889 2733 1183 2775 auctoritatibus
1207 2734 1356 2774 illusam
1389 2749 1410 2774 a
1434 2733 1586 2776 diabolo
1610 2750 1719 2777 men-

186 2878 318 2911 Domini
350 2878 594 2912 ordinationem
630 2879 754 2924 seipsos
788 2887 928 2925 propter
974 2884 1041 2915 berit
1064 2881 1307 2925 διελέγχουσαν.
1354 2884 1391 2914 Et
1414 2884 1582 2917 Cornarius
1613 2887 1722 2917 verta't:

185 2935 319 2967 reguum
345 2925 404 2957 Dei
430 2932 622 2958 castrarunt.
975 2939 1013 2959 ex
1038 2927 1146 2959 multis
1176 2928 1305 2959 (livinae
1336 2928 1518 2972 scripturae
1543 2942 1719 2973 argumen-

231 2971 261 3003 3.
296 2971 535 3015 διελεγχουσῶν
571 2981 641 3004 mea
676 2976 719 3004 est
750 2974 930 3005 emendatio.
977 2974 1038 3010 tis,
1075 2984 1155 3015 qnae
1179 2973 1324 3015 ipsorum
1348 2981 1492 3007 mentem
1521 2975 1721 3019 redarguunt

186 3017 332 3048 Petamus
360 3018 478 3048 volebat
505 3017 696 3061 διελέγχειν.
753 3020 840 3050 Libri
873 3020 929 3050 Ιια-
978 3032 996 3051 a
1021 3018 1154 3050 diabolo
1177 3019 1306 3051 illusam
1331 3024 1395 3052 cett.

1360 3078 1449 3119 15*

1746 2528 1859 2557 Matth.

1747 2564 1791 2601 19,
1809 2564 1851 2591 22.
