2066 3319
547 213 729 246 PANARu
756 213 839 246 [ΑΒ.
858 215 899 245 11.
924 214 1031 246 ToM.
1053 216 1076 247 1.
1099 215 1232 247 HAER.
1253 215 1338 247 [ιν.
1636 207 1713 246 123

169 307 257 335 uem
296 293 468 348 accepit,
511 300 553 333 ut
583 300 622 333 et
646 292 932 343 Theodotiani,
967 308 1129 348 quorum
1161 295 1224 335 itte
1257 303 1393 335 auctor
1428 295 1572 336 extitit.
1635 293 1713 349 Qui

167 363 308 403 nudum
345 363 539 402 hominem
571 375 657 402 esse
686 359 883 402 Christum
914 363 1103 413 atl'erunt,
1144 371 1258 417 atque
1289 377 1338 403 ex
1368 354 1534 404 humano
1565 364 1715 404 semine

166 431 355 484 genitum.
419 429 572 470 Deinde
595 444 694 484 quae
717 430 762 469 ad
794 430 941 469 erroris
968 431 1025 470 sui
1051 432 1304 485 patrocinium
1333 434 1621 473 aeeonnuodata
1655 446 1716 472 re-

167 499 287 554 perit,
323 513 399 539 non
428 505 534 538 casto
566 513 611 538 ac
646 499 802 538 sincero
837 498 976 538 mentis
1014 500 1177 550 iudicio,
1211 501 1277 539 sed
1313 508 1351 539 ut
1381 501 1588 555 impietatis
1622 515 1714 541 suae

166 567 336 622 speciem
365 567 532 622 aliquam
568 574 607 606 et
638 567 808 607 colorem
845 574 1076 621 quaereret,
1118 568 1284 621 undique
1321 570 1510 609 arcessita
1543 570 1713 623 collegit.

167 634 298 676 Veluti
326 637 424 690 quod
452 650 471 675 a
499 635 654 676 domino
687 636 827 675 dictum
864 643 945 676 est:
989 639 1100 675 Nemo
1128 644 1248 675 aulem
1280 640 1462 688 quaerim-
1492 652 1546 676 me
1570 639 1920 690 z'tzletfi-toann.e,40.

165 719 263 752 cere,
299 706 494 751 hominem,
529 708 597 757 qai
618 708 808 744 veritatem
833 706 933 743 vobis
963 707 1110 743 loculus
1129 719 1224 743 stam.
1292 703 1430 756 Vides,
1465 705 1612 759 iuquit,
1647 707 1716 746 ho-

165 772 307 813 minem
339 773 446 813 illum
478 787 584 813 esse.

281 840 426 882 Verum
453 843 552 896 quod
580 842 617 882 in
642 842 777 882 eodem
803 841 887 881 loco
913 838 1095 882 Christus
1121 842 1337 897 usurpavit,
1372 841 1511 881 infelix
1534 841 1711 896 ignorat:
1744 847 1821 890 Cap-
1852 848 1892 878 ¹¹-

168 914 366 950 Verz'lalem
395 926 503 963 quam
535 914 666 950 audivi
693 925 715 950 a
745 918 857 962 palre
886 925 977 949 meo.
1046 908 1197 963 Quibus
1229 918 1375 965 patrem
1408 924 1518 950 suum
1551 912 1718 965 appellat

166 979 296 1029 deum,
332 994 407 1019 non
438 980 630 1019 hominem
657 979 804 1033 utique.
860 978 962 1019 Nam
990 978 1023 1018 si
1047 979 1093 1018 ab
1120 979 1273 1019 homine
1295 979 1384 1019 illud
1412 978 1615 1028 audiisset,
1651 992 1718 1018 ne-

166 1062 354 1102 quaquam
382 1048 560 1089 veritatis
587 1048 809 1088 testimonio
832 1048 1088 1100 gloriaretur,
1123 1054 1163 1088 ut
1191 1048 1236 1088 ab
1266 1047 1484 1088 homiuibus
1512 1048 1717 1088 veritatem

166 1131 208 1158 se
234 1117 411 1172 accipere
438 1117 600 1157 diceret.
656 1114 734 1158 Sed
761 1117 846 1156 ideo
868 1117 941 1157 ista
968 1117 1079 1166 dixit,
1117 1124 1155 1157 ut
1179 1131 1267 1157 esse
1290 1131 1331 1157 se
1359 1117 1469 1156 deum
1493 1117 1720 1156 ostenderet

166 1200 186 1226 a
218 1193 324 1240 patre
356 1186 467 1226 initio
500 1186 699 1239 genitum,
735 1185 1006 1240 hominemque
1035 1193 1168 1226 nostra
1195 1199 1332 1226 caussa
1368 1188 1531 1236 factum,
1569 1186 1716 1240 itaque,

167 1256 266 1309 quod
292 1255 336 1294 ad
362 1269 518 1295 carnem
545 1255 697 1305 attinet,
733 1253 998 1305 interfectum,
1035 1262 1074 1295 ut
1100 1255 1301 1295 divinitate
1332 1261 1518 1309 perpetuo
1547 1255 1715 1294 viveret.

164 1323 346 1364 Addebat
371 1323 514 1364 nullum
540 1338 582 1363 se
609 1325 645 1364 in
671 1338 717 1363 eo
744 1331 942 1379 peceatum
970 1323 1193 1375 admisisse,
1228 1324 1326 1378 quod
1351 1321 1551 1364 Christum
1578 1337 1718 1377 negas-

165 1399 248 1442 set,
283 1393 594 1447 quandoquidem
622 1393 674 1432 ita
703 1391 887 1433 Christus
920 1393 1001 1448 ipse
1030 1393 1181 1433 locutus
1211 1400 1293 1442 est,
1330 1396 1462 1432 Omnes
1491 1394 1717 1445 blasphemia

165 1464 378 1501 remittetur
402 1463 611 1501 hominibus
625 1493 634 1509 ,
670 1470 708 1501 et
735 1465 803 1515 qete'
821 1465 963 1501 cli-reri!
986 1463 1135 1501 verbum
1161 1465 1198 1501 z'lz
1216 1463 1348 1514 filium
1374 1464 1553 1509 homimis,
1588 1464 1716 1500 remit·
1736 1465 1848 1532 hifemtii'

169 1537 269 1569 tetur·
293 1533 340 1570 εἰ.
407 1533 482 1581 Qui
507 1539 629 1570 autem
656 1532 968 1583 blasphemaverit
992 1534 1029 1569 in
1055 1533 1228 1582 spe're'lmn
1259 1539 1428 1570 sanetum
1441 1562 1450 1578 ‚
1486 1546 1558 1570 non
1590 1534 1717 1570 remil-
1791 1531 1795 1536 ’

168 1607 269 1639 tetur
289 1602 335 1638 εἰ.
403 1598 480 1640 Sed
507 1599 686 1640 nimirum
711 1600 954 1640 miserrimus
977 1599 1091 1638 homo
1117 1613 1193 1639 non
1222 1598 1402 1654 intettigit
1427 1597 1626 1640 Christum
1652 1600 1719 1639 do-

168 1667 338 1719 minum,
373 1683 458 1708 cum
486 1683 619 1709 eorum
648 1669 710 1723 qui
735 1669 772 1708 in
795 1682 837 1708 se.
863 1668 951 1708 olim
977 1667 1248 1708 contumeliosi
1274 1669 1428 1708 fuerant
1455 1675 1493 1708 et
1512 1669 1556 1708 ad
1586 1668 1720 1724 poeni-

170 1738 330 1778 tentiam
369 1751 458 1777 sese
501 1739 782 1787 traduxerant,
828 1737 1058 1777 confirmare
1100 1737 1263 1776 salutem
1299 1745 1482 1792 cuperet,
1524 1751 1572 1777 ne
1606 1737 1718 1777 ullam

166 1808 356 1846 adversus
380 1820 448 1846 eos
471 1820 635 1861 poenam
661 1806 941 1856 constitueret,
977 1820 1045 1861 pro
1071 1820 1141 1846 sua
1167 1806 1383 1845 incredibili
1410 1806 1646 1846 humanitate
1674 1820 1719 1846 ac

168 1874 375 1915 clementia
402 1875 601 1916 oraculum
634 1875 724 1915 illud
752 1875 935 1915 edidisse.
1001 1873 1114 1929 Quod
1143 1881 1271 1914 autem
1306 1876 1512 1915 nomiullos
1547 1876 1629 1915 fore
1655 1889 1720 1914 co-

167 1951 377 1997 gnosceret.
404 1945 465 1998 qui
494 1944 531 1984 in
558 1944 735 1999 spiritum
763 1950 938 1985 sanetum
963 1942 1215 1997 insurgerent
1246 1957 1291 1983 ac
1323 1944 1572 1999 blasphemiis
1603 1957 1720 1998 appe-

169 2019 322 2063 terent,
356 2013 497 2067 quique
530 2021 569 2053 et
601 2014 646 2053 ad
678 2013 862 2053 servilem
899 2012 1161 2052 conditionem
1194 2013 1442 2067 redigerent,
1478 2020 1516 2053 et
1547 2020 1720 2053 creatum

167 2089 281 2136 atque
303 2096 324 2122 a
346 2082 406 2122 dei
434 2089 571 2122 natura
596 2083 764 2122 alienum
792 2095 880 2121 esse
908 2082 1105 2132 dicerent,
1142 2097 1216 2136 quo
1247 2082 1347 2122 hunc
1377 2096 1552 2122 errorem
1587 2082 1720 2122 exclu-

169 2151 301 2200 deret,
336 2151 498 2191 adiecit:
544 2154 620 2202 Qui
648 2158 769 2190 autem
801 2152 1113 2203 blasphemaverit
1142 2154 1179 2190 in
1214 2154 1387 2203 spirltum
1420 2159 1612 2198 scmetam,
1646 2165 1719 2190 non

168 2222 382 2258 remittetur
410 2223 466 2268 ei,
509 2235 627 2273 neque
653 2222 734 2267 laic,
775 2234 893 2272 neque
921 2223 959 2259 in
982 2221 1124 2273 saturo
1153 2222 1292 2259 seculo.
1359 2218 1400 2259 ln
1433 2234 1507 2274 quo
1540 2234 1616 2259 uon
1651 2232 1719 2258 eos

169 2289 230 2342 qui
253 2302 296 2328 se
321 2288 635 2343 blasphemarent
658 2289 817 2328 laudare
844 2288 987 2339 voluit,
1021 2290 1089 2329 sed
1120 2288 1414 2343 praescientiam
1446 2303 1553 2328 suam
1587 2288 1720 2328 huma-

170 2357 407 2411 nitatemque
434 2358 690 2406 monstravit,
726 2371 824 2412 quae
851 2371 984 2398 eorum
1013 2359 1075 2413 qni
1105 2365 1186 2414 post
1218 2358 1493 2413 blasphemiam
1519 2356 1720 2411 poeniten-

169 2425 259 2466 tiam
283 2427 574 2481 suscepissent,
609 2426 864 2467 stabiliendae
892 2427 1006 2467 saluti
1034 2428 1272 2468 consuleret.
1337 2426 1491 2467 Etenim
1519 2426 1617 2465 idem
1643 2425 1718 2465 alio

168 2494 254 2534 loco
277 2495 397 2546 dixit,
433 2498 508 2546 Qui
526 2499 724 2547 negaverit
745 2510 801 2535 me
824 2511 948 2535 coram
975 2498 1206 2544 hominibus,
1242 2497 1443 2548 negabilar
1465 2509 1589 2534 coram
1608 2503 1720 2547 patre
1738 2507 1908 2542 Luc.12‚u.

168 2578 269 2603 meo.-
304 2564 419 2616 item,
453 2566 610 2616 Negabo
638 2567 757 2604 illam.
823 2562 995 2616 Contra,
1032 2569 1108 2617 Qui
1133 2581 1188 2605 me
1214 2567 1405 2619 consessus
1426 2566 1567 2617 ficerlt,
1602 2566 1718 2616 confi-
1741 2576 1851 2602 mmm.

170 2634 273 2672 tebor
303 2636 421 2685 ipsum
452 2648 577 2673 earam
603 2642 716 2686 patre
746 2649 836 2673 meo.
1739 2612 1782 2646 10,
1801 2611 1842 2638 33.

284 2699 432 2742 Obiicit
448 2710 651 2757 praeterea
669 2702 922 2743 Theodotus:
957 2701 1047 2744 Lex
1068 2703 1120 2743 ita
1141 2704 1186 2743 de
1206 2700 1364 2743 Christo
1385 2710 1532 2753 narrat,
1556 2706 1719 2755 Prophe·
1747 2704 1824 2747 Cap.
1844 2705 1899 2735 ¹¹¹·

171 2778 242 2810 tam
266 2786 285 2809 e
295 2772 493 2824 st⁷alt·z'b1l3·
517 2775 649 2811 vesll‘e's
668 2773 867 2811 suscitabit
893 2775 1063 2812 (lominus
1086 2781 1259 2824 (anquam
1286 2787 1364 2810 me:
1399 2775 1516 2824 ipsum
1538 2775 1712 2811 amle'ele's.
1731 2759 1926 2793 Dcu1.18,15.

170 2838 441 2894 AtquiMoses
459 2840 571 2880 homo
591 2848 688 2881 erat.
725 2839 858 2895 Quare
876 2841 937 2895 qui
957 2856 976 2881 a
996 2842 1067 2880 deo
1091 2840 1303 2880 suscitatus
1322 2847 1397 2890 est,
1426 2838 1607 2881 Christus
1629 2840 1718 2890 iste,

172 2922 247 2948 non
266 2909 360 2949 deus
379 2916 478 2960 erat,
505 2910 571 2950 sed
592 2909 729 2960 hom03
765 2910 1074 2964 quandoquidem
1093 2924 1113 2948 a
1133 2907 1285 2949 ludaeis
1302 2908 1394 2963 ipsis
1416 2909 1603 2950 oriundus
1619 2916 1718 2959 erat,

172 3007 304 3048 αὐτοὺς.
353 3013 441 3043 Recte
466 3013 648 3052 Carnarius,
671 3017 811 3045 vertens:
838 3023 921 3055 quae
969 3011 1099 3055 phemia
1125 3011 1193 3043 eius
1215 3012 1456 3057 poenitentiam
1477 3019 1589 3056 agunt.

173 3061 278 3087 certos
304 3056 386 3088 facit
415 3056 456 3088 de
479 3058 584 3090 salute
608 3069 663 3090 eos
694 3058 748 3103 qui
779 3070 798 3090 a
830 3057 919 3089 blas-
