2030 3324
179 520 246 548 pag.
262 511 320 539 781.

150 2408 238 2451 Κεφ.
257 2407 318 2451 νη’.

340 209 421 250 684
904 212 1068 245 SANCTI
1089 212 1315 245 EPIPHANH

342 290 495 347 ἆγαθός
521 289 613 346 παρ’
639 290 776 339 αὐτοῖς
799 291 988 345 κρίνεταις
1034 289 1112 329 Καὶ
1137 286 1210 330 οὐκ
1240 291 1367 332 ἴσασιν
1390 292 1432 332 οἵ
1448 290 1577 344 λήθην
1597 291 1751 339 ἑαυτοῖς
1774 306 1880 345 περι-

341 358 571 412 ποιούμενοι
605 358 665 400 Su
697 357 797 412 πρὸς
827 355 894 399 τόν
927 355 1173 411 ἐρωτήσαντα
1207 353 1486 413 α’νθυπήνεγκε
1519 357 1587 400 τὸν
1619 358 1735 412 λόγον
1770 356 1880 406 ὅπως

341 427 490 484 καθέλῃ
513 431 583 479 τῆς
606 427 647 468 ἐν
667 424 773 483 αύτῷ
797 423 996 480 ἐπάρσεως
1015 422 1057 465 τό
1084 422 1284 479 φρύαγμα.
1326 423 1472 478 Αύχῶν
1492 425 1564 481 γάρ
1587 420 1636 479 ἧν
1654 423 1732 466 dmi
1758 442 1878 479 γραμ-

342 495 494 548 ματέων
520 492 768 549 ὁρμώμενος,
813 490 866 541 ῶς
892 490 939 533 τά
965 490 1206 544 δικαιώματα
1235 495 1305 532 τοῦ
1332 491 1458 544 νόμου
1482 491 1656 550 άκριβῶς
1685 491 1876 545 φυλάξας,

341 561 594 615 δικαιοσύνην
619 579 659 603 τε
692 563 759 603 καὶ
791 558 1020 616 α’γαθότητα
1050 560 1140 614 περὶ
1169 560 1311 601 ἑαυτοῦ
1333 559 1639 613 σεμνυνόμενος,
1670 561 1737 602 καὶ
1761 561 1876 615 ἔλεγε,

340 628 558 671 Διδάσκαλε
581 626 732 684 α’γαθὲ,
763 632 800 670 τί
819 627 986 681 ποιήσας
1003 625 1103 680 ζωὴν
1126 625 1286 668 αἰώνιον
1306 627 1606 681 κληρονομήσως
1640 629 1720 669 Καὶ
1745 626 1880 681 ἐπειδὴ

345 703 357 726 ¹
376 695 450 750 εἶχε
480 698 568 751 περὶ
597 698 739 739 ἑαυτοῦ
769 694 823 745 ῶς
853 697 940 751 περὶ
962 694 1193 748 τηλικαύτης
1216 693 1488 747 δικαιοσύνης,
1530 693 1552 737 ὁ
1579 695 1714 750 κύριος
1742 693 1881 749 βουλό-

340 782 455 818 μενος
479 769 562 821 θεῷ
587 763 798 819 ἀναφέρειν
817 763 888 817 τὴν
915 768 1047 805 πᾶσαν
1073 761 1318 818 άγαθότητα,
1349 762 1408 804 ὅτι
1432 761 1563 811 οὐδεὶς
1582 761 1749 818 άγαθὸς,
1780 761 1881 817 πλὴν

341 832 482 884 αὐτοῦ,
527 834 591 873 ἵνα
629 833 765 885 μηδεὶς
798 830 926 886 σάρκα
958 835 1096 885 φορῶν
1131 829 1259 882 τύφον
1289 829 1376 871 τινά
1411 831 1567 887 2ἑαυτῷ
1606 829 1880 884 ἐπισπάσηται,

340 900 482 943 τούτου
511 906 526 929 ³
543 901 671 942 ἕνεκεν
693 901 816 955 ἔλεγε,
854 902 899 940 Τί
918 915 963 952 με
983 899 1103 953 λέγεις
1128 895 1307 953 άγαθόν,
1351 896 1482 946 οὐδεὶς
1509 896 1664 953 άγαθὸς
1686 899 1721 939 εἰ
1741 896 1795 952 μὴ
1825 895 1881 947 εἷς

340 967 362 1011 ὁ
385 967 500 1020 θεὸς,
531 970 595 1010 ἵνα
616 965 638 1010 ὁ
661 973 840 1017 τοιοῦτος
859 967 925 1008 καὶ
949 971 1134 1015 τοσοῦτος
1154 964 1222 1008 τὸν
1244 970 1425 1007 τοιοῦτον
1445 964 1563 1020 λόγον
1585 963 1706 1007 εἰπών
1729 966 1879 1024 καθέλῃ

339 1035 410 1090 τήν
433 1038 474 1079 ἐν
494 1041 546 1093 τῷ
570 1035 715 1077 εἰπόντι
739 1038 933 1087 φυσίωσιν
966 1035 1057 1087 περὶ
1080 1032 1333 1086 δικαιοσύνης
1367 1032 1437 1086 τὴν
1467 1035 1596 1086 οἱήσιν
1623 1033 1877 1086 κεκτημένου,

339 1107 406 1147 καὶ
426 1107 493 1146 ἵνα
527 1105 656 1162 ἐλέγξῃ
691 1102 813 1145 αὐτοῦ
844 1102 914 1156 τήν
944 1104 1133 1156 καρδίαν,
1179 1100 1334 1157 άγαθὸν
1359 1102 1428 1154 μὲν
1456 1100 1694 1143 διδάσκαλον
1725 1104 1883 1154 χείλεσιν

340 1171 460 1214 αὐτὸν
483 1173 660 1227 λέγοντα,
692 1170 744 1225 μὴ
769 1172 982 1224 ἐμμένοντα
1009 1170 1051 1210 δὲ
1071 1171 1110 1211 ἐν
1132 1174 1178 1227 τῇ
1203 1169 1340 1227 ἀγαθῇ
1365 1167 1485 1211 αὐτοῦ
1511 1171 1751 1225 διδασκαλίᾳ.
1801 1168 1883 1209 Καὶ

341 1239 399 1282 ὅτι
423 1241 492 1293 μὲν
517 1238 671 1295 άγαθὸς
691 1238 887 1295 τυγχάνει,
919 1236 1038 1285 αὐτὸς
1063 1237 1237 1279 διδάσκει
1261 1238 1400 1291 λέγων,
1438 1235 1571 1278 Πολλά
1596 1234 1694 1277 καλοὶ
1717 1238 1883 1289 ἐποίησα

341 1310 381 1350 ἐν
407 1306 519 1360 ὑμῖν,
557 1308 646 1361 περὶ
673 1309 793 1347 ποίου
817 1301 888 1347 οὖν
910 1303 1039 1346 αὐτῶν
1067 1306 1190 1359 ἔργων
1218 1304 1393 1353 λιθάζετέ
1425 1320 1481 1357 με.
1548 1306 1632 1345 Τίνι
1662 1301 1735 1358 γάρ
1762 1307 1877 1345 τοῦτο

341 1393 414 1417 ουκ
437 1376 514 1416 ἔστι
540 1375 662 1426 σαφὲς
683 1392 749 1415 και
776 1374 1070 1427 φανερώτατον,
1102 1371 1265 1425 μάλιστα
1286 1375 1440 1413 πολλῶν
1463 1369 1629 1426 άγαθῶν
1657 1375 1734 1412 τῶν
1757 1369 1881 1412 αὐτοῦ

342 1441 562 1495 κτισμάτων
595 1439 720 1483 ὄντων
750 1442 816 1483 καὶ
851 1441 1121 1493 καλουμένων,-
1163 1438 1217 1488 ῶς
1249 1453 1370 1492 φησιν
1393 1436 1418 1492 ἡ
1449 1441 1542 1480 θεία
1572 1437 1721 1494 γραφή.
1777 1436 1880 1480 Ἰδου

339 1528 437 1566 γαρ,
469 1510 592 1564 4περὶ
619 1514 771 1551 πολλῶν
792 1506 962 1564 οἷγαθῶν
986 1510 1173 1563 διηγεῖται
1197 1506 1240 1549 vd
1266 1513 1379 1548 θεῖον
1402 1505 1570 1562 γράμμα.
1621 1501 1696 1547 Ἠν
1726 1504 1884 1561 ἆγαθός

340 1594 437 1631 φησι
466 1576 620 1628 Σαουλ,
664 1576 752 1626 υἱὸς
776 1578 876 1627 Κὶς,
918 1577 960 1618 ἐκ
987 1580 1114 1629 φυλῆς
1138 1577 1343 1629 Βενιαμὶν,
1384 1572 1630 1629 ’ὑψηλότερος
1665 1574 1707 1615 δὲ
1736 1572 1884 1623 παντός

338 1651 408 1688 τοῦ
438 1651 555 1697 λαοῦ,
595 1663 694 1699 υπερ
727 1642 861 1698 ω’μιῶν
883 1645 949 1686 καὶ
975 1642 1124 1694 ἐπάνω,
1168 1662 1255 1694 και,
1290 1645 1363 1684 'Hv
1389 1641 1546 1698 άγαθὸς
1568 1640 1759 1695 Σαμουὴλ
1788 1640 1883 1696 μετά

338 1719 411 1756 τοῦ
432 1718 533 1755 θεοῦ
558 1715 625 1755 καὶ
657 1710 908 1767 οἷνθρωπων,
949 1713 1036 1763 καὶ,
1073 1710 1232 1767 Ἀγαθὴ
1263 1710 1402 1764 ἐσχάτη
1432 1709 1553 1766 λόγου
1583 1708 1681 1766 ὑπὲρ
1711 1726 1784 1763 την
1813 1706 1883 1766 οἷρ-

337 1781 429 1836 χήν,
470 1783 557 1833 καὶ,
599 1779 775 1831 Ἀνοῑξόν
806 1795 877 1822 σου
913 1779 982 1822 τόν
1013 1747 1221 1834 θησαυρὸν
1257 1777 1324 1820 τὸν
1355 1777 1532 1834 άγαθόν,
1574 1777 1642 1820 τὸν
1672 1775 1881 1833 οὐράνιον·

338 1848 487 1892 τούτων
514 1849 555 1891 δὲ
587 1848 807 1903 κτισμάτων
843 1847 987 1900 ὅντων,
1028 1849 1095 1889 καὶ
1118 1845 1282 1902 άγαθῶν
1308 1847 1578 1899 δηλουμένων,
1616 1844 1665 1888 δι’
1688 1845 1815 1888 αὐτοῦ
1843 1862 1883 1888 τε

339 1919 406 1959 καὶ
431 1915 493 1959 ὑπ’
524 1915 647 1959 αὐτοῦ
679 1917 914 1972 γεγονότων,
955 1920 1040 1965 πῶς
1064 1913 1137 1958 οὐκ
1161 1913 1445 1968 ἀναμφιβόλως
1468 1915 1572 1956 ἐστὶν
1596 1912 1754 1969 άγαθόν
1784 1911 1883 1956 εἶναι

340 1983 545 2040 ὁμολογεῖν
576 1984 644 2027 τὸν
667 1983 809 2026 τούτου
842 1983 1106 2039 γενεσιάρχην,
1143 1981 1243 2024 Ἀλλ’
1269 1984 1334 2024 ἵνα
1373 1980 1462 2036 5μὴ
1496 1980 1660 2035 μηκύνω
1693 1980 1762 2023 τὸν
1792 1982 1883 2035 περὶ

338 2052 481 2096 τούτου
504 2052 620 2108 λόγον
649 2051 792 2105 (πάντη
822 2052 894 2107 γάρ
926 2051 992 2093 διά
1023 2050 1194 2100 πλάτους
1224 2052 1314 2105 περὶ
1344 2049 1486 2092 τούτου
1518 2050 1765 2105 εἰρήκαμεν),
1810 2044 1880 2091 αὖ·

338 2127 407 2170 θις
435 2119 553 2162 πάλιν
583 2123 636 2170 εἰς
666 2119 735 2170 τάς
773 2122 860 2173 ἑξῆς
888 2118 1193 2176 παρελεύσομαι,
1236 2117 1306 2172 τὴν
1337 2120 1511 2160 ἐπίλυσιν
1551 2118 1715 2172 ἑκάστης
1745 2118 1882 2168 λέξεως

339 2187 585 2242 ποιούμενος.

444 2392 706 2447 Ἐπιφέρουσι
727 2391 769 2433 δὲ
791 2391 908 2432 πάλιν
930 2389 1016 2431 τινά
1037 2389 1135 2444 ῥητά
1159 2391 1200 2432 οἱ
1217 2387 1446 2443 πάντολμοι,
1479 2387 1760 2442 ἐλαττωμάτων
1781 2386 1882 2431 ὕπο-

339 2462 448 2509 νοίας
474 2457 781 2514 ὗποσπείροντες
807 2460 861 2508 εἰς
882 2456 950 2500 τόν
973 2456 1118 2507 αὐτούς
1141 2457 1410 2512 ἀγοράσαντα,
1452 2459 1558 2512 εἷ’περ
1583 2455 1877 2513 ἠγοράσθησαν.

332 2527 403 2568 Ἐν
424 2526 497 2582 γάρ
520 2533 572 2585 τῷ
593 2532 825 2581 προςελθεῖν
849 2525 920 2580 τήν
943 2527 1088 2580 μητέρα
1110 2531 1187 2568 τῶν
1209 2528 1309 2567 υἱῶν
1334 2528 1550 2579 Ζεβεδαίου
1573 2526 1640 2566 καὶ
1663 2525 1880 2580 παρακαλέ-

339 2609 404 2637 σαι
424 2594 492 2637 τόν
515 2597 582 2637 ἕνα
603 2598 770 2637 καθίσαι
792 2593 881 2636 υἱὸν
911 2596 954 2636 ἐκ
979 2596 1135 2645 δεξιῶν,
1176 2595 1243 2635 καὶ
1267 2592 1334 2635 τὸν
1356 2595 1424 2636 ἕνα
1448 2595 1487 2643 ἐξ
1513 2591 1746 2646 εὐωνύμων,
1787 2591 1881 2634 ὅταν

339 2664 438 2720 ἔλθῃ
461 2665 501 2704 ἐν
522 2668 570 2721 τῇ
591 2666 764 2719 βασιλείᾳ
787 2661 922 2714 αὐτοῦ,
955 2663 1031 2715 ἔφη
1054 2660 1154 2716 πρὸς
1176 2660 1344 2712 αὐτούς,
1380 2661 1465 2703 Οὔκ
1489 2663 1618 2702 οἴδατε
1639 2663 1676 2702 τί
1694 2661 1879 2701 αἰτεῖσθε.

341 2729 531 2772 Δύνασθε
555 2737 658 2773 πιεῖν
682 2729 725 2773 τό
751 2729 940 2784 ποτήριον
963 2729 985 2772 ὃ
1008 2730 1129 2782 μέλλω
1151 2732 1300 2780 πίνειν,
1331 2731 1373 2771 οἵ
1395 2729 1436 2770 δὲ
1458 2726 1590 2779 εἷπον,
1624 2728 1728 2777 Ναὶ,
1761 2725 1880 2768 δυνά-

177 2827 245 2855 pag,
265 2818 326 2845 752,
344 2804 458 2851 μεθα.
519 2796 622 2840 Εἷπε
648 2799 690 2840 δὲ
713 2798 871 2849 αὐτοῖς,
908 2796 960 2840 Τὸ
983 2797 1050 2851 μὲν
1073 2796 1265 2853 ποτήριόν
1292 2814 1368 2850 μου
1391 2799 1549 2847 πίεσθε,
1579 2793 1623 2836 τό
1650 2794 1692 2835 δὲ
1714 2796 1881 2837 καθίσαι

386 2879 464 2909 CAP.
485 2879 586 2911 LVII.
612 2897 656 2903 —
702 2879 729 2911 1.
755 2880 993 2911 Rescribendum
1012 2882 1088 2919 puto
1179 2877 1210 2912 3.
1237 2876 1334 2912 ἕνεκα
1357 2876 1468 2920 ἔλεγεν
1490 2877 1557 2909 cod.
1576 2876 1706 2915 Rhediy.

340 2919 448 2966 ηῧχει..
487 2925 655 2955 Cornan-ius
676 2926 766 2956 vertit
780 2931 813 2955 et
834 2924 988 2967 quoniam
1007 2935 1087 2955 sen-

340 2968 445 3000 tiebat
467 2967 509 2998 de
531 2968 640 3010 seipso
662 2969 751 3000 velut
773 2970 813 3001 de
834 2976 929 3001 tanta
950 2969 1084 3001 iustitia.

384 3012 416 3046 2.
442 3011 550 3056 ἑαυτῷ
576 3023 633 3045 om.
659 3015 726 3045 cod.
750 3015 880 3055 Rhediy.
1177 3014 1207 3046 5.
1233 3011 1281 3057 μὴ
1315 3011 1396 3046 κίνω
1429 3012 1496 3044 cod.
1529 3011 1590 3043 len.
1630 3013 1659 3042 et
1698 3011 1745 3043 ed.
1778 3012 1879 3052 princ.

1178 2943 1208 2979 4.
1233 2943 1324 2988 παρὰ
1348 2946 1414 2977 cod.
1435 2953 1507 2976 mss.
1529 2946 1557 2974 et
1578 2943 1625 2974 ed.
1645 2944 1745 2982 princ.
