2066 3319
523 205 706 239 PANARH
729 206 812 238 ΜΒ.
835 207 876 238 11.
900 206 1007 239 ToM.
1028 208 1050 239 i.
1087 206 1218 240 HAER.
1237 206 1340 239 [Νη.
1626 199 1704 238 149

161 288 246 329 dem
273 299 410 327 errore
438 292 668 336 versantur,
704 285 929 340 iampridem
959 286 1077 327 multa
1101 286 1292 338 diximus,
1327 287 1478 342 longam
1513 287 1586 328 hoc
1617 287 1704 328 loco

159 355 458 411 disputationem
483 368 559 394 non
585 353 800 393 instituam.
857 352 934 394 Sed
960 354 1048 394 illud
1075 369 1126 395 ex
1150 355 1325 409 apostolo
1352 356 1542 396 duntaxat
1563 356 1601 396 in
1625 370 1705 396 me-

158 423 318 464 moriam
351 422 572 463 revocabo:
616 423 736 461 Nobis
758 437 853 461 uuus
876 430 934 461 est
953 425 1043 461 deus
1070 431 1195 475 puter,
1230 439 1278 462 ear
1299 438 1370 476 quo
1395 427 1537 472 omnia,
1572 433 1609 464 et
1636 440 1703 464 nos
1723 434 1746 461 1.
1759 433 1827 461 Cor.
1838 435 1865 466 Β,
1882 434 1906 461 8.

157 496 195 532 z'tz
217 495 349 544 ipsum,
385 498 423 530 et
441 505 536 530 unus
559 493 728 529 domiuus
753 493 858 530 Iesus
884 493 1070 539 Chr-Istus,
1101 499 1259 544 propter·
1278 506 1382 543 quem
1411 496 1547 541 omnia,
1583 501 1619 532 et
1633 509 1704 546 per

156 575 260 614 quem
286 562 428 607 omm'u,
464 567 500 598 et
529 574 596 598 uos
622 573 693 610 per
720 562 852 611 ipsum.
920 557 1126 613 Quomodo
1152 559 1270 613 igitur
1293 560 1451 599 deorum
1480 561 1543 601 illa
1577 561 1703 601 multi-

157 629 248 670 tudo
288 627 641 683 principiorumque
680 627 900 666 constabit?
968 630 1021 666 Et
1051 642 1169 674 unuS,
1211 627 1356 681 inquit,
1399 631 1568 668 dominus
1599 633 1703 669 Iesus

158 699 352 743 Chr-istm,
382 704 542 748 propter
564 710 668 748 quem
692 698 836 742 omm'u,
872 702 908 733 et
927 710 1000 746 pet·
1020 710 1125 747 quem
1151 698 1292 742 omnia,
1328 704 1367 735 et
1387 711 1454 735 nos
1473 712 1543 749 per
1565 701 1697 750 ipsum.

157 763 421 819 Quamobrem
447 779 547 804 unus
575 771 635 804 est
658 763 920 803 tantummodo
951 763 1151 814 conditor,
1193 777 1319 817 neque
1352 764 1482 819 plures
1514 766 1563 805 dii
1595 773 1700 816 suut,

157 834 370 874 Aeonesve
402 832 546 888 plures.
611 830 679 872 Sic
705 831 806 871 enim
836 830 956 871 dixit:
1000 834 1048 870 Si
1074 839 1163 871 sunt
1192 834 1304 871 mulli
1332 836 1400 885 qui
1425 836 1603 873 dicuutur
1632 838 1698 874 dii.
1723 844 1864 879 1-Cor.8,
1882 843 1906 872 5.

155 900 282 956 Quam
309 901 559 956 particulam,
603 902 889 950 Ouidio-untur,
934 899 1077 940 adiecit
1108 900 1219 950 ideo,
1262 907 1304 940 ut
1334 915 1410 941 non
1444 915 1531 942 esse
1564 916 1703 943 revera

154 970 406 1024 significaret.
469 967 549 1009 Sed
588 982 672 1008 cum
708 975 866 1023 propter
899 982 966 1008 eos
1002 968 1065 1022 qui
1099 968 1145 1009 ab
1179 968 1343 1009 ethnicis
1381 983 1469 1010 esse
1505 969 1699 1022 dicuntur,

154 1052 327 1093 quosque
354 1037 406 1078 illi
438 1037 531 1077 deos
562 1036 826 1087 constituunt,
861 1044 950 1091 puta
977 1037 1125 1087 solem,
1161 1037 1313 1089 lunam,
1348 1037 1502 1089 sidera,
1536 1039 1702 1093 reliqua-

154 1120 227 1162 que
256 1106 292 1146 id
313 1119 437 1160 genus
465 1105 565 1146 istud
590 1104 809 1160 protulerit,
845 1105 988 1146 nullum
1017 1105 1280 1146 aberrantium
1310 1106 1504 1146 homiuum
1531 1106 1703 1163 opinioni

152 1176 277 1216 locum
310 1173 481 1229 reliquit.

268 1241 454 1285 Ceterum
487 1257 574 1283 cum
597 1242 752 1283 sincera
778 1242 872 1282 tides
905 1242 1073 1298 undique
1099 1250 1330 1284 sartatecta
1364 1244 1628 1295 custodiatur,
1663 1245 1702 1285 in

153 1325 274 1368 eaque
297 1312 463 1353 fidelium
487 1311 592 1353 salus
614 1325 658 1352 ac
685 1311 968 1351 firmamentum
992 1312 1042 1352 sit
1067 1312 1256 1367 positum,
1293 1312 1405 1353 facile
1430 1313 1702 1354 universarum

153 1381 372 1422 haereseon
393 1380 557 1420 conficta
584 1379 783 1420 mendacia
806 1380 1087 1421 dissolvuntur.
1138 1378 1472 1433 Quemadmodum
1502 1389 1540 1422 et
1566 1382 1703 1423 haere-

152 1451 252 1491 ticus
280 1450 353 1489 isto
379 1448 564 1490 disiectus
595 1455 680 1499 cst,
716 1449 778 1503 qui
809 1462 851 1489 se
887 1449 1147 1490 miserrimum
1175 1448 1213 1489 in
1241 1456 1383 1490 statum
1412 1450 1586 1505 redegit,
1620 1457 1659 1491 et
1681 1465 1703 1491 a

152 1519 234 1560 vita
262 1517 416 1573 penitus
440 1517 640 1558 alienavit.
705 1515 862 1557 Etenim
895 1517 1080 1573 propheta
1112 1518 1164 1557 ita
1197 1525 1368 1559 sanctam
1402 1518 1463 1559 dei
1495 1520 1700 1560 ecclesiam

153 1587 383 1642 alloquitur:
417 1589 554 1626 Ponam
579 1586 847 1625 carbunculum
874 1588 1029 1638 lapidem
1057 1595 1174 1634 tuum,
1209 1595 1246 1626 et
1263 1588 1506 1640 fundamenta
1531 1596 1593 1627 tua
1614 1603 1700 1641 sup-
1715 1596 1783 1624 lsai.
1801 1598 1844 1634 5⁴,
1866 1599 1905 1626 11.

149 1659 322 1710 plzz'rum,
357 1663 394 1694 et
422 1670 547 1694 muros
573 1663 654 1694 tuos
683 1657 823 1707 lapides
846 1657 1002 1703 eleetos,
1038 1664 1076 1695 et
1095 1658 1387 1708 propugnacula
1411 1664 1473 1696 tua
1504 1660 1695 1709 uls-pidem.

153 1723 307 1766 Deinde
334 1723 512 1774 subiicit,
547 1726 672 1763 Omnis
700 1738 795 1772 vox,
830 1738 924 1776 quae
946 1727 1125 1764 adversus
1148 1733 1181 1764 te
1206 1733 1429 1777 consurget,
1465 1741 1588 1765 omues
1616 1729 1702 1766 illos
1720 1743 1798 1763 vers.
1819 1736 1859 1763 17.

156 1797 302 1842 υιήιέες
336 1801 467 1832 eontra
495 1801 528 1831 te
554 1808 638 1832 vero
664 1808 737 1832 nou
765 1794 1067 1846 prosperabitur.
1131 1792 1241 1834 Nihil
1276 1794 1377 1834 enim
1411 1801 1470 1834 est
1502 1795 1601 1849 quod
1632 1809 1701 1836 ve-

154 1877 236 1904 ram
263 1863 374 1903 fidem
401 1875 628 1917 expugnare
653 1861 790 1916 possit,
824 1862 910 1916 quia
933 1877 1045 1915 super
1063 1870 1210 1915 petrum
1234 1864 1433 1915 aedg'ficata
1454 1871 1522 1911 est,
1556 1871 1831 1935 etp⁰''''1⁸4¹5⁰¹1¹2¹‚¹·

156 1940 214 1972 lae
237 1933 354 1985 z'tgserz'
373 1946 445 1970 non
472 1932 746 1983 praevalebunt
779 1933 958 1970 calvet-sus
990 1933 1106 1970 illam.
1173 1930 1286 1985 Quod
1322 1931 1445 1971 eidem
1484 1932 1579 1973 deus
1611 1947 1699 1973 ver-
1755 1929 1763 1943 ’
1817 1929 1822 1935 ’

154 2001 260 2052 bum,
294 2013 367 2040 rex
390 2000 545 2054 inquam
572 1999 694 2055 ipsius
715 2013 757 2039 ac
781 2013 946 2054 sponsus
971 2013 1015 2039 ac
1040 1999 1217 2040 dominus
1244 2000 1442 2054 promisit:
1477 2000 1536 2041 cui
1559 2000 1698 2055 gloria,

155 2069 302 2120 honor,
335 2068 564 2123 imperium,
608 2068 708 2123 patri
737 2068 919 2109 videlicet
956 2068 993 2108 in
1032 2068 1132 2119 filio,
1173 2083 1259 2108 cum
1290 2068 1429 2124 spiritu
1459 2077 1618 2120 sancto,
1660 2070 1699 2110 in

154 2137 285 2179 secula
319 2137 565 2188 seculorum,
602 2137 746 2177 Amen.
809 2135 1015 2178 Postremo
1048 2152 1133 2178 cum
1169 2137 1265 2178 haec
1296 2151 1318 2178 a
1342 2137 1452 2178 nobis
1475 2139 1699 2193 proculcata

155 2207 205 2248 sit
236 2206 433 2257 haeresis,
468 2220 512 2246 ac
539 2206 646 2246 velut
673 2205 850 2246 avulsum
878 2220 899 2246 a
924 2212 1063 2247 trunco
1091 2206 1287 2262 serpentis
1319 2213 1433 2262 caput
1465 2207 1587 2247 adhuc
1619 2207 1700 2262 pal-

154 2275 281 2331 pitans
306 2275 468 2330 quodam
498 2276 608 2330 quasi
632 2274 736 2315 vitae
772 2275 872 2315 fuste
905 2275 1181 2315 comminutum
1211 2275 1284 2327 sit,
1319 2282 1499 2331 superest
1531 2283 1572 2316 ut
1602 2276 1699 2317 actis

156 2344 229 2385 rite
255 2345 326 2385 deo
348 2343 509 2399 gratiis⁷
543 2345 589 2384 ad
615 2344 786 2398 reliquas
811 2344 1127 2399 contemplandas
1150 2343 1336 2385 haereses
1362 2352 1621 2386 transeamus.

539 2505 840 2555 CONTRA
874 2506 1319 2566 NOETIANOS,

505 2587 702 2635 haeresis
748 2587 986 2636 XXXVII.
1002 2624 1014 2648 ,
1062 2587 1156 2636 sive
1203 2586 1348 2635 LVII.

268 2688 365 2730 Post
387 2689 487 2730 hunc
516 2689 614 2730 alius
642 2689 794 2744 quidam
823 2690 1045 2731 haereticus
1070 2688 1225 2730 ’Noe'tus
1251 2689 1406 2730 nomine
1430 2689 1594 2746 prodiit3
1629 2705 1695 2732 ne·
1724 2695 1802 2739 Cap.
1825 2696 1847 2727 ῐ.

157 2772 231 2814 que
263 2759 392 2799 multis
423 2758 562 2800 abhinc
596 2759 733 2810 annm,
768 2759 836 2800 sed
860 2766 949 2800 ante
975 2760 1046 2800 hos
1073 2761 1153 2800 sere
1187 2765 1340 2798 centum
1368 2772 1412 2798 ac
1444 2759 1624 2814 triginta,
1658 2761 1697 2800 in

156 2827 255 2869 Asia
278 2827 489 2879 oriundus,
526 2827 620 2869 urbe
642 2827 816 2884 Epheso.
881 2827 958 2883 Qui
991 2829 1119 2869 alieno
1151 2827 1288 2882 spiritu
1317 2827 1465 2868 afflatus
1496 2842 1543 2869 ea
1568 2829 1698 2870 dicere

159 2909 203 2936 ac
224 2897 366 2938 docere
391 2911 509 2938 ausus
533 2904 593 2938 est
615 2912 714 2952 quae
736 2912 808 2939 nec
838 2899 1048 2954 prophetae
1073 2910 1144 2937 nec
1167 2895 1329 2951 apostoli
1354 2910 1425 2937 nec
1453 2897 1618 2939 ecclesia
1651 2898 1697 2938 ab

159 2964 268 3005 initio
301 2966 444 3017 tenuit,
485 2981 528 3007 ac
558 2980 606 3007 ne
641 2966 826 3021 cogitavit
857 2967 1024 3021 quidem.
1092 2963 1213 3020 Igitur
1245 2965 1351 3005 velut
1381 2966 1541 3020 quadam
1575 2967 1697 3008 elatus
