2066 3319
225 501 312 544 Κεφ.
334 498 389 545 μβ’

248 1395 314 1424 pag.
330 1386 389 1415 655.

418 205 498 245 468
984 213 1143 246 SANGTI
1167 214 1391 246 EPIPHANH

416 288 554 344 λόγου,
589 289 750 343 ἐλέγχειν
773 289 814 331 δὲ
838 288 931 338 τούς
952 288 1050 331 κατὰ
1073 295 1142 344 τῆς
1162 289 1367 344 ἀληθείας,
1399 289 1622 347 εὐφραίνειν
1647 291 1689 333 δὲ
1714 291 1807 342 τοὺς
1831 291 1946 343 υἷοῦς

416 355 560 410 ταύτης
589 355 654 398 διά
684 361 761 398 τῶν
791 361 859 410 τῆς
889 355 1076 411 οἷληθείας
1105 360 1288 414 ἰατρικῶν
1318 358 1548 415 φαρμάκων.

395 527 401 535 .
533 490 632 533 Εἶτα
653 491 770 534 πάλιν
793 495 956 547 εἴδωμεν
979 493 1024 535 τά
1049 495 1156 549 ἕτερα
1178 499 1246 536 τοῦ
1269 493 1450 550 ἀγύρτου.
1513 494 1663 537 Φάσκει
1683 493 1755 550 γάρ
1778 493 1848 544 τοὶς
1871 494 1943 538 δύο

416 559 613 613 διαθήκας
638 561 813 610 ἐναντίας
842 560 942 615 πρός
971 558 1153 617 άλλήλας,
1184 564 1250 604 καὶ
1272 561 1340 604 τὸν
1360 562 1457 605 θεὸν
1483 562 1550 606 τὸν
1572 566 1789 617 λαλήσαντα
1820 565 1862 606 ἐν
1890 568 1944 622 τῷ

413 627 521 686 νόμῳ
544 629 673 683 ἕτερον
701 627 793 670 ὅντα
814 627 920 684 παρά
943 628 1010 671 τὸν
1031 628 1127 671 θεὸν
1147 634 1216 672 τοῦ
1241 628 1471 686 εὐαγγελίου.
1525 630 1705 689 Κάκείνῳ
1729 631 1797 685 μὲν
1819 630 1945 686 ὄνομα

402 694 615 751 ’Ἀρχοντος
647 699 822 750 τίθησιν,
859 702 872 726 ¹
891 692 966 739 ὦδε
997 698 1038 740 δὲ
1069 696 1138 740 τὸν
1167 696 1254 740 υἶὸν
1284 700 1350 740 καὶ
1380 697 1447 741 τὸν
1476 700 1622 755 πατέρα
1645 697 1818 755 Ἀγαθὸν
1846 698 1945 741 θεὸν

415 764 558 805 ἑαυτοῦ
585 765 695 819 λέγει.
758 767 836 806 Καὶ
867 768 951 807 εἴθε
983 764 1176 819 ήλήθευε,
1214 767 1280 808 καὶ
1312 765 1359 808 οὐ
1387 767 1651 820 σφαλλόμενος
1680 765 1772 808 καθ’
1801 768 1944 810 ἑαυτοῦ

414 831 663 885 ἐβλασφήμει.
730 838 792 890 Τῷ
824 833 865 875 δὲ
896 833 1036 891 2αὐτῷ
1066 833 1167 891 λόγῳ
1196 836 1262 876 καὶ
1288 833 1400 876 αὐτοὶ
1429 839 1739 888 συμφωνοῦμεν,
1770 833 1832 876 ὅτι
1852 833 1943 890 ἄγα·-

412 904 494 941 θοῦ
518 900 666 955 πατρὸς
688 900 731 943 τό
763 899 920 957 άγαθόν
941 903 1129 957 γέννημα,
1162 907 1249 955 φῶς
1272 904 1314 945 ἐκ
1337 901 1488 954 φωτός,
1519 901 1616 951 θεός
1636 904 1677 944 ἐκ
1698 907 1819 954 θεοῦ,
1849 901 1945 952 θεὸς

413 967 604 1022 άληθινὸς
634 971 676 1011 ἐκ
701 974 801 1012 θεοῦ
827 968 1043 1023 ἀληθινοῦ,
1074 965 1172 1023 ἦλθε
1197 969 1296 1026 πρὸς
1325 968 1450 1024 ἡμᾶς,
1480 973 1545 1012 ἰ’να
1567 969 1670 1024 ήμᾶς
1693 969 1810 1029 σώσῃ.
1833 1011 1837 1015 ,
1871 972 1946 1020 Εἰς

411 1036 457 1078 τοὶ
483 1040 563 1079 ἴδια
586 1032 703 1090 ἦλθε,
736 1039 801 1080 καὶ
826 1036 899 1080 οὐκ
924 1039 977 1086 εἰς
997 1036 1044 1079 τά
1066 1037 1261 1092 ἀλλότρια·
1293 1040 1335 1080 οἷ
1360 1040 1451 1080 ἰ’ὂιοι
1483 1038 1602 1080 αὐτόν
1632 1037 1680 1080 οὗ
1709 1041 1943 1094 παρέλαβον.

399 1103 517 1146 ’Όσοι
545 1105 585 1146 δὲ
610 1107 750 1159 ἔλαβον
780 1104 920 1157 αὐτόν,
959 1108 1078 1148 ἔδωκε
1110 1104 1244 1155 αὐτοῖς
1271 1108 1448 1155 ἐξουσίαν
1476 1107 1590 1148 τέκνα
1619 1111 1719 1148 θεοῦ
1749 1108 1943 1163 γενέσθαι,

411 1176 451 1215 οἳ
476 1171 547 1215 οὐκ
573 1175 610 1223 ἐξ
635 1176 817 1226 αἵματος,
850 1173 943 1215 οὐδὲ
973 1175 1013 1215 ἐκ
1039 1173 1202 1228 σαρκός,
1235 1171 1309 1214 ἄλλ’
1332 1175 1374 1215 ἐκ
1398 1179 1495 1215 θεοῦ
1526 1174 1801 1230 ἐγεννήθησαν.
1864 1176 1944 1216 Καὶ

410 1244 471 1282 τοί
493 1257 534 1296 γε
557 1239 688 1290 οὐδεὶς
719 1243 760 1283 ἐν
783 1247 835 1299 τῷ
865 1240 1000 1298 κόσμῳ
1026 1239 1120 1282 ἄνευ
1144 1240 1289 1297 σαρκός
1318 1241 1509 1296 ἐγεννήθη
1540 1244 1606 1283 καὶ
1634 1245 1814 1295 αἵματος,
1849 1242 1943 1284 ἀλλὰ

411 1308 556 1358 πάντες
580 1311 732 1362 μέτοχοι
759 1308 902 1363 σαρκὸς
923 1310 990 1350 καὶ
1016 1311 1180 1362 αἵματος
1204 1308 1394 1364 γεγόνασι.
1460 1313 1506 1351 Τί
1535 1309 1606 1365 γάρ
1638 1305 1757 1364 ἦσαν,
1794 1312 1889 1366 πρὶν
1917 1310 1944 1364 ἢ

414 1378 454 1419 ἐν
477 1379 590 1431 σαρκὶ
615 1381 878 1431 γεννηθῶσιν,
915 1375 940 1430 ἢ
960 1379 995 1418 τί
1017 1375 1224 1429 δυνάμεθα
1250 1375 1346 1419 εἶναι
1368 1376 1460 1419 ἄνευ
1483 1376 1647 1432 σαρκός,
1686 1377 1818 1432 ἐπειδή
1848 1379 1890 1420 δὲ
1919 1376 1943 1420 ὅ

410 1444 558 1498 κόσμος
584 1446 625 1486 ἐκ
648 1449 749 1486 θεοῦ
774 1445 926 1500 γέγονε,
957 1446 1024 1486 καὶ
1045 1442 1155 1498 ἡμεῖς
1179 1446 1399 1494 κτισθέντες
1428 1447 1470 1487 ἐκ
1494 1444 1636 1501 σαρκὸς
1659 1447 1728 1499 μέν
1749 1448 1862 1500 ἐσμεν
1884 1462 1943 1501 γε·

411 1514 635 1568 γεννημένοι
660 1514 839 1566 πατέρων
867 1514 932 1554 καὶ
959 1514 1153 1568 μητέρων,
1190 1508 1313 1566 ἦλθεν
1336 1512 1358 1555 ὁ
1387 1513 1524 1569 κύριος
1555 1518 1735 1569 γεννῆσαι
1765 1512 1869 1568 ήμᾶς
1899 1516 1942 1557 ἐκ

409 1580 632 1634 πνεύματος
655 1582 721 1622 καὶ
741 1580 878 1636 πυρός.
936 1579 1227 1636 Ἐγεννήθημεν
1257 1580 1349 1636 γάρ,
1381 1585 1448 1623 καὶ
1477 1583 1578 1624 ἔστιν
1602 1581 1766 1636 ἀληθὲς,
1796 1583 1862 1624 καὶ
1893 1580 1942 1625 οῦ

409 1652 572 1691 δυ’ναταί
593 1667 650 1698 τις
674 1648 926 1703 ἀρνήσασθαι
954 1648 1026 1702 τήν
1051 1649 1210 1702 πρώτην
1234 1650 1430 1704 γέννησιν,
1462 1649 1555 1692 οὐδὲ
1577 1649 1620 1692 τὸ
1648 1652 1690 1693 ἐκ
1720 1648 1864 1706 σαρκός
1891 1648 1941 1692 εἷ-

409 1736 486 1760 ναι.
553 1716 634 1770 Τήν
660 1718 700 1759 δὲ
722 1719 903 1771 δευτέραν
932 1718 1109 1772 γέννησιν
1137 1715 1210 1759 οὔκ
1236 1718 1277 1759 ἐκ
1300 1716 1443 1772 σαρκὸς
1466 1717 1750 1774 γεγεννήμεθα,
1781 1717 1873 1761 οῦδὲ
1901 1720 1940 1768 ἐξ

410 1788 594 1839 αἵματος,
634 1786 830 1827 τουτέστιν
860 1783 907 1827 οὗ
938 1790 982 1843 τῇ
1009 1783 1221 1839 άποχρήσει
1253 1790 1321 1839 τῆς
1349 1784 1493 1841 σαρκός
1523 1787 1750 1842 κεχρημένοι
1778 1787 1842 1829 καὶ
1871 1791 1940 1829 τοῦ

411 1856 595 1906 αἳματος,
628 1851 720 1894 ἄλλα
743 1851 870 1907 σάρκα
890 1855 956 1894 καὶ
979 1852 1110 1907 ψυχήν
1134 1855 1174 1895 ἐν
1197 1853 1383 1907 πνεύματι
1407 1855 1674 1910 γεγεννημέναι
1697 1855 1829 1908 μηκέτι
1851 1868 1939 1910 σαρ-

409 1920 525 1974 κικὴν
556 1916 698 1972 οὖσαν,
731 1920 824 1963 α’λλοὲ
849 1920 945 1974 αἷμα
971 1923 1035 1963 καὶ
1059 1920 1184 1976 σάρκα
1213 1923 1279 1963 καὶ
1308 1921 1442 1976 ψυχήν
1473 1927 1744 1975 πνευματικῶς
1767 1937 1939 1976 συνηνω-

411 1990 517 2042 μένα.
585 1990 800 2040 Τουτέστιν,
820 1989 996 2031 ’Έὸωκεν
1017 1988 1150 2038 αὐτοῖς
1174 1991 1351 2039 ἐξουσίαν
1372 1991 1486 2032 τέκνα
1509 1995 1609 2032 θεοῦ
1631 1991 1827 2046 γενέσθαι,
1858 1996 1940 2040 τοῖς

410 2056 688 2110 μεταβάλλουσι
711 2056 780 2110 τήν
798 2057 970 2112 γνώμην,
1001 2059 1068 2099 καὶ
1090 2056 1154 2099 διά
1175 2057 1319 2112 σαρκὸς
1342 2059 1408 2099 καὶ
1432 2060 1596 2111 αἵματος
1616 2059 1681 2100 καὶ
1706 2063 1837 2112 ψυχῆς
1855 2062 1941 2116 θεῷ

415 2131 432 2155 3
447 2123 755 2179 εὐαρεστήσασιν.
801 2125 844 2167 Ὁ
867 2131 963 2181 γοῦν
987 2128 1041 2174 εἰς
1067 2124 1113 2167 τά
1134 2128 1214 2167 ἴδια
1236 2125 1365 2168 ἐλθών
1387 2125 1460 2168 οὐκ
1482 2125 1679 2182 άλλότριός
1699 2128 1813 2178 ἐστιν,
1844 2123 1940 2168 ἄλλα

411 2192 602 2246 δεσπότης
624 2192 793 2235 πάντων.
854 2195 934 2235 Καὶ
957 2193 1021 2236 διά
1046 2199 1161 2236 τοῦτο
1186 2195 1297 2248 λέγει,
1326 2192 1369 2235 Ὁ
1389 2199 1512 2236 λαλῶν
1534 2196 1574 2236 ἐν
1595 2201 1676 2244 τοῖς
1701 2193 1938 2250 προφήταις,

407 2258 508 2302 Ἰδού
535 2260 705 2315 πάρειμι.
766 2263 844 2302 Καὶ
868 2268 948 2310 τοῖς
971 2260 1174 2311 Ἰουδαίοις
1196 2263 1293 2315 ἔφη,
1324 2264 1380 2303 Εἰ
1399 2267 1572 2304 Μωϋσεῖ
1595 2262 1827 2314 ἐπιστεύετε,
1858 2264 1940 2306 ἐπι-

410 2328 560 2370 στεύετε
586 2326 636 2371 ἂν
664 2331 772 2382 ἐμοὶ,
805 2331 951 2378 ἐκεῖνος
973 2329 1045 2385 γάρ
1071 2331 1158 2385 περὶ
1182 2331 1278 2382 ἐμοῦ
1303 2332 1465 2386 ἔγραψε·
1497 2332 1582 2383 καὶ,
1612 2329 1787 2386 Ἀβραάμ
1813 2328 1835 2373 ὁ
1864 2348 1938 2372 πα-

410 2395 482 2450 τήρ
515 2395 661 2450 4ὖμῶν
687 2396 942 2452 ἠγαλλιάσατο
974 2400 1071 2439 ἰδεῖν
1095 2398 1166 2451 τήν
1187 2396 1334 2454 ήμέραν
1356 2417 1453 2452 μου,
1484 2400 1550 2441 καὶ
1575 2397 1672 2451 εἶδε,
1704 2400 1770 2441 καὶ
1801 2397 1936 2454 ἐχάρη·

409 2466 498 2515 καὶ,
535 2464 671 2514 Οὕτως
690 2467 730 2506 οἷ
749 2466 909 2519 πατέρες
930 2463 1040 2518 ὑμῶν
1062 2467 1222 2507 ἐποίουν
1240 2472 1322 2516 τοῖς
1344 2466 1583 2522 προφήταις·
1614 2468 1702 2519 καὶ,
1733 2467 1940 2522 Μακάριοί

413 2534 514 2584 ἐστε,
547 2531 641 2574 ὅταν
664 2531 879 2575 ὄνειδίσωσι
900 2531 1022 2585 ὑμᾶς,
1053 2535 1119 2575 καὶ
1143 2536 1278 2576 εἴπωσι
1302 2533 1393 2576 καθ’
1415 2533 1526 2589 ὑμῶν
1547 2539 1627 2577 πᾶν
1647 2534 1822 2590 πονηρόν
1840 2547 1936 2588 ψευ-

412 2599 582 2653 δόμενοι.
646 2604 810 2656 Χαίρετε
831 2602 899 2642 καὶ
923 2599 1180 2656 ἀγαλλιᾶσθε,
1211 2601 1270 2643 ὅτι
1296 2600 1318 2644 ὁ
1340 2602 1482 2656 μισθός
1506 2601 1617 2656 ὑμῶν
1639 2601 1759 2652 πολῦς
1789 2605 1829 2645 ἐν
1856 2609 1939 2653 τοῖς

412 2666 611 2722 οὐρανοῖς·
653 2668 755 2710 οὕτω
779 2667 851 2724 γάρ
879 2670 1043 2710 ἐδίωκον
1065 2668 1158 2718 τούς
1186 2669 1394 2724 προφήτας
1424 2669 1515 2720 τούς
1542 2668 1618 2726 πρὸ
1645 2667 1757 2724 ὑμῶν
1783 2672 1850 2712 καὶ
1875 2670 1938 2712 ι’ἱλ-

411 2739 516 2786 λοτε,
555 2734 800 2790 Ἰερουσαλήμ
832 2735 858 2789 ἡ
889 2733 1157 2778 α’ποκτένουσα
1191 2737 1281 2787 τοῦς
1311 2738 1536 2793 προφήτας,
1577 2738 1644 2779 καὶ
1675 2741 1938 2792 λιθοβολοῦσα

412 2801 504 2852 τούς
528 2802 859 2858 ἀπεσταλμένους,
890 2803 1055 2853 ποσάκις
1075 2803 1249 2858 ἠθέλησα
1272 2805 1498 2856 ἐπισυνάξαι
1519 2804 1567 2847 τοὶ
1587 2807 1701 2848 τέκνα
1726 2820 1818 2857 σου,
1883 2805 1935 2849 Τὸ

460 2895 534 2926 CAP.
559 2896 669 2941 XLIJ.
692 2915 734 2922 --
786 2898 812 2929 1.
838 2890 907 2931 ὦδε
931 2896 969 2931 δὲ
992 2907 1054 2938 ego.
1101 2898 1154 2928 Li·
1245 2897 1276 2930 2.
1301 2900 1441 2930 Fortasse
1464 2893 1577 2931 αὐτοῦ.

413 2941 458 2970 bri
482 2942 591 2972 habent
617 2941 643 2974 ὠ
667 2940 714 2976 δὲ.
762 2944 907 2974 petavius
940 2944 1155 2982 suspicabatur
1244 2942 1276 2975 3.
1301 2940 1563 2984 εὐαρεστήκασιν
1586 2944 1651 2975 cod.
1673 2945 1800 2986 Rhediq.

411 2984 511 3027 τῷδε.
559 2979 665 3018 Satius
696 2997 770 3019 sane
801 2989 939 3028 fecisset,
973 2990 1000 3020 si
1029 2987 1086 3021 τοῦ
1115 2985 1153 3021 δὲ
1242 2985 1270 3019 4
1299 2985 1392 3030 ὑμῶν
1423 2989 1512 3021 codd.
1541 2998 1613 3021 mss.
1646 2992 1780 3030 uterque.
1837 2985 1936 3033 τῖμῶν

416 3029 526 3072 (intell.
549 3026 772 3076 εὐαγγελίου).
1197 3032 1270 3064 editi
1294 3034 1373 3065 libri.
