2030 3324
447 216 629 249 PANARII
653 217 735 249 LlB.
757 218 796 249 Π.
821 218 930 251 ΤΟΜ.
953 220 993 253 ΙΙ.
1018 219 1152 252 HAER.
1169 220 1295 252 LXlX.
1570 213 1651 252 599

99 298 302 338 sistentem
329 296 435 338 illum
458 303 596 351 suapte
620 297 820 337 voluntate
839 298 1085 350 condidisse;
1119 299 1326 350 eiusmodi,
1356 307 1396 340 ut
1414 313 1540 354 neque
1557 314 1651 340 con-

101 364 224 415 verti,
261 378 386 419 neque
415 363 555 404 mutari
584 365 728 418 possit:
766 367 977 420 perfectam
1005 368 1064 407 dei
1091 374 1334 417 creaturam,
1368 369 1435 408 sed
1463 382 1540 408 non
1567 374 1650 409 tan-

100 446 214 486 quam
241 445 371 472 rerum
399 439 619 472 creatarum
652 433 843 487 aliquam:
890 436 1032 474 foetum
1067 435 1222 484 itidem,
1263 437 1330 475 scd
1360 450 1435 475 non
1469 442 1651 490 tanquam

100 514 217 540 unum
239 513 260 540 e
286 500 445 541 ceteris.
508 498 597 540 Nec
617 502 938 554 quemadmodum
968 501 1203 543 Valentinus
1226 504 1498 554 asseverabat,
1533 504 1650 544 cmis-

98 567 248 608 sionem
277 568 469 623 quandam
499 567 602 608 illum
630 582 719 609 esse
746 570 866 624 patris
898 571 1067 610 t'oetnm:
1116 577 1179 610 aut
1207 577 1248 609 ut
1270 569 1527 612 Manichacus
1555 586 1650 612 eun-

98 636 183 677 dem
207 636 312 676 illum
344 637 486 676 foetum
511 643 658 690 partem
686 651 773 677 esse
798 637 896 677 dixit
924 637 1021 691 patri
1053 637 1444 679 consubstantialem,
1507 637 1649 694 Neque

98 711 138 744 ut
162 702 358 745 Sabellius
383 705 446 758 qui
478 704 664 745 unitatem
693 705 848 755 divisit,
884 712 922 745 ct
947 705 1062 745 [ilium
1090 712 1237 760 patrem
1271 706 1494 760 appellavit.
1557 705 1650 748 Non

94 772 185 812 item
212 779 252 813 ut
279 771 469 813 Hieracas
496 773 694 813 lucernam
728 787 748 812 e
780 774 962 824 lucerna,
997 780 1060 813 aut
1085 773 1298 827 lampadem
1327 773 1363 812 in
1390 774 1485 814 duas
1519 782 1649 829 partes

95 840 277 881 divisam.
341 839 483 894 Neque
511 854 607 880 vero
641 841 854 891 eiusmodi,
899 847 939 881 ut
967 855 1052 881 cum
1090 841 1196 895 prius
1235 841 1396 893 fuisset,
1432 850 1568 897 postea
1600 843 1650 883 sit

94 909 274 962 genitus,
310 923 353 948 ac
380 909 506 948 denuo
536 916 690 949 creatus
725 910 762 948 in
789 909 922 950 lilium.
986 908 1322 962 Quemadmodum
1350 917 1388 950 tu
1415 910 1524 965 ipse,
1559 911 1651 952 bea-

96 975 246 1016 tissime
279 991 398 1031 papa,
433 975 558 1016 media
585 976 622 1016 in
650 975 818 1017 ecclesia
848 983 887 1016 et
921 991 1111 1017 consessu
1137 991 1424 1032 saepenumero
1459 978 1522 1032 qui
1556 979 1649 1020 baec

95 1051 323 1084 assererent
348 1043 544 1084 refutasti.
609 1043 712 1096 sed,
749 1052 788 1084 ut
813 1045 1007 1096 diximus,
1042 1045 1102 1084 dei
1131 1045 1332 1085 voluntate
1361 1054 1451 1086 ante
1475 1054 1648 1102 tempora

93 1119 133 1152 et
156 1112 289 1152 secula
323 1112 451 1152 omnia
483 1119 681 1163 creatum,
716 1120 757 1153 ut
777 1113 931 1153 viveret
960 1121 1076 1167 atque
1103 1120 1233 1164 esset,
1268 1127 1288 1153 a
1315 1121 1423 1168 patre
1449 1117 1650 1170 accepisse

92 1180 348 1230 confitemur,
384 1180 481 1220 adeo
511 1187 551 1220 ut
579 1181 714 1221 eadem
748 1181 808 1221 illa
834 1181 1033 1222 creatione
1060 1181 1224 1235 gloriam
1257 1180 1292 1221 ei
1327 1189 1437 1237 pater
1469 1183 1650 1236 splendo-

92 1262 253 1303 remque
288 1248 512 1288 contulerit.
586 1247 728 1303 Neque
768 1249 870 1290 enim
907 1249 1212 1290 existimandum
1249 1256 1310 1289 est
1344 1258 1518 1305 patrem,
1563 1266 1648 1292 cum

93 1316 264 1357 omnium
283 1330 412 1357 rernm
436 1317 470 1356 ei
498 1318 789 1371 possessionem
817 1318 1005 1369 traderet,
1039 1317 1112 1357 sibi
1137 1317 1208 1373 ipsi
1233 1318 1334 1372 quod
1357 1319 1531 1373 ingenita
1555 1333 1648 1374 qua-

93 1385 181 1425 dam
203 1385 240 1426 in
266 1398 308 1425 se
331 1385 483 1425 ratione
508 1386 734 1426 continebat
754 1385 962 1426 ademisse.
1026 1383 1134 1426 Fons
1159 1386 1262 1426 enim
1284 1387 1349 1427 ille
1372 1388 1544 1428 omnium
1570 1395 1645 1429 est.

209 1451 476 1506 Quamobrem
516 1461 595 1494 tres
628 1462 718 1494 sunt
751 1454 1007 1509 hypostaseS,
1043 1461 1174 1508 pater,
1211 1454 1334 1506 lilius,
1367 1456 1526 1510 spiritus
1559 1470 1649 1497 san·
1669 1464 1852 1509 Cap.V111.

93 1529 194 1563 ctus.
257 1521 309 1562 Et
334 1522 486 1576 quidem
521 1522 639 1573 deus,
685 1537 770 1563 cum
806 1536 936 1563 rerum
961 1522 1131 1562 omnium
1169 1536 1309 1563 caussa
1336 1523 1409 1574 sit,
1454 1524 1562 1564 solus
1594 1539 1648 1567 ex

93 1589 272 1630 omnibns
302 1590 477 1645 principii
505 1598 565 1630 est
599 1605 760 1646 expers.
825 1588 949 1630 Filius
977 1604 1072 1630 vcro
1109 1591 1194 1631 sine
1230 1599 1405 1647 tempore
1437 1592 1593 1647 genitus
1625 1607 1647 1633 a

93 1665 225 1713 patre,
260 1666 299 1698 et
327 1666 416 1698 ante
441 1659 574 1699 secula
600 1667 756 1699 creatus
783 1673 828 1699 ac
850 1659 1030 1699 fundatus
1056 1659 1280 1714 priusquam
1305 1661 1535 1715 gigneretur
1568 1676 1645 1702 non

93 1727 179 1767 fuit.
247 1725 326 1767 Sed
359 1727 445 1767 sine
476 1734 650 1782 tempore
687 1735 723 1768 ct
754 1734 842 1768 ante
875 1727 1002 1767 omnia
1037 1728 1193 1781 genitus
1221 1729 1327 1770 solus
1364 1744 1384 1769 a
1418 1729 1503 1770 solo
1537 1737 1647 1784 patre

92 1795 303 1850 productus
335 1802 409 1836 est.
472 1794 565 1835 Non
602 1796 703 1836 enim
740 1803 925 1836 aeternus
958 1802 1025 1836 aut
1058 1803 1293 1837 coaeternus
1329 1805 1410 1849 est,
1456 1811 1527 1838 nec
1560 1812 1647 1838 cum

91 1869 202 1917 patre
227 1863 438 1917 ingenitus.
501 1863 643 1919 Neque
674 1879 759 1905 cum
783 1871 892 1920 patre
926 1863 1081 1914 extit-it,
1117 1871 1157 1904 ut
1180 1865 1353 1905 nonnulli
1380 1866 1426 1906 de
1459 1866 1518 1906 his
1546 1880 1647 1920 quae

93 1932 138 1972 ad
167 1930 268 1971 aliud
293 1932 520 1972 reseruntur
541 1933 748 1983 atlirmant,
783 1933 845 1987 qni
874 1932 1047 1986 ingenita
1072 1933 1147 1973 duo
1173 1933 1362 1988 principia
1386 1934 1645 1985 constituunt,

92 2013 227 2040 verum
263 2000 319 2040 sic
349 2008 530 2056 tanquam
568 2002 694 2041 unitas
732 2008 767 2041 et
803 2000 1029 2055 principium
1059 2002 1228 2041 omnium
1262 2009 1353 2042 ante
1391 2003 1518 2042 onmia
1551 2004 1647 2043 deus

92 2074 164 2108 est.
230 2065 364 2121 Quare
389 2070 503 2109 etiam
531 2069 613 2124 ipso
638 2066 799 2109 Christo
825 2068 932 2124 prior
957 2076 1038 2117 est,
1074 2076 1114 2109 ut
1139 2083 1160 2110 a
1183 2075 1220 2110 te
1244 2070 1464 2121 didicimus,
1499 2085 1584 2111 cum
1608 2070 1647 2111 id

92 2135 219 2177 media
252 2137 290 2177 in
317 2138 483 2178 ecclesia
509 2138 771 2191 praedicares.
836 2135 960 2191 Igitur
983 2145 1174 2192 quatenus
1199 2152 1219 2178 a
1248 2139 1321 2179 deo
1347 2146 1386 2179 ut
1415 2146 1522 2180 esset
1554 2153 1647 2179 con-

91 2211 250 2244 secutus
276 2212 351 2256 est,
387 2219 458 2246 nec
485 2220 560 2246 non
586 2213 622 2245 et
650 2206 785 2256 vitam,
814 2206 1076 2259 splendorem,
1104 2214 1315 2261 ceteraque
1338 2221 1436 2261 quae
1458 2208 1494 2247 in
1520 2207 1645 2262 ipsum

91 2273 230 2313 collata
258 2281 373 2324 sunt,
411 2274 481 2314 hac
508 2274 659 2314 ratione
686 2274 915 2329 principium
950 2274 1054 2315 illius
1084 2275 1179 2315 deus
1205 2282 1280 2315 est.
1345 2273 1418 2315 Est
1442 2275 1544 2316 enim
1577 2275 1643 2316 illo

91 2342 198 2396 prior
225 2355 269 2381 ac
292 2342 494 2396 princepS,
530 2349 662 2397 utpote
689 2343 784 2383 deus
811 2342 956 2398 ipsius,
990 2343 1052 2397 qui
1079 2350 1170 2384 ante
1194 2343 1319 2399 ipsum
1344 2343 1483 2394 suerit,
1519 2358 1541 2384 a
1567 2358 1642 2398 quo

92 2409 207 2449 etiam
256 2410 319 2450 ille
359 2410 560 2465 prodierit.
634 2408 747 2463 Quod
786 2410 818 2451 si
854 2410 1074 2452 istiusmodi
1113 2412 1294 2466 loquendi
1335 2413 1531 2453 rationes:
1578 2415 1642 2452 Ex
1661 2426 1709 2454 Ps.
1729 2427 1789 2462 1⁰9,
1808 2430 1833 2457 a.

92 2486 218 2525 utero,
256 2485 309 2528 et,
343 2483 384 2518 A
399 2487 510 2531 patre
532 2482 645 2526 ecez‘ve',
681 2487 717 2518 et
740 2483 858 2528 venio,
894 2478 1005 2534 quasi
1030 2480 1373 2520 consubstantialis
1403 2487 1550 2536 partem
1577 2488 1645 2521 aut
1664 2473 1780 2542 ’ῗξῇἓὲ

91 2546 342 2587 emissionem
371 2561 456 2587 cum
485 2547 680 2588 nonnullis
707 2547 968 2603 accipiamus,
1003 2549 1240 2603 compositus
1273 2549 1347 2589 erit
1370 2562 1415 2588 ac
1440 2548 1645 2589 divisibilis

91 2622 223 2670 pater,
259 2623 298 2655 et
322 2614 541 2666 mutabilis,
576 2615 651 2655 imo
677 2615 828 2657 illorum
859 2616 1043 2670 opinione
1070 2630 1210 2672 corpus
1234 2624 1295 2668 et,
1329 2618 1454 2672 quoad
1480 2619 1518 2659 in
1550 2619 1645 2674 ipsis

91 2692 173 2734 est,
207 2697 307 2737 quae
340 2683 494 2737 corpori
528 2691 793 2725 consentanea
826 2691 917 2725 sunt
950 2685 1117 2740 patietur
1144 2698 1288 2740 expers
1322 2686 1498 2740 corporis
1530 2687 1642 2728 deus.

90 2750 201 2792 Bene
226 2752 360 2792 valere
389 2759 426 2792 te
451 2758 627 2806 optamus
654 2752 692 2792 in
721 2753 901 2804 domum,
934 2753 1162 2795 beatissime
1188 2768 1309 2808 papa,
1342 2754 1488 2805 Arius,
1523 2753 1646 2796 Etha-

93 2820 172 2870 les,
206 2819 404 2870 Achilles,
449 2817 679 2875 Carpones‚
723 2819 950 2871 Sarmatas,
990 2822 1135 2872 Arius,
1177 2822 1419 2877 presbyteri:
1469 2823 1640 2875 diaconi,

94 2886 294 2938 Euzoius,
334 2886 502 2938 Lucius,
541 2885 682 2940 lulius,
717 2887 876 2940 Menas,
912 2888 1128 2941 Helladius,
1164 2888 1308 2930 Caius:
1348 2891 1536 2947 episcopi,
1568 2890 1643 2933 Se-

90 2999 129 3029 yo
153 2993 244 3021 extat.
297 2993 442 3022 Pelavius
475 2993 591 3023 censuit
624 2989 708 3035 ἔχων
733 2989 770 3024 τὸ
798 2988 842 3024 εἴ·
935 2988 965 3022 4.
990 2987 1173 3033 Ἀειῧαλῆς
1197 2996 1222 3024 et
1245 2989 1404 3036 Ἀχιλλᾶς
1427 2996 1558 3027 restituit
1583 2997 1642 3028 Pe-

93 3045 153 3069 γαν..
890 3041 950 3068 lav.
976 3046 1014 3069 ex
1038 3039 1244 3078 Theodoram
1267 3049 1358 3078 quem
1377 3041 1456 3071 vide.
