2066 3319
1615 176 1695 215 445

156 268 328 309 tenebris
351 281 446 308 vero
469 283 610 323 corpus
631 282 674 308 ac
698 269 883 309 materiae
907 268 1097 322 opificium
1121 267 1268 307 tribuit.
1319 265 1466 306 Horum
1494 278 1588 304 vero
1613 277 1698 318 per-

154 335 373 378 mistionem
399 351 442 377 ac
470 337 789 392 temperationem
818 337 916 376 hunc
940 337 975 376 in
1004 337 1155 376 modum
1183 336 1371 376 accidisse
1397 335 1502 382 dicit,
1537 348 1581 373 ac
1604 334 1697 373 duo-

154 419 236 446 rum
261 420 394 459 regum
419 406 599 460 exemplo
629 407 815 456 declarat,
851 406 911 459 qui
938 406 1009 445 iani
1035 406 1174 445 dudum
1200 404 1343 443 inimici
1369 410 1500 442 mutuo
1525 401 1595 441 sibi
1620 400 1698 441 bel-

1413 469 1466 510 lta
1499 471 1696 519 tenebras,

154 543 228 591 ait,
264 543 438 584 collectis
472 544 644 590 viribus,
680 544 818 584 linibus
851 544 930 583 suis
965 556 1147 597 egressas
1183 541 1444 580 incursionem
1481 539 1620 579 l'ccisse
1655 552 1699 578 ac

663 610 761 653 Cum
786 620 913 652 autem
939 610 1071 651 Bonus
1097 609 1213 649 Pater
1237 609 1418 648 tenebras
1442 608 1477 647 in
1504 614 1606 647 terra
1632 620 1700 648 sua

154 680 305 721 versari
342 689 624 733 cognosceret,
669 681 744 721 vim
782 695 801 720 a
831 695 873 720 se.
899 680 982 734 ipso
1015 680 1205 733 quandam
1234 676 1425 727 edidisse,
1461 690 1557 730 quae
1585 675 1698 716 Vitae

152 747 285 789 Mater
307 751 498 804 appellata
524 751 587 791 sit.
651 749 713 790 Ab
740 749 809 789 bac
833 748 993 803 primum
1022 747 1213 786 bominem
1241 747 1491 800 productum,
1526 758 1596 784 nec
1622 759 1698 784 non

154 826 192 858 et
228 818 419 858 elementa
454 819 646 873 quinque,

155 885 263 927 Haec
298 902 382 927 cum
413 888 519 927 velut
552 888 596 927 ad
630 886 806 926 bellicum
843 892 1067 940 apparatum
1098 884 1310 933 induisset,
1345 883 1381 922 in
1416 881 1602 922 inferiora
1635 882 1700 921 de-

944 952 1216 993 Tenebrarum
1247 966 1343 992 vero
1377 951 1594 1006 principes,
1638 950 1700 1004 qui

507 189 687 221 PANARII
712 188 796 220 Ltss.
814 188 852 220 ΙΙ.
878 188 986 219 ΤΟΜ.
1008 188 1047 219 Il.
1073 187 1202 219 HAER.
1223 187 1343 218 LXVI.

153 474 229 514 lum
255 474 446 524 inl'erunt,
480 475 532 515 ita
568 482 608 514 ut
633 482 796 528 uterque
824 475 1000 529 privatim
1028 488 1096 514 sua
1133 472 1346 528 possideat.

154 626 238 652 cum
268 612 351 652 luce
376 612 596 652 dimicasse.

682 825 864 867 ventum,
908 817 1056 866 lucem,
1097 829 1259 869 aquam,
1294 814 1447 868 ignem,
1483 814 1697 853 materiam.

153 955 300 1010 lapsum
339 970 425 996 cum
462 955 633 996 tenebris
668 968 877 1010 pugnasse.

155 1038 240 1064 cum
268 1037 313 1064 ea
345 1024 623 1076 decertabant,
658 1038 708 1064 ex
738 1024 838 1063 illius
869 1029 1090 1072 armatura,
1131 1035 1242 1075 quam
1272 1021 1437 1061 animam
1471 1034 1560 1061 esse
1593 1020 1699 1069 dicit,

154 1092 330 1134 nonnihil
366 1093 560 1133 adedisse.
625 1091 714 1146 Quo
749 1092 901 1147 quidem
934 1098 1108 1146 tempore
1138 1091 1301 1145 primum
1338 1089 1531 1130 hominem
1571 1089 1608 1128 in
1645 1089 1703 1128 in-

155 1161 364 1202 ferioribus
390 1162 447 1202 his
470 1162 566 1202 locis
588 1176 608 1202 a
637 1161 810 1202 tenebris
835 1174 1072 1215 magnopere
1104 1173 1192 1200 esse
1219 1166 1421 1199 vexatum.
1486 1156 1599 1210 Quod
1630 1157 1703 1197 nisi

155 1237 330 1270 orantem
351 1228 470 1271 Pater
493 1231 738 1281 exaudisset,
773 1238 887 1285 atque
909 1230 1069 1269 alteram
1095 1243 1115 1268 a
1138 1242 1180 1268 se
1202 1229 1426 1283 productam
1449 1227 1523 1268 vim
1550 1227 1587 1267 in
1612 1226 1702 1267 sub-

155 1300 294 1341 sidium
320 1300 515 1350 misisset,
549 1314 645 1354 quae
670 1298 795 1341 Vivus
824 1297 993 1354 Spiritus
1025 1298 1244 1349 diceretur,
1279 1311 1323 1337 ac
1353 1296 1425 1337 nisi
1459 1297 1701 1337 descendens

156 1370 359 1410 dexteram
393 1369 426 1409 ei
453 1370 696 1424 porrexisset
724 1376 837 1422 atque
869 1381 890 1408 e
921 1367 1092 1407 tenebris
1122 1367 1346 1416 eduxisset,
1382 1366 1600 1406 iamdudum
1627 1366 1703 1420 pri-

155 1453 258 1479 mum
279 1439 384 1478 illum
408 1438 600 1478 hominem
626 1439 822 1478 detentum
847 1435 1059 1491 periculum
1084 1435 1222 1489 ingens
1243 1435 1434 1475 aditurum
1460 1435 1596 1475 fuisse.
1640 1435 1702 1475 Ab

159 1521 205 1547 eo
229 1507 346 1562 igitur
367 1514 542 1561 tempore
567 1506 733 1546 animam
758 1506 795 1546 in
817 1505 993 1545 inferiori
1018 1504 1088 1544 hac
1112 1505 1203 1544 sede
1227 1504 1397 1558 reliquit.
1433 1502 1545 1558 Quae
1566 1518 1705 1544 caussa

157 1583 218 1617 est
243 1589 312 1616 cur
334 1574 580 1626 Manichaei,
615 1575 766 1629 quoties
790 1573 958 1614 invicem
991 1580 1224 1623 occurrunt,
1260 1573 1372 1613 huius
1397 1573 1453 1613 rei
1482 1573 1705 1628 significan-

157 1646 228 1686 dae
255 1645 380 1700 gratia
404 1652 535 1685 mutuo
562 1644 634 1684 sibi
661 1644 846 1684 dexteras
873 1643 1089 1697 porrigant,
1122 1649 1303 1697 tanquam
1327 1656 1347 1682 a
1371 1641 1542 1682 tenebris
1564 1642 1702 1696 erepti.

159 1711 308 1756 Omnes
335 1714 436 1754 enim
468 1722 597 1754 sectas
623 1713 775 1754 versari
799 1713 836 1752 in
861 1711 1033 1752 tenebris
1061 1711 1215 1751 asserit.
1281 1710 1396 1752 Tunc
1422 1709 1566 1751 Vivum
1598 1710 1703 1750 illum

158 1781 346 1839 Spiritum
371 1783 553 1824 mundum
578 1782 820 1832 condidisse,
855 1794 899 1821 ac
930 1787 1010 1821 tres
1043 1780 1138 1821 alias
1165 1780 1332 1821 virtutes
1359 1781 1548 1820 ferentem
1574 1786 1613 1820 et
1640 1779 1705 1819 de-

157 1852 306 1907 lapsum
323 1850 526 1907 Principes
550 1851 741 1892 extulisse
763 1864 933 1902 sursum,
961 1857 998 1890 et
1022 1849 1059 1889 in
1088 1849 1330 1890 firmamento
1351 1848 1578 1900 stabiliisse,
1606 1847 1705 1902 quod

157 1921 330 1976 ipsorum
362 1935 502 1976 corpus
535 1928 618 1971 est,
653 1920 736 1961 sive
767 1920 920 1974 globus.

272 1988 371 2031 Tum
407 2004 502 2030 vero
535 1996 739 2045 praeterea
771 1989 906 2029 eodem
943 2002 964 2029 a
994 1986 1143 2043 Spiritu
1178 1987 1382 2028 luminaria
1418 1994 1573 2038 creata,
1607 1999 1705 2040 quae

159 2066 250 2100 sunt
278 2059 430 2100 animae
460 2058 670 2113 reliquiae,
705 2058 834 2112 itaque
865 2057 913 2098 ab
942 2057 1007 2098 illo
1035 2058 1206 2113 perfecta
1239 2064 1280 2097 ut
1314 2057 1596 2097 firmamentum
1630 2055 1705 2095 cir-

159 2135 333 2170 cumacta
367 2134 658 2184 percurrerent.
722 2126 894 2167 Rursum
922 2140 1016 2167 vero
1041 2134 1186 2167 terram
1214 2125 1395 2181 octuplici
1425 2125 1556 2181 specie
1589 2124 1706 2165 sabri-

203 2219 235 2254 6.
267 2222 344 2253 Acta
374 2222 517 2253 Archelai
548 2232 580 2261 p.
607 2219 657 2252 11.
690 2218 723 2250 in
757 2217 904 2250 tenebris

159 2266 247 2298 enim
271 2277 384 2298 omnes
406 2266 560 2298 haereses
584 2276 654 2298 esse
677 2264 791 2297 dicunt
824 2266 906 2307 (cod.

158 2315 316 2346 Bobiensis
340 2312 488 2356 dicitur).

205 2359 224 2392 7
228 2361 328 2391 ‚Hac
346 2361 430 2390 verbi
453 2360 647 2398 formatione,
671 2367 750 2398 quae
773 2359 908 2389 Alexan-

160 2406 254 2437 drina
274 2409 328 2445 est,
352 2406 425 2436 solet
447 2407 492 2436 uli
509 2405 713 2444 Epiphanius.
753 2405 804 2435 διο
825 2405 908 2435 haer.

159 2450 223 2492 69,
248 2452 300 2483 50.
329 2462 365 2484 ου
388 2447 452 2493 γὰρ
483 2447 585 2492 ἐφόρε
590 2460 627 2483 σε
659 2447 787 2512 στέρξας
824 2450 908 2481 haer.

159 2494 215 2551 69,
239 2496 291 2528 5-.
317 2493 428 2538 σάρκα
448 2493 604 2548 ἐφέρεςε,
629 2499 655 2526 et
678 2492 780 2537 ἐφὸρε
785 2505 823 2528 σε
845 2492 908 2537 γὰρ

159 2539 196 2575 τὸ
222 2541 340 2584 σῶμαῑ
371 2543 455 2574 haer.
478 2542 533 2581 62,
558 2543 589 2573 ὀ.
615 2551 716 2583 amaa
739 2538 787 2595 μῇ
810 2551 908 2583 φορε-

162 2598 241 2620 σακ
267 2589 343 2620 ibid.
361 2597 430 2628 cap.
444 2586 474 2620 6.
502 2587 603 2629 σῶμα
624 2598 671 2629 μη
694 2585 907 2628 φορέσαντος.

163 2635 209 2673 Cf.
233 2635 296 2666 Sir.
326 2634 373 2673 ll,
396 2635 427 2665 ἑ).
451 2637 477 2664 et
502 2635 525 2665 Ι.
541 2634 676 2665 Corinth.
695 2633 743 2671 ts,
766 2631 819 2664 49.
865 2633 909 2664 du

163 2680 276 2720 Canyii
300 2681 397 2711 Gloss.
419 2680 461 2710 ad
483 2680 618 2718 Scrippt.
645 2679 686 2709 M.
709 2681 735 2709 et
756 2679 779 2709 I.
803 2681 866 2710 Aet.
885 2688 908 2710 s.

160 2734 210 2757 vv.
229 2724 360 2768 Φορεῐν,
387 2721 549 2767 Φέρεμα,
576 2722 744 2765 (Pamin,
768 2734 801 2764 p.
824 2722 908 2757 1669

161 2780 205 2810 sq.

206 2816 237 2849 8.
261 2819 338 2849 Acta
360 2817 501 2848 Archelai
525 2817 544 2847 l.
564 2817 583 2847 1.
606 2817 717 2847 habent
746 2821 778 2846 et
801 2814 908 2847 cruci-

163 2860 232 2892 fixit
252 2873 308 2894 eos
330 2861 362 2893 in
388 2861 614 2899 firmamento,
651 2859 740 2904 quod
765 2867 815 2892 est
840 2861 907 2892 eius

165 2918 280 2949 corpus
301 2907 450 2950 sphaera.
500 2909 569 2947 Qua
596 2909 778 2939 auctoritate
808 2910 909 2939 motus

165 2953 360 2994 Ζαοαςηὶῑιε,
397 2963 465 2985 cum
497 2954 612 2985 videret
642 2954 726 2992 infra
751 2962 819 2992 cap.
839 2952 906 2991 27„

164 3007 233 3038 cap.
251 3001 316 3038 32„
339 3009 406 3038 cap.
425 2998 477 3031 49.
503 3000 541 3029 ab
561 3001 627 3039 ipso
647 2999 823 3038 Epiphanio
845 2999 907 3029 dici

953 2228 1009 2259 que
1045 2221 1108 2251 loco
1142 2219 1353 2258 reponendum
1391 2214 1604 2259 ἐσταύρωσεν
1643 2226 1705 2248 esse

953 2267 1078 2297 censuit.
1127 2266 1267 2296 Suadenc
1294 2274 1366 2295 vero
1394 2265 1519 2295 retineri
1541 2265 1704 2303 vulyarem

952 2313 1140 2351 scripturam
1171 2312 1228 2342 loci
1253 2312 1427 2349 comparati
1453 2319 1522 2349 cap.
1542 2312 1593 2340 -Μ,
1607 2332 1615 2348 ,
1652 2310 1704 2339 ubi

953 2359 1064 2388 iterum
1096 2358 1229 2388 occurrit
1255 2353 1450 2394 ἐσταυρωσε
1453 2367 1467 2386 a
1499 2352 1530 2387 ἐ)
1554 2353 1602 2397 τῷ
1631 2365 1704 2387 σ-ε-

956 2401 1123 2445 ρεώματι,
1159 2401 1316 2444 ειπρος-’.
1308 2400 1393 2443 -ηξε
1415 2400 1464 2444 τῷ
1488 2399 1620 2443 στααρῴ
1657 2403 1705 2432 at-

954 2459 1011 2489 que
1032 2447 1064 2481 έν
1083 2448 1131 2491 τῷ
1159 2458 1215 2480 στε
1219 2459 1253 2488 p:
1257 2446 1367 2489 ώματν.
1389 2457 1430 2479 τε
1432 2446 1549 2490 :fjx-ci
1555 2470 1572 2477 ..
1623 2447 1706 2478 Cete-

954 2504 1025 2525 rum
1048 2504 1096 2526 res
1118 2495 1183 2536 fere
1204 2495 1309 2525 eodem
1333 2494 1472 2524 recurrit.

999 2537 1030 2571 9.
1064 2543 1111 2571 An
1144 2538 1181 2572 οὑ
1214 2537 1327 2571 ἐστιν’.)
1378 2540 1579 2577 (mamquam
1612 2539 1705 2569 etiam

955 2588 1031 2617 Acta
1058 2586 1201 2617 Archelai
1232 2588 1352 2616 tuentur
1382 2585 1543 2623 vulgarem
1573 2585 1706 2623 scriptu-

954 2642 1046 2671 ram,
1082 2634 1107 2662 et
1141 2631 1225 2670 infra
1258 2640 1326 2669 cap.
1347 2628 1399 2661 4*
1434 2631 1544 2660 iterum
1574 2631 1705 2681 occurrit

956 2676 1013 2710 καὶ
1037 2675 1153 2717 ἐστερέ
1156 2686 1223 2709 ωσε
1227 2688 1243 2729 at
1272 2674 1304 2708 ε’)
1335 2676 1381 2719 τῷ
1417 2672 1626 2716 στερκόματ.
1639 2700 1647 2716 ,
1684 2670 1701 2708 0'

955 2721 1026 2756 ἔστ.
1018 2735 1043 2754 2
1077 2720 1188 2755 αἰτῶ)
1219 2733 1240 2763 η
1276 2731 1359 2762 σφω.
1363 2732 1411 2761 pa.
1461 2721 1543 2751 Mate
1569 2722 1704 2753 tet.1n-

955 2773 1070 2808 terpres
1093 2764 1193 2800 aira]
1217 2776 1274 2805 pro
1301 2763 1361 2798 αὐτ
1365 2767 1428 2804 ῶν,
1453 2776 1550 2806 quam
1570 2768 1704 2806 scriptu-

954 2824 1025 2846 ram
1049 2815 1211 2853 confirmat
1235 2813 1318 2843 locus
1343 2822 1411 2852 cap.
1431 2810 1484 2843 40.

1004 2860 1079 2890 Cap,
1101 2858 1229 2889 XXVI.
1255 2876 1297 2881 —-
1336 2858 1365 2889 1.
1390 2854 1426 2892 τὲ
1454 2867 1512 2889 om.
1533 2859 1701 2890 ed.Petav.

957 2907 1060 2937 Coton.
1085 2907 1176 2943 repet.

999 2955 1029 2982 2.
1064 2948 1129 2983 εἰσὶ
1151 2947 1188 2982 δὲ
1223 2948 1286 2991 (vel
1309 2947 1372 2991 δὴ)
1409 2945 1498 2983 ὀκτώ
1525 2952 1703 2991 Zaca9m'us

950 2999 1040 3037 putat
1067 2998 1126 3026 Vet.
1149 2996 1345 3035 Interpretem
1376 2997 1482 3036 le9isse
1510 3006 1580 3028 cum
1608 2998 1702 3028 inter-

166 3043 399 3087 σταυρωὸἧναι
420 3042 498 3082 τοὺς
512 3040 718 3089 ’Ἄρχων-τας,
755 3045 810 3077 hoc
831 3053 906 3084 quo·
948 3044 1125 3082 pretaretur
1149 3047 1182 3072 et
1205 3046 1281 3072 sunt
1306 3047 1393 3073 octo.

1754 1992 1833 2035 Cap.

1730 2039 1860 2071 XXVI.
