2066 3319
535 150 715 184 PANARu
740 151 823 184 Lm.
842 153 881 183 u.
907 153 1015 185 ToM.
1035 155 1074 185 u.
1103 153 1231 186 HAER.
1253 154 1372 186 vai.
1646 146 1723 185 491

188 245 285 287 quae
316 230 528 280 confinxit,
573 237 723 270 evertat
754 245 799 271 ac
830 231 1024 282 stabiliat,
1072 241 1231 288 apparet
1264 234 1356 274 haec
1389 247 1408 272 a
1440 233 1640 274 delirantis
1672 232 1730 273 in-

186 300 302 354 genio
334 312 421 338 esse
453 299 641 352 prosecta.

299 365 509 407 Praeterea
534 366 748 407 animarum
783 380 834 407 ex
861 368 946 408 aliis
972 369 1007 409 in
1034 370 1107 410 alia
1133 384 1296 424 corpora
1320 372 1505 410 transitus
1529 370 1724 410 edisserit.

188 434 299 489 Quod
329 434 569 474 mendacium
608 449 629 474 a
653 432 838 486 Platone,
875 437 934 476 vel
965 436 1127 477 Zenone
1156 436 1315 488 Stoico,
1351 439 1410 478 vel
1444 439 1621 492 quopiam
1653 438 1727 478 alio

186 518 236 545 ex
264 502 442 543 fanaticis
474 503 546 543 illis
576 517 809 557 corrogasse
846 504 1010 545 videtur.
1076 504 1230 545 Etenim
1265 506 1325 559 qui
1361 506 1440 545 lieri
1481 515 1607 561 potest
1638 514 1677 547 ut
1708 521 1729 546 a

185 586 350 627 corpore
380 572 417 611 in
447 585 587 626 corpus
611 571 738 611 anima
767 574 1050 613 transferatur?
1108 572 1210 613 Nam
1247 574 1277 612 si
1313 589 1476 628 corpora
1511 575 1728 615 iamdudum

186 641 350 680 formata
384 647 421 680 et
455 647 587 694 parata
622 640 771 690 l'orent,
817 648 855 680 ut
889 641 1037 681 animas
1074 641 1326 696 exciperent,
1372 642 1544 682 nonnihil
1573 644 1729 683 scenica

187 709 260 749 ista
286 708 410 748 fabula
440 707 651 748 verisimile
684 716 933 762 proponeret.
996 708 1114 749 Nunc
1140 724 1224 749 cum
1262 710 1296 749 id
1322 711 1419 763 quod
1447 712 1731 765 proseminatur

185 777 328 831 exigua
355 777 516 830 quadam
544 790 564 815 e
586 776 688 816 stilla
712 776 783 827 sit,
819 791 893 816 non
921 777 1034 817 video
1060 779 1379 831 quemadmodum
1408 779 1556 819 tantillo
1583 779 1618 819 in
1642 794 1729 820 cor-

184 859 278 901 pore
307 852 450 885 tantam
478 844 692 885 ubertatem
722 859 766 884 ac
791 844 939 899 copiam
965 845 1092 886 anima
1120 847 1309 900 reperiat3
1355 846 1411 887 sic
1446 848 1546 887 enim
1581 848 1729 901 [ingunâ€”

184 921 247 954 tur
271 927 315 953 ea
341 913 468 953 omnia
494 927 756 967 quaecumque
781 914 931 953 tandem
962 915 1171 967 linguntur.
1227 912 1282 954 lta
1308 915 1433 955 nullus
1455 915 1567 955 istius
1595 930 1730 956 narra-

184 981 279 1022 tioni
303 982 410 1022 locus
436 989 518 1032 est,
553 995 625 1020 nec
651 981 696 1020 ab
721 996 796 1022 uno
823 996 986 1036 corpore
1013 982 1049 1022 in
1076 982 1177 1023 aliud
1202 983 1353 1023 animae
1387 984 1726 1024 transfunduntur.

185 1048 384 1104 Siquidem
414 1050 559 1104 absque
583 1057 714 1089 mutua
746 1049 863 1089 maris
889 1064 934 1089 ac
961 1050 1127 1090 feminae
1161 1051 1435 1092 coniunctione
1466 1052 1558 1092 nihil
1583 1052 1621 1092 in
1654 1052 1730 1092 ullo

183 1119 406 1160 animalium
442 1132 587 1173 genere
614 1119 892 1174 propagatione
921 1120 1122 1160 formatur.
1184 1118 1289 1160 Num
1316 1121 1434 1175 igitur
1466 1122 1521 1161 sic
1553 1120 1732 1161 consistit

183 1188 311 1228 anima
338 1194 377 1227 ut
404 1187 603 1227 amborum
630 1187 876 1241 copulatione
905 1202 1110 1242 corporum
1144 1188 1388 1229 circulatoris
1418 1188 1529 1229 istius
1565 1189 1729 1229 fabulam

184 1256 388 1296 absolvat?
447 1253 552 1296 Sane
581 1256 715 1295 miram
747 1255 899 1296 illorum
933 1256 1182 1296 stoliditatem
1210 1263 1363 1311 oportet
1386 1272 1497 1308 esse,
1532 1258 1595 1312 qui
1627 1257 1730 1298 eius-

185 1324 286 1365 modi
313 1325 373 1364 vel
400 1323 593 1377 cogitandi
628 1324 700 1363 sibi
738 1324 938 1364 linxerint.
999 1323 1128 1365 Nobis
1155 1332 1307 1375 autem,
1352 1340 1400 1366 ne
1436 1340 1533 1381 quae
1566 1333 1731 1380 augusta

183 1406 227 1433 ac
253 1392 436 1447 religiosa
464 1399 576 1441 sunt,
612 1399 917 1443 commutemus,
961 1393 1058 1432 satis
1086 1406 1174 1433 esse
1202 1394 1326 1434 visum
1359 1401 1419 1434 est
1455 1395 1562 1435 velut
1598 1408 1618 1434 e
1648 1395 1732 1435 lon-

184 1461 328 1515 ginquo
356 1460 573 1514 argumenti
600 1460 712 1500 liuius
738 1461 971 1501 informasse
1001 1460 1188 1515 speciem.
1251 1460 1446 1516 Quocirca
1473 1462 1731 1517 perniciosam

186 1529 284 1570 banc
311 1537 426 1583 atque
458 1528 695 1569 exitiabilem
726 1529 946 1583 opinionem
975 1530 1296 1583 praetermittam.
1358 1529 1460 1571 Nam
1495 1531 1732 1586 perabsurda

185 1606 274 1639 sunt
310 1597 498 1637 eiusmodi
536 1596 663 1636 omnia
696 1598 890 1651 dogmata.
955 1596 1109 1637 Etenim
1138 1597 1170 1638 si
1199 1598 1426 1653 corporibus
1455 1614 1617 1654 corpora
1651 1614 1732 1640 mu-

184 1672 264 1706 tent
292 1666 468 1716 animae,
504 1673 542 1705 ut
570 1665 632 1719 qui
659 1665 747 1705 olim
775 1665 888 1705 homo
913 1666 1027 1706 fuerit
1051 1673 1185 1721 postea
1209 1668 1315 1706 canis
1339 1666 1507 1718 existat,
1554 1682 1622 1708 cur
1654 1683 1730 1708 non

181 1748 232 1776 ex
267 1734 421 1774 bomine
450 1735 512 1774 vel
542 1733 641 1773 bove
671 1735 778 1774 canis
804 1734 1002 1774 nascitur?
1046 1741 1111 1774 aut
1138 1749 1207 1774 cur
1239 1749 1315 1774 non
1350 1736 1434 1775 avis
1465 1736 1731 1790 progignitur?

180 1803 258 1843 imo
284 1810 442 1851 contra,
478 1803 508 1842 si
537 1802 635 1856 quod
668 1803 804 1842 infiniti
830 1803 1014 1857 temporis
1041 1803 1166 1858 spatio
1191 1812 1405 1843 monstrum
1432 1804 1541 1844 liuius
1573 1804 1732 1858 generis

184 1872 359 1921 oriatur,
406 1871 572 1925 portenti
605 1870 768 1910 liabetur
795 1871 947 1911 instar?
1007 1871 1067 1911 Ac
1102 1878 1238 1912 natura
1275 1871 1426 1926 quidem
1462 1873 1543 1927 ipsa
1575 1871 1657 1913 suis
1688 1887 1731 1913 se

183 1940 322 1980 linibus
351 1940 541 1988 continet,
578 1953 703 1992 neque
728 1946 791 1979 aut
817 1939 997 1989 bominis,
1032 1947 1095 1980 aut
1118 1940 1275 1995 pecudis
1304 1940 1418 1981 ullius
1441 1948 1617 1982 naturam
1638 1956 1731 1982 con-

181 2016 240 2048 tra
267 2022 381 2062 quam
407 2009 575 2062 postulet
606 2008 688 2062 ipsa
721 2015 954 2057 commutat,
998 2008 1065 2048 sed
1100 2008 1136 2048 in
1169 2022 1398 2064 unaquaque
1433 2010 1563 2064 specie
1595 2010 1729 2050 eadem

179 2083 366 2132 perpetuo
391 2076 556 2130 qualitas
583 2091 627 2116 ac
655 2077 825 2116 conditio
850 2084 1039 2117 remanet.
1104 2075 1184 2117 lam
1208 2091 1302 2118 vero
1328 2079 1360 2118 si
1389 2093 1409 2118 a
1438 2092 1601 2133 corpore
1629 2079 1729 2119 aliud

179 2159 248 2200 pro
278 2145 402 2185 altero
437 2159 576 2198 corpus
610 2145 703 2184 oriri
744 2160 819 2185 non
854 2152 1003 2200 potest,
1049 2153 1191 2200 quanto
1225 2147 1348 2200 magis
1382 2147 1418 2186 in
1453 2147 1552 2187 aliud
1589 2161 1729 2201 corpus

180 2213 397 2267 transgredi
425 2213 590 2252 bominis
618 2213 744 2253 anima
768 2228 843 2253 non
868 2214 1034 2268 poterit?
1094 2212 1205 2267 Quae
1231 2222 1290 2254 est
1312 2223 1464 2266 autem,
1500 2215 1621 2269 inquit
1648 2216 1726 2265 ille,

179 2281 406 2322 mutationis
434 2282 535 2321 illius
560 2282 687 2321 ratio?
751 2280 801 2322 Ut
827 2282 1005 2322 nimirum
1031 2281 1086 2333 si,
1121 2297 1205 2322 cum
1230 2283 1266 2322 in
1289 2282 1442 2323 homine
1463 2292 1592 2334 esset,
1626 2284 1730 2323 veri-

184 2350 276 2390 tatis
298 2349 502 2390 scientiam
532 2364 607 2389 non
639 2351 879 2405 perceperit,
912 2351 1073 2390 subinde
1101 2351 1138 2391 in
1168 2365 1301 2391 canem
1339 2359 1401 2391 aut
1435 2366 1573 2405 equum
1608 2351 1730 2392 intro-

182 2419 321 2470 ducta,
356 2433 400 2458 ac
436 2418 674 2473 perdomita,
710 2418 1041 2473 intelligentiaque
1073 2420 1246 2474 praedita
1275 2420 1481 2460 liumannm
1516 2420 1552 2460 iu
1588 2435 1729 2476 corpus

180 2488 308 2527 denuo
338 2494 582 2537 revertatur,
618 2495 732 2541 atque
755 2488 804 2527 ita
833 2502 991 2542 compos
1015 2488 1203 2528 scientiae
1239 2489 1337 2528 sacta
1376 2489 1412 2527 iu
1450 2488 1581 2528 orbem
1615 2490 1727 2529 lunae

180 2556 407 2610 recipiatur.
473 2554 515 2595 ln
541 2570 616 2609 quo
646 2569 714 2610 per
744 2555 831 2596 illud
855 2571 951 2596 sane
975 2557 1110 2596 mirum
1136 2564 1218 2606 est,
1254 2557 1442 2606 animani,
1477 2558 1656 2610 quamdiu
1688 2558 1726 2598 in

180 2624 336 2664 bomine
363 2624 455 2674 l'uit,
490 2624 551 2664 cui
582 2624 801 2664 scholarum
836 2626 1200 2679 grammaticorum,
1235 2625 1517 2679 sophistarum,
1551 2626 1727 2667 innume-

179 2707 307 2733 rarum
345 2692 510 2746 denique
546 2692 684 2732 artium
718 2693 826 2747 copia
854 2694 1046 2748 suppetit,
1092 2694 1153 2747 qui
1182 2693 1534 2743 sermocinatione,
1577 2695 1724 2746 auditu,

182 2761 398 2801 eruditione
424 2761 621 2816 praeditus
645 2770 727 2812 est,
769 2762 804 2801 in
838 2776 883 2802 eo
910 2763 1063 2817 inquam
1091 2761 1244 2801 homine
1270 2769 1373 2801 tanta
1400 2761 1437 2801 in
1465 2762 1615 2802 inscitia
1643 2764 1726 2803 ani-

182 2843 279 2868 mam
304 2843 391 2869 esse
417 2837 635 2880 versatam,
669 2831 830 2870 eandem
857 2845 951 2871 vero
980 2846 1071 2870 mox
1103 2838 1141 2870 ut
1169 2832 1205 2869 iu
1233 2844 1390 2885 porcum
1424 2832 1610 2872 translata
1645 2833 1726 2872 sne-

181 2896 254 2947 rit,
289 2898 445 2938 maioris
469 2912 557 2939 esse
588 2898 776 2939 scientiae
805 2899 1046 2954 participem.
1111 2898 1199 2952 Quo
1237 2898 1387 2952 quidem
1422 2900 1580 2940 decreto
1615 2914 1725 2941 suam

226 2988 257 3019 5.
281 2984 489 3032 á¼€Î½Î±Îºá½±Î¼Ï€Ï„ÎµÎ¹
523 2992 568 3032 (lt.
587 3000 612 3022 e.
636 2987 857 3034 á¼„Î½Î±Îºá½±Î¼Ï€Ï„á¿ƒ)
884 2992 950 3024 cod.
974 2990 1102 3030 Ithediy.

1755 378 1832 422 cap.
1852 377 1921 409 [Î.
