2066 3319
70 543 72 545 .
131 507 229 547 rium
254 506 508 547 vehementer
534 508 725 548 accendit.

1594 212 1675 251 449

132 300 213 340 suis
235 299 432 341 illecebris
455 300 612 342 allicere
640 301 882 355 aggreditur,
917 316 1013 356 quae
1043 316 1084 343 sc
1114 302 1284 342 maribus
1315 301 1597 356 pulcherrimae
1623 301 1677 341 fe-

133 369 284 420 minae,
330 368 483 409 feminis
513 384 608 409 vero
640 370 830 424 elegantis
869 385 913 411 ac
953 371 1112 411 formosi
1147 371 1277 425 specie
1313 370 1465 410 iuvenis
1507 371 1677 410 offerens

131 435 360 493 Principes,
396 452 479 479 eum
515 452 598 478 eam
634 446 706 478 tam
737 439 932 493 exquisito
962 447 1100 480 ornatu
1131 439 1324 489 viderint,
1359 440 1403 479 ad
1437 439 1495 480 sui
1528 439 1678 479 deside-

483 221 664 254 PANARH
687 221 770 253 LIB.
794 222 834 254 ΙΙ.
859 221 966 254 ΤΟΜ.
989 222 1029 253 ΙΙ.
1054 222 1186 254 HAER.
1209 222 1331 254 LXVI.

790 506 974 561 Quicum
1005 522 1087 548 eam
1122 508 1277 561 assequi
1313 515 1529 562 nequeant,
1565 515 1678 548 extra

132 581 364 630 potestatem
401 582 619 627 exeuntes,
663 590 754 630 prae
794 591 926 617 amore
963 591 1007 617 ac
1047 577 1254 631 cupiditate
1287 576 1422 615 mirum
1455 575 1493 616 in
1526 577 1678 616 modum

132 644 411 685 exardescunt.
459 642 636 699 Cumque
661 645 954 686 accurrentibus
978 645 1052 686 illis
1071 645 1182 699 virgo
1204 658 1245 685 se
1269 658 1322 684 ex
1343 644 1494 685 illorum
1519 652 1677 700 aspectu

133 712 390 762 subduxerit,
426 720 503 753 tum
536 728 699 768 magnus
724 712 915 769 Princeps
947 728 999 754 ex
1031 727 1119 754 sese
1151 713 1274 754 nubes
1311 713 1473 764 emittit,
1516 722 1556 754 ut
1589 728 1679 769 prae

131 781 332 822 iracundia
355 783 498 823 mundo
521 783 704 824 tenebras
732 783 917 823 offundat.
969 783 1098 836 Atque
1122 782 1193 822 hoc
1216 782 1330 822 modo
1353 782 1385 821 si
1411 782 1680 822 vehementius

131 857 345 905 prematur,
383 851 548 892 hominis
575 852 700 892 instar
728 866 779 892 ex
804 852 946 893 sudore
974 850 1155 901 lassatur,
1191 850 1253 904 qui
1281 851 1432 904 quidem
1459 852 1578 891 sudor
1601 852 1680 905 plu-

132 918 234 960 viam
267 920 396 960 efficit.
461 918 528 961 Sic
561 927 596 960 ct
625 921 802 976 princeps
836 920 958 969 alter,
993 917 1153 959 Messor
1177 919 1413 974 appellatus,
1448 920 1478 959 si
1505 918 1681 973 Virginis

130 988 318 1029 illecebra
341 988 540 1044 capiatur,
575 996 722 1044 pestem
748 989 786 1029 in
814 989 1037 1029 universam
1061 996 1204 1028 terram
1231 988 1438 1043 perdendis
1464 988 1681 1028 hominibus

131 1057 317 1098 immittit.
380 1056 581 1113 Siquidem
617 1072 758 1113 corpus
793 1058 894 1098 istud
930 1071 1014 1098 cum
1049 1057 1196 1098 maiore
1237 1057 1378 1097 mundo
1417 1064 1681 1112 comparatum

133 1140 272 1182 corpus
296 1126 452 1167 dicitur.
517 1124 704 1168 Ceterum
730 1127 906 1167 homines
933 1127 1106 1167 universi
1130 1127 1282 1167 radices
1306 1126 1447 1166 habent
1471 1127 1571 1167 infra
1596 1141 1681 1166 cum

134 1195 403 1250 superioribus
437 1210 653 1237 connexas.
718 1193 843 1250 Igitur
879 1210 964 1236 cum
1000 1210 1021 1236 a
1053 1194 1217 1250 Virgine
1252 1195 1440 1251 pellectus
1472 1203 1684 1250 captusque

136 1264 274 1315 fuerit,
309 1271 400 1305 tunc
430 1264 626 1305 hominum
656 1272 856 1320 amputare
885 1264 1036 1305 radices
1069 1265 1224 1320 incipit,
1259 1265 1395 1319 quibus
1424 1264 1587 1305 succisis
1620 1278 1684 1320 pe—

135 1332 307 1374 stilentia
343 1341 570 1387 grassatur,
613 1335 744 1388 itaque
781 1334 1013 1374 moriuntur.
1078 1332 1192 1387 Quod
1233 1334 1264 1374 si
1302 1333 1505 1388 superiora
1542 1333 1683 1374 radicis

135 1415 225 1456 prae
247 1401 381 1442 labore
405 1402 640 1457 quatiantur,
676 1410 806 1443 terrae
827 1409 954 1443 motus
978 1403 1245 1457 consequitur,
1281 1417 1354 1457 quo
1378 1401 1541 1443 Baiulus
1567 1402 1683 1443 etiam

136 1471 371 1511 concutitur.
437 1470 494 1512 Ea
527 1485 666 1512 caussa
700 1472 835 1512 mortis
868 1478 942 1512 est.

250 1538 367 1580 Nunc
390 1540 480 1580 illud
506 1540 616 1581 vobis
641 1554 834 1595 exponam
857 1540 1178 1594 quemadmodum
1201 1540 1326 1580 anima
1348 1540 1516 1594 quinque
1536 1540 1574 1580 in
1597 1554 1682 1580 cor—

138 1622 230 1663 pora
257 1609 565 1650 transfundatur.
631 1607 673 1649 ln
703 1609 836 1664 primis
866 1609 968 1649 enim
1001 1623 1090 1672 pars
1124 1609 1226 1649 illius
1258 1609 1402 1663 exigua
1434 1616 1680 1664 repurgatur.

140 1675 243 1717 Tum
280 1677 317 1716 in
352 1679 461 1718 canis
491 1678 554 1718 vel
589 1678 725 1718 cameli
758 1678 821 1718 vel
855 1678 1015 1718 alterius
1053 1678 1230 1719 animalis
1257 1692 1397 1733 corpus
1432 1679 1681 1718 transfertur.

139 1745 199 1786 Ac
222 1745 254 1786 si
282 1746 526 1787 homicidium
557 1747 682 1787 anima
712 1747 1019 1802 perpetraverit,
1052 1747 1089 1787 in
1114 1747 1362 1802 celephorum
1391 1761 1531 1802 corpus
1560 1754 1687 1788 trans-

141 1814 277 1854 fertur.
342 1813 385 1856 Si
409 1816 622 1856 messuisse
652 1816 984 1870 deprehendatur,
1018 1815 1056 1856 in
1081 1815 1216 1857 balbos
1242 1830 1286 1856 ac
1312 1816 1443 1870 lingua
1469 1817 1683 1871 praeditos.

139 1882 309 1924 Animae
343 1897 438 1925 vero
473 1884 568 1925 haec
602 1885 681 1939 ipsa
716 1885 872 1925 nomina
906 1891 1018 1935 sunt,
1062 1898 1193 1935 mens,
1236 1885 1367 1936 notio,
1410 1885 1684 1940 intelligentia,

140 1952 350 2007 cogitatio,
385 1953 648 1994 ratiocinatio.
712 1953 768 1993 At
802 1967 1022 2004 messores,
1063 1954 1292 2008 quicumque
1328 1961 1501 2005 metunt,
1534 1951 1688 1995 Princi—

140 2036 227 2077 pum
254 2021 401 2062 similes
425 2029 537 2072 sunt,
573 2022 635 2076 qui
661 2022 699 2062 in
728 2022 900 2062 tenebris
927 2021 1002 2062 iam
1028 2029 1107 2063 tum
1133 2022 1178 2062 ab
1203 2022 1314 2063 initio
1339 2030 1566 2073 versantur,
1602 2037 1686 2063 cum

140 2090 253 2146 primi
280 2090 446 2131 hominis
471 2097 704 2131 armaturam
737 2091 965 2131 adederunt.
1030 2089 1122 2132 ldeo
1145 2092 1404 2147 transportari
1427 2092 1513 2133 illos
1545 2093 1581 2132 in
1609 2093 1687 2132 foe-

140 2174 231 2200 num
266 2167 330 2200 aut
363 2159 543 2215 phaselos
574 2168 638 2200 aut
665 2160 851 2200 hordeum
877 2167 942 2200 aut
971 2159 1115 2215 spicam
1142 2160 1301 2202 olerave
1334 2175 1498 2201 necesse
1530 2167 1614 2212 est,
1649 2168 1689 2200 ut

140 2229 232 2269 meti
266 2228 489 2283 succidique
522 2229 686 2284 possint.
749 2226 857 2269 Pane
891 2228 923 2269 si
953 2230 1037 2283 quis
1064 2229 1261 2280 vescitur,
1304 2245 1441 2286 panem
1476 2230 1574 2271 hunc
1607 2229 1688 2269 fieri

142 2305 319 2353 oportet,
355 2305 397 2338 ut
418 2305 458 2338 et
480 2299 562 2353 ipse
588 2298 828 2338 comedatur.
891 2298 1018 2338 Avem
1045 2299 1106 2353 qui
1134 2299 1335 2348 occiderit,
1371 2299 1455 2340 avis
1483 2298 1561 2339 fiet.
1626 2295 1689 2338 Si-

142 2366 286 2407 militer
321 2367 385 2422 qui
420 2380 567 2407 murem
604 2365 814 2416 occiderit,
847 2365 885 2406 in
918 2380 1064 2407 murem
1098 2368 1413 2409 commutabitur.
1474 2365 1688 2407 Praeterea

142 2434 175 2475 si
197 2435 281 2489 quis
305 2435 344 2476 in
368 2435 439 2476 hac
462 2435 540 2476 vita
562 2435 670 2476 dives
695 2435 826 2486 fuerit,
862 2435 923 2475 ubi
948 2449 1000 2476 ex
1022 2450 1186 2492 corpore
1211 2437 1437 2491 migraverit
1459 2436 1497 2476 in
1523 2434 1689 2476 mendici

143 2517 284 2561 corpus
311 2505 586 2556 transferetur,
621 2511 661 2544 ut
681 2504 869 2545 oberrans
891 2503 1029 2560 stipem
1055 2516 1260 2560 corroget,
1295 2506 1459 2560 indeque
1485 2504 1689 2561 sempiter-

144 2663 268 2691 eorum,
296 2652 441 2686 efficitur
461 2652 663 2697 pestilentia,
691 2661 724 2686 et
746 2653 792 2686 ita
815 2665 891 2687 mo—

143 2705 284 2730 riuntur.

188 2742 220 2777 6.
244 2742 331 2788 τόνῳ
355 2747 423 2778 cod.
435 2756 490 2778 ms.
514 2749 647 2786 uterque.
685 2743 776 2789 πόνῳ
799 2748 892 2786 editi,-

143 2799 336 2830 quamquam
358 2793 528 2823 cor-narius
556 2793 648 2823 latine
678 2795 810 2824 verterat
838 2792 892 2823 in-

144 2835 306 2867 tensione.
355 2838 590 2877 Vet.1nterpres
609 2841 673 2869 Act.
696 2839 727 2869 S.
751 2839 893 2870 Archelai

145 2880 233 2912 habet
256 2881 382 2921 Quodsi
406 2883 591 2926 superiores
615 2889 725 2925 partes
746 2883 893 2915 radicum

146 2924 284 2958 validius
306 2928 526 2967 concusserit,
552 2927 588 2960 fit
612 2935 721 2960 terrae
743 2936 860 2961 motus.

194 2970 526 3005 Cu.xxvi11.—
585 2975 612 3006 l.
639 2974 891 3017 elephantiaco-

146 3026 218 3046 rum
231 3019 469 3055 inter-precantur
481 3023 558 3052 Acta
569 3021 720 3052 Archelai.
757 3022 791 3053 V.
814 3030 893 3061 quae

145 3064 297 3094 annotavi
319 3064 363 3095 ad
385 3074 456 3105 cap.
475 3065 506 3098 9.

224 3115 340 3153 Corpus
357 3117 536 3148 Haereseol.
556 3119 593 3148 ΙΙ.
613 3121 638 3150 2.

983 2654 1013 2687 2.
1050 2653 1193 2697 σώματα.
1230 2659 1354 2695 uterque
1386 2656 1453 2686 cod.
1484 2664 1539 2686 ms.
1589 2654 1691 2696 σῶμα

938 2701 1031 2741 editi,
1070 2704 1250 2741 quibuscum
1287 2702 1405 2740 faciunt
1437 2704 1514 2733 Acta
1548 2701 1690 2733 Archelai

939 2748 991 2786 qui
1017 2758 1135 2789 corpus
1157 2749 1303 2786 praeben!

984 2793 1014 2825 3.
1042 2804 1140 2835 μη(
1145 2789 1204 2825 λά·
1207 2803 1263 2830 ους
1287 2793 1376 2823 codd.
1389 2801 1461 2824 mss.
1481 2796 1507 2824 et
1525 2793 1562 2825 ed
1589 2795 1688 2833 princ.

985 2837 1015 2871 4.
1040 2836 1077 2872 τὸ
1104 2848 1162 2869 orn.
1189 2839 1236 2869 cd.
1260 2839 1356 2869 Peeav
1393 2839 1486 2870 Coton
1522 2843 1616 2879 repet.

986 2885 1016 2916 5.
1043 2881 1173 2937 oi-”aoifm
1199 2884 1266 2914 cod.
1288 2887 1412 2923 uterque
1438 2894 1494 2916 ms.

985 2928 1016 2961 6.
1041 2941 1062 2970 η
1093 2927 1267 2971 σφασήλια
1301 2930 1391 2961 codd.
1423 2939 1494 2961 mss.
1525 2933 1599 2962 Acta
1632 2932 1690 2962 Ar—

940 2976 1038 3006 chelai
1064 2975 1111 3005 ed.
1135 2975 1205 3006 Zac.
1230 2985 1260 3014 p.
1285 2975 1332 3006 15.
1358 2977 1506 3015 praebent
1529 2975 1691 3008 iaseolum

942 3020 1025 3063 (cod.
1050 3021 1121 3051 Bob.
1150 3019 1327 3062 fasetlum).

995 3081 1019 3099 ι.
1044 3060 1175 3108 ἀνάγγη
1199 3065 1289 3097 codd.
1312 3074 1406 3107 mss„
1431 3069 1476 3099 nti
1498 3076 1604 3108 supra.

1366 3126 1418 3166 29

1744 1547 1822 1588 Cap.

1710 1593 1872 1626 XXVIll.
