2066 3319
264 847 329 875 pag.
349 839 407 866 600.

424 200 505 240 366
984 206 1145 240 SANCTI
1168 208 1393 240 EPIPHANJI

425 302 519 339 τραν
542 286 582 326 ἐν
605 282 740 341 ῥάβδῳ
764 284 830 325 καὶ
853 290 1120 338 προςενεγκεῖν
1143 284 1250 340 ὕδωρ
1282 287 1320 335 ἐξ
1345 284 1499 339 άπόρου
1525 286 1637 340 ὕλης,
1674 285 1717 328 τὸ
1748 285 1866 342 ξηρὸν
1895 288 1950 337 εἷς

424 351 545 408 ὗγρόν
580 354 856 404 Ῑμεταβαλεῖνς
895 349 937 393 τὸ
970 350 1138 401 πατάξαι
1170 351 1373 395 θάλασσαν
1408 355 1473 395 καὶ
1508 357 1670 409 διαιρεῖν
1706 356 1761 403 εἰς
1798 353 1951 397 δώδεκα

426 419 544 469 ἆδοῦς
575 418 804 470 ὁδοιπορίας
837 421 876 460 ἐν
904 418 1082 477 θαλάσσῃ
1114 425 1168 477 τῷ
1201 420 1446 474 κελεύσματι,·
1486 421 1527 463 τό
1563 421 1741 475 ποταμὸν
1771 423 1824 471 εἰς
1854 421 1951 476 αἷμα

424 491 648 541 μεταβαλεῖν
657 506 668 538 ,·
698 485 741 528 τό
764 485 958 541 βάτραχον
975 485 1053 529 ὖπὸ
1076 491 1181 537 θίξιν
1201 495 1430 544 συναγαγεῖν
1453 495 1658 540 τοσοῦτον,·
1689 488 1731 532 τό
1753 489 1824 543 τὴν
1845 493 1948 532 σκνί-

425 573 481 608 φα
501 557 722 609 ἐπιπέμψαι
738 556 971 609 Αἰγυπτίοις
979 573 991 606 ,·
1021 554 1064 598 τό
1083 555 1245 609 χάλαζαν
1264 560 1369 610 μῖξαι
1389 556 1482 610 μετά
1505 562 1574 599 τοῦ
1593 557 1737 613 πυρόςς
1766 556 1810 600 τὸ
1829 556 1950 600 νύκτα

426 625 608 677 μέλαιναν
629 624 695 665 καὶ
721 623 991 676 ἐσκοτισμένην
1011 626 1242 679 Αἰγυπτίοις
1265 625 1488 680 ἐπικεράσαι
1511 626 1690 678 ζοφώδη,-
1729 625 1771 668 τὸ
1798 625 1949 682 πρωτό-

424 710 518 734 τοκα
540 698 687 733 κτεῖναι
710 696 789 733 τῶν
809 693 1040 746 Αἰγυπτίων
1064 694 1103 734 έν
1123 692 1304 750 θανάτῳς
1343 692 1385 734 τὸ
1409 693 1532 751 στύλῳ
1555 692 1682 748 πυρὸς
1709 696 1951 750 καθοδηγεῖν

423 759 517 802 λαόν
550 760 598 801 δι’
621 758 744 802 αὐτοῦ
767 759 1093 813 ποιμαινόμενον,·
1133 760 1175 802 τὸ
1202 759 1319 815 ἄρτον
1340 759 1508 816 ἀγγέλων
1532 762 1733 817 ἐπενέγκαι
1762 761 1855 820 εὐχῇ
1882 763 1950 804 καὶ

427 831 570 885 ἱκεσίας
609 827 651 870 vd
683 826 976 883 ὄρτυγομήτραν
1002 826 1171 880 ἀνιέναι,
1201 830 1268 870 καὶ
1290 829 1513 883 κορεννύειν
1542 828 1732 879 τοσαύτας
1760 829 1951 886 μυριάδας

426 897 584 951 ἀνδρῶν
610 895 676 938 διά
699 895 991 952 προςτάγματος
1013 901 1132 947 θεοῦ;
1171 895 1213 938 τό
1246 895 1413 939 οἰκοῦσαι
1436 896 1574 950 φωνὴν
1601 902 1723 948 θεοῦ,·
1762 896 1804 940 vd
1834 915 1948 940 κατα-

427 968 620 1019 ξιωθῆναι
641 963 715 1006 dvo}
741 965 858 1018 μέσον
880 963 1076 1006 τοσούτων
1097 969 1175 1006 τῶν
1195 964 1397 1020 μυριάδων
1417 970 1517 1007 θεοῦ
1544 970 1681 1019 φωνῆς
1704 964 1862 1008 οἷκουέιν
1883 967 1949 1008 καὶ

427 1039 644 1086 συνομιλεῖν
677 1037 778 1090 θεῷ,
818 1031 860 1074 τὸ
897 1031 962 1074 διὰ
992 1031 1276 1087 τεσσαράκοντα
1301 1031 1454 1088 ἡμερῶν
1484 1034 1551 1075 καὶ
1576 1032 1641 1075 διά
1669 1032 1952 1089 τεσσαράκοντα

427 1106 578 1143 νυκτῶν
600 1100 653 1155 μή
684 1103 909 1154 ἐπιζητῆσαι
930 1099 976 1142 τοὶ
997 1100 1163 1155 χρειώδη
1191 1105 1269 1142 τῶν
1295 1100 1394 1143 κατ-ἆ
1423 1100 1494 1155 τήν
1525 1101 1645 1153 φύσιν
1671 1107 1738 1156 τῆς
1765 1100 1952 1158 ’ἡμετέρας

426 1169 619 1220 πλάσεως;
649 1167 691 1211 τὸ
713 1171 1005 1222 μεταβληθῆναι
1020 1167 1090 1222 τήν
1112 1166 1238 1224 σάρκα
1257 1170 1310 1217 εἰς
1331 1169 1573 1224 φαιδρότητα
1589 1168 1702 1224 ἡλίου
1724 1171 1790 1212 καὶ
1812 1167 1952 1212 οίκτῖνα

425 1237 638 1291 φωτεινὴν,
669 1239 911 1292 στροβοῦσαν
933 1235 1026 1278 λαόν
1052 1235 1151 1291 πρός
1170 1235 1212 1278 τὸ
1241 1235 1293 1290 μὴ
1316 1236 1514 1279 δύνασθαι
1534 1236 1702 1280 άτενίσαι
1725 1237 1816 1287 τούς
1837 1235 1951 1287 υἷοῦς

423 1305 572 1361 Ἰσραὴλ
593 1308 646 1354 εἰς
664 1304 706 1347 τό
731 1303 940 1359 πρόςωπον
964 1302 1106 1354 αὐτοῦς
1136 1303 1179 1346 τὸ
1203 1303 1271 1356 τὴν
1291 1310 1397 1360 χεῖρα
1418 1308 1603 1360 σαρκίνην
1623 1301 1745 1348 οὖσαν
1766 1308 1950 1360 μεταβλη-

425 1379 547 1427 θῆναι
572 1375 625 1422 εἰς
647 1372 777 1426 χιόνας
817 1370 859 1412 τό
895 1375 1068 1413 κελεῦσαι
1090 1376 1136 1429 τῇ
1171 1376 1221 1429 γῇ
1246 1376 1359 1425 χᾶναι
1391 1372 1434 1414 τὸ
1469 1372 1592 1426 στόμα
1623 1373 1723 1428 πρός
1751 1372 1951 1428 ὑποδοχὴν

429 1447 536 1483 2τῶν
558 1442 645 1496 περὶ
670 1440 773 1494 Κορὲ
795 1441 861 1481 καὶ
885 1444 1029 1481 Δαθᾶν
1048 1441 1115 1481 καὶ
1135 1437 1319 1494 Ἀβειρών
1345 1442 1411 1482 καὶ
1432 1439 1591 1491 Αὕνᾶνς
1628 1441 1670 1483 τὸ
1695 1443 1802 1491 τέλος
1830 1440 1950 1484 dno&-

425 1524 508 1561 σαι,
537 1508 730 1562 Ἀνάβηθι
753 1510 806 1556 εἰς
829 1506 871 1549 τό
898 1506 1010 1562 ὅρος,
1041 1505 1156 1549 κάκεῖ
1169 1507 1343 1558 τελεύτα,-
1373 1507 1416 1550 τὸ
1441 1507 1494 1562 μὴ
1517 1507 1719 1564 γινώσκειν
1739 1508 1951 1565 ἄνθρωπον

423 1577 494 1631 τήν
520 1576 639 1619 αὐτοῦ
661 1575 811 1630 ταφήνς
842 1579 1100 1629 σημαίνοντος
1119 1581 1190 1617 τοῦ
1213 1579 1329 1617 θείου
1352 1575 1589 1631 γράμματος,
1621 1575 1673 1625 ῶς
1695 1575 1772 1619 ind
1793 1575 1949 1634 οἷνθρῶ-

425 1664 511 1688 πων
532 1645 574 1687 τὸ
600 1650 710 1699 σῶμα
736 1646 946 1693 Μωϋσέως
972 1642 1024 1697 μὴ
1048 1646 1331 1697 κεκηδεῦσθαι,
1363 1642 1477 1695 ἄλλα,
1507 1643 1646 1694 καθώς
1668 1643 1901 1688 ’ὑποτίθεται
1923 1643 1951 1699 ἦ

425 1712 599 1762 διάνοια,
631 1711 710 1755 ὖπὸ
735 1711 855 1769 ἁγίων
882 1713 1073 1768 ἀγγέλων,
1106 1713 1171 1754 καὶ
1193 1716 1313 1754 ταῦτα
1334 1711 1460 1754 πάντα
1484 1714 1539 1754 ἔτι
1559 1712 1671 1762 ὄντος
1692 1711 1813 1756 αὐτοῦ
1835 1715 1876 1756 έν
1895 1717 1950 1771 τῷ

425 1781 557 1839 κόσμῳ
586 1781 733 1839 τούτῳ,
774 1783 830 1822 ἔτι
853 1783 893 1823 ἐν
916 1785 969 1837 τῷ
998 1785 1154 1837 ψυχικῷ
1177 1779 1301 1837 τούτῳ
1324 1782 1390 1822 καὶ
1419 1786 1667 1839 πνευματικῷ
1693 1781 1774 1835 ἅμα
1801 1784 1950 1830 τελείως

425 1851 638 1907 γενομένῳ,
673 1848 884 1905 ’ὄλαβόντες
907 1849 949 1890 δὲ
973 1846 1210 1890 άπεντεῦθεν
1231 1848 1299 1890 τὸν
1326 1846 1541 1904 α’ρραβῶνα
1567 1851 1621 1897 εἰς
1643 1847 1862 1905 ὑπόδειγμα
1882 1854 1950 1903 τῆς

424 1921 566 1966 τελείας
584 1916 668 1958 τότε
689 1919 944 1971 βλαστήσεως,
969 1915 1032 1958 ὅτε
1048 1921 1263 1972 πληροῦται
1284 1915 1326 1958 vd
1348 1918 1560 1972 εἰρημένον,
1585 1921 1792 1974 Σπείρεται
1808 1919 1849 1960 ἒν
1867 1915 1950 1960 άτι-

426 1990 515 2043 μίᾳ,
548 1987 728 2041 ἐγείρεται
753 1987 793 2027 έν
816 1984 935 2043 δόξῃ,
967 1987 1158 2040 σπείρεται
1192 1986 1233 2027 ἒν
1260 1982 1462 2042 ἀσθενείᾳ,
1494 1987 1674 2042 ἐγείρεται
1703 1987 1745 2028 έν
1774 1984 1948 2040 δυνάμει.

428 2058 523 2103 Πῶς
544 2052 616 2109 γάρ
651 2052 724 2095 οὐκ
751 2051 913 2102 ἀσθενὲς
936 2052 979 2095 τὸ
1012 2051 1284 2107 σπειρόμενον,
1314 2054 1380 2095 καὶ
1408 2052 1459 2107 μή
1485 2053 1676 2109 γινώσκον
1698 2058 1778 2096 ποῦ
1802 2056 1950 2110 σπείρε-

424 2141 507 2172 ται,
539 2127 623 2170 πῶς
644 2120 717 2163 οὐκ
741 2120 879 2174 ἄτιμον
895 2120 937 2163 vd
959 2123 999 2163 ἕν
1020 2122 1189 2175 μνήματι
1210 2120 1444 2174 βαλλόμενον
1463 2122 1531 2163 καὶ
1550 2121 1662 2164 κόνιν
1679 2121 1946 2176 ε’παμώμενον,

424 2189 671 2244 λακιζόμενόν
694 2207 732 2231 τε
756 2190 822 2231 καὶ
848 2188 1128 2243 ῥιπτούμενον,
1158 2191 1223 2231 καὶ
1247 2186 1536 2242 α’ναισθητοῦν,·
1577 2194 1662 2239 πῶς
1692 2188 1766 2232 οὐκ
1794 2191 1949 2244 ἔντιμον

423 2258 465 2301 τὸ
491 2257 755 2314 ἐγειρόμενον,
787 2258 853 2299 καὶ
878 2259 932 2306 εἰς
963 2259 1086 2299 αἰῶνα
1110 2258 1314 2311 διαμένον,
1344 2258 1411 2299 καὶ
1441 2259 1481 2299 ἐν
1510 2259 1632 2300 ἐλπίδι
1655 2263 1725 2312 τῆς
1749 2263 1821 2301 τοῦ
1848 2262 1949 2300 θεοῦ

426 2328 728 2383 φιλανθρωπίας
748 2323 928 2381 οὐρανῶν
948 2327 1142 2378 βασιλείαν
1162 2325 1372 2379 κτώμενον,
1404 2325 1506 2368 ὅπου
1527 2325 1712 2379 λάμψωσι
1732 2329 1877 2369 δίκαιοι
1894 2323 1949 2376 ὥς

425 2394 448 2437 ό
469 2396 589 2449 ἥλιος,
621 2394 723 2436 ὅπου
746 2395 900 2435 ἔσονται
921 2392 1123 2448 ἰσάγγελοι,
1155 2393 1258 2436 ὅπου
1282 2392 1376 2447 μετά
1395 2399 1465 2436 τοῦ
1487 2396 1660 2448 νυμφίου
1682 2393 1947 2450 χορεύσουσιν,

426 2464 528 2506 ὅπου
561 2465 601 2505 οἵ
630 2463 717 2517 περὶ
744 2462 898 2516 Πέτρον
926 2462 1154 2511 καθέζονται
1188 2464 1252 2504 ἐπὶ
1284 2461 1435 2504 δώδεκα
1460 2461 1657 2518 θρόνους,
1695 2461 1766 2511 τοὶς
1797 2461 1948 2504 δώδεκα

425 2531 551 2584 φυλάς
574 2533 769 2586 κρίνοντες
796 2534 865 2571 τοῦ
888 2527 1056 2584 Ἰσραὴλ,
1099 2529 1202 2571 ὅπου
1227 2529 1419 2584 λήψονται
1447 2532 1488 2572 οἷ
1515 2532 1659 2572 δίκαιοι
1686 2529 1711 2572 ἃ
1741 2528 1948 2583 ὀφθαλμὸς

426 2598 496 2641 οὐκ
518 2598 594 2641 εἶδε
614 2599 682 2640 καὶ
705 2593 775 2646 οὖς
795 2595 867 2640 οὐκ
889 2596 1032 2651 ἤκουσε
1054 2598 1117 2638 καὶ
1142 2599 1208 2639 ἐπὶ
1228 2601 1393 2653 καρδίαν
1414 2596 1632 2653 ἀνθρώπου
1654 2596 1725 2640 οὐκ
1751 2596 1891 2651 ἀνέβη,
1922 2597 1946 2639 ἃ

425 2665 632 2721 ἡτοίμασεν
653 2664 675 2708 ὅ
695 2664 790 2714 θεὸς
812 2671 894 2714 τοῖς
914 2665 1118 2720 ἀγαπῶσιν
1138 2664 1259 2708 αὐτόν
1268 2684 1279 2716 3
1322 2663 1450 2718 Ἡμῶν
1470 2668 1602 2707 τοίνυν
1623 2663 1650 2719 ἡ
1672 2664 1878 2715 ἀνάστασις
1905 2667 1947 2708 ἐν

426 2740 530 2792 θεῷ,
561 2736 627 2777 καὶ
652 2733 798 2783 παντὸς
824 2731 1043 2789 ἀνθρώπου
1074 2735 1228 2775 δικαίου
1258 2750 1296 2775 τε
1326 2735 1394 2776 καὶ
1422 2732 1580 2785 ἀδίκου,
1619 2731 1783 2775 άπίστου
1812 2749 1851 2775 τε
1879 2734 1946 2776 καὶ

472 2884 548 2916 CAP.
572 2884 698 2917 LXIX.
732 2902 775 2908 —
832 2885 859 2916 1.
891 2885 1032 2915 Fortasse
1065 2893 1164 2925 μετα·
1254 2882 1285 2914 2.
1308 2885 1394 2915 Libri
1415 2885 1506 2923 vulgo
1529 2879 1607 2920 τοὺς
1629 2881 1714 2924 περὶ.

427 2927 546 2973 βαλών.
1253 2927 1285 2961 3.
1310 2932 1355 2960 Αη
1378 2929 1505 2968 sortasse
1528 2925 1710 2972 λαβόντοςῖ)
