2066 3319
532 173 711 206 PANARu
735 172 817 203 Lis.
840 171 881 202 Π.
905 170 1013 202 ΤοΜ.
1033 170 1057 202 ι.
1083 168 1212 201 ΗΑΕΡ..
1232 167 1353 201 LX1v.
1636 153 1715 194 233

180 255 368 298 ministris
399 252 623 295 necessaria
657 258 790 301 erant,
825 264 976 291 necnon
1008 257 1045 290 et
1070 249 1239 290 chartam
1267 262 1313 288 ac
1342 246 1513 301 reliquos
1544 249 1717 298 sumptus

178 325 347 378 benigne
383 322 671 378 suppeditaret,
719 327 756 360 ct
788 317 985 373 Origenes
1020 318 1169 371 magnis
1205 316 1348 370 vigiliis
1386 314 1609 369 ingentique
1641 312 1720 353 otio

180 394 281 434 bunc
304 391 548 433 enarrandae
572 389 788 444 scripturae
808 387 979 428 laborem
1004 392 1321 442 prosequeretur.
1383 382 1554 424 Primum
1579 381 1614 422 ei
1639 388 1719 422 stu-

180 462 280 502 dium
308 460 378 501 fuit
401 474 474 500 sex
498 459 536 499 in
560 472 674 499 unum
702 456 1047 512 interpretationes
1073 456 1277 503 conferre,
1312 452 1502 506 Aquilae,
1539 449 1719 506 Symma-

180 530 263 580 chi,
299 527 556 584 Septuaginta
585 527 772 576 duorum,
808 523 1117 574 Theodotionis,
1152 536 1226 562 una
1255 536 1340 561 rum
1366 520 1547 560 Editione
1573 518 1720 572 Quinta

179 613 225 639 ac
252 596 399 648 Sexta3
443 595 580 651 quibus
615 602 730 635 sexta
766 593 937 648 singulas
966 591 1180 632 Hebraicas
1218 589 1407 629 dictiones
1442 587 1608 643 propriis
1641 587 1719 625 ele-

179 665 319 707 mentis
344 664 581 720 perscriptas
605 663 774 713 addidit,
810 669 886 702 tum
910 674 960 701 ex
987 660 1153 700 adverso
1179 658 1300 698 altera
1328 657 1365 697 in
1395 656 1531 711 pagina
1556 662 1719 695 contex-

178 743 258 776 tum
284 734 446 774 alterum
475 733 565 773 fecit
594 746 646 772 ex
673 729 878 771 Hebraicis
913 727 1144 769 dictionibus
1173 725 1339 767 Graecis
1370 724 1494 764 literis
1525 723 1715 763 exaratis.

179 802 355 844 Huncin
392 802 543 842 modum
572 800 766 841 volumina
792 799 878 848 illa,
914 810 1010 851 quae
1038 795 1216 850 Hexapla
1249 794 1450 843 dicuntur,
1485 791 1717 846 composuit,

179 885 277 927 quae
303 877 458 926 praeter
482 868 659 910 Graecas
686 868 876 908 editiones
904 867 998 906 duas
1031 865 1190 918 insuper
1214 862 1399 904 Hebraici
1431 859 1624 901 sermonis
1656 873 1721 899 co-

179 941 328 981 lumnas
351 939 573 989 continent,
608 937 768 978 alteram
792 934 997 975 Hebraicis
1020 934 1138 988 ipsis,
1172 933 1332 973 alteram
1360 929 1526 971 Graecis
1551 928 1721 968 elemen-

179 1008 228 1049 tis
267 1007 554 1062 conscriptam,
601 1007 698 1046 adeo
735 1012 778 1045 ut
814 1012 926 1044 vetus
965 1016 1079 1042 omne
1113 1007 1385 1042 testamentum
1424 1006 1498 1039 tam
1531 996 1721 1051 Hexaplis

179 1076 367 1118 eiusmodi
400 1090 512 1130 quam
541 1075 679 1130 duplici
706 1073 988 1114 Hebraicorum
1015 1070 1293 1112 vocabulorum
1327 1074 1515 1109 contextu
1545 1079 1722 1120 compre-

180 1146 341 1187 hensum
369 1145 500 1185 fuerit.
566 1141 663 1185 Cum
691 1143 762 1183 boc
785 1149 906 1182 totum
933 1154 1028 1196 opus
1053 1154 1202 1180 summo
1225 1139 1288 1178 ille
1312 1152 1397 1178 cum
1418 1136 1551 1177 labore
1575 1133 1722 1175 studio-

181 1228 254 1270 que
286 1213 540 1268 perfecisset,
581 1227 656 1252 non
691 1218 878 1267 perpetuo
910 1209 1077 1251 nominis
1111 1208 1170 1249 sui
1203 1222 1248 1248 ac
1278 1206 1425 1261 gloriae
1459 1203 1720 1258 integritatem

177 1282 361 1333 retinuit,
394 1283 462 1322 sed
489 1288 595 1322 tanta
627 1281 828 1321 doctrinae
860 1280 919 1321 vis
952 1293 997 1319 ac
1022 1278 1132 1333 copia
1166 1277 1302 1317 ruinae
1335 1276 1387 1315 illi
1415 1289 1460 1315 ac
1491 1272 1721 1314 calamitatis

179 1351 424 1393 occasionem
449 1351 568 1391 dedit.
630 1348 732 1390 Nam
758 1364 861 1401 cum,
896 1345 937 1389 ut
955 1348 1026 1388 sibi
1052 1352 1323 1403 proposuerat,
1358 1343 1499 1384 nullam
1521 1355 1722 1383 sacrarum

180 1421 376 1461 literarum
408 1426 576 1474 partem,
611 1433 724 1474 quam
752 1433 828 1459 non
862 1417 1099 1471 explicaret,
1135 1415 1312 1455 omittere
1339 1413 1480 1462 vellet,
1513 1411 1552 1451 in
1584 1411 1722 1464 ingens

179 1503 222 1530 se
249 1495 449 1544 peccatum
473 1487 687 1538 commisit,
722 1501 767 1527 ac
792 1486 1014 1526 mortiferas
1039 1484 1224 1539 quasdam
1247 1496 1366 1523 voces
1390 1481 1587 1535 exposuit,
1622 1479 1723 1519 unde

181 1555 495 1612 Origcuistarum
526 1563 631 1596 secta
665 1555 872 1611 profluxit,
907 1569 982 1595 non
1007 1553 1250 1608 superiorum
1274 1551 1450 1599 illorum,
1486 1549 1547 1604 qui
1581 1546 1724 1601 insigni

182 1625 422 1682 turpitudine
453 1631 557 1665 suut.
621 1623 680 1664 De
703 1624 778 1664 illis
804 1624 929 1674 enim,
963 1630 1005 1663 ut
1030 1629 1119 1662 ante
1150 1620 1253 1670 dixi,
1287 1620 1383 1659 certi
1409 1618 1500 1659 nibil
1532 1618 1723 1657 affirmare

181 1709 336 1750 possum
362 1701 488 1734 utrum
518 1693 565 1733 ab
589 1693 824 1733 Adamantio
851 1690 1042 1746 Origene,
1076 1705 1125 1730 an
1150 1690 1196 1730 ab
1226 1688 1354 1742 aliquo
1381 1687 1456 1728 alio
1482 1685 1546 1741 qui
1572 1692 1609 1725 et
1633 1682 1724 1726 Ori-

180 1777 301 1819 genes
337 1763 420 1818 ipse
458 1761 676 1812 diceretur,
717 1761 868 1801 initium
904 1758 1141 1815 acceperint.
1205 1755 1390 1799 Ceterum
1423 1757 1586 1796 eundem
1619 1753 1723 1794 illum

183 1830 396 1886 Origenem
429 1837 590 1871 narrant
622 1831 798 1884 quiddam
827 1830 865 1870 in
891 1828 1162 1884 corpusculum
1196 1826 1445 1880 excogitasse
1470 1838 1606 1874 suum,
1641 1822 1725 1862 sive

181 1915 344 1942 nervum
374 1899 471 1950 sibi,
506 1906 546 1939 ut
571 1899 724 1953 quidam
750 1898 1002 1949 existimant,
1036 1896 1238 1946 inciderit,
1274 1909 1348 1949 quo
1379 1908 1421 1934 se
1452 1892 1723 1934 illecebrarum

180 1969 360 2010 molestia
390 1968 597 2018 liberaret,
633 1981 758 2022 neque
793 1967 967 2021 turpibus
1001 1966 1178 2022 corporis
1211 1964 1377 2004 motibus
1409 1962 1515 2004 velut
1544 1960 1724 2001 incendio

181 2039 346 2094 quodam
369 2043 591 2087 aestuaret,
625 2036 733 2086 sive,
768 2036 866 2090 quod
890 2036 953 2076 alii
979 2035 1147 2085 malunt,
1180 2032 1463 2073 medicamento
1487 2030 1615 2085 aliquo
1638 2043 1726 2085 par-

181 2107 283 2148 tibus
317 2106 392 2147 illis
420 2106 599 2161 imposita
631 2105 850 2146 resiccarit.
913 2102 1015 2145 Sunt
1040 2104 1102 2158 qui
1128 2102 1204 2143 alia
1232 2102 1419 2156 quaedam
1451 2099 1504 2140 illi
1536 2099 1721 2148 tribuant,

180 2176 300 2218 veluti
326 2175 426 2230 quod
452 2175 498 2215 ad
521 2174 727 2215 iuvandam
759 2173 985 2213 memoriam
1014 2172 1241 2213 medicatam
1266 2170 1456 2225 quandam
1481 2167 1639 2208 herbam
1662 2181 1724 2207 re-

181 2244 341 2301 pererit.
407 2241 519 2297 Quae
552 2243 672 2297 igitur
703 2242 864 2297 grandia
892 2242 938 2282 de
963 2241 1028 2282 illo
1055 2256 1099 2282 ac
1130 2240 1332 2294 magnifica
1368 2238 1602 2294 produntur,
1645 2249 1723 2275 non

180 2313 338 2354 omnino
362 2312 436 2352 fide
462 2312 578 2367 digua
608 2325 830 2352 censemus.
892 2309 1156 2351 Nihilominus
1185 2323 1284 2364 quae
1316 2307 1508 2348 communi
1540 2316 1721 2345 sermone

179 2381 512 2438 percrebuerunt,
546 2380 762 2436 praeterire
795 2379 1003 2420 noluimus.

295 2447 409 2503 Quod
434 2451 480 2491 ad
506 2449 688 2490 haeresin
712 2449 815 2489 illam
836 2448 974 2489 attinet
1000 2448 1109 2489 cuius
1135 2453 1273 2488 auctor
1297 2446 1389 2498 fuit,
1422 2458 1465 2485 ea
1497 2443 1660 2499 primum
1682 2442 1722 2482 in
1746 2447 1824 2492 Cap.
1847 2448 1900 2480 tv.

179 2518 363 2576 Aegypto
393 2526 608 2575 propagata
634 2518 746 2559 hodie
772 2518 875 2558 inter
908 2518 1138 2573 praecipuos
1170 2525 1285 2571 atque
1318 2529 1386 2556 eos
1417 2512 1586 2554 maxime
1616 2510 1723 2566 viget

178 2644 254 2688 περὶ
275 2644 422 2683 πίστεως
446 2644 504 2679 καὶ
528 2643 571 2680 τὰ
592 2646 731 2678 πλεῖστα
757 2644 822 2678 τῶν
846 2655 925 2687 γραῃ
970 2643 1208 2687 turpitudinem
1232 2642 1342 2675 Iocum
1368 2640 1530 2673 obtinent.

179 2691 251 2735 φῶν
277 2691 394 2729 κακῶς
416 2689 588 2734 φράσας.“
1018 2691 1050 2724 4.
1074 2686 1190 2723 τούτου
1215 2690 1272 2722 τοῦ
1299 2689 1364 2720 cod.
1391 2688 1490 2718 Venet.

224 2737 255 2769 3.
281 2739 428 2769 petavius
446 2747 592 2770 mancam
606 2746 668 2769 esse
688 2738 858 2769 orationem
877 2738 926 2768 iu·
1019 2738 1049 2769 Ξ).
1077 2732 1178 2777 σῶμά
1197 2746 1247 2771 τι,
1275 2729 1309 2767 ὃν
1334 2733 1362 2766 οἱ
1383 2730 1440 2774 μὲν
1466 2741 1536 2762 mea
1558 2734 1599 2762 est
1621 2741 1720 2763 emen-

180 2784 306 2815 dicavit.
356 2784 525 2815 Carnarius
545 2784 699 2815 reddidit:
732 2794 797 2814 non
830 2781 926 2825 primi
973 2784 1069 2814 (latio.
1115 2783 1202 2812 Libri
1232 2782 1333 2817 enim,
1370 2781 1513 2818 quotquot
1537 2779 1629 2816 novi,
1665 2779 1721 2809 ha-

180 2827 227 2859 illi
256 2827 310 2870 qui
339 2834 469 2871 turpem
498 2829 664 2861 actionem
688 2828 824 2860 faciunt.
873 2830 926 2859 Li·
973 2831 1040 2860 benc
1065 2824 1151 2860 κατὰ
1174 2823 1211 2858 τὸ
1236 2822 1413 2866 σωμάτιον.
1463 2821 1492 2855 οἱ
1517 2821 1574 2865 μὲν
1599 2827 1664 2854 cett.

181 2875 228 2904 bri
254 2875 364 2906 habent
396 2870 456 2919 οὐχ
487 2874 516 2907 οἱ
545 2874 688 2917 πρῶτοι,
724 2874 752 2907 οἱ
785 2872 844 2916 τὴν
876 2873 926 2906 αἰ·
1017 2873 1050 2906 6.
1085 2872 1324 2913 πυρπῡλεῖσὲῐαι
1360 2871 1426 2901 cod.
1465 2871 1565 2900 Venel.
1626 2870 1722 2909 Vulgo

183 2919 390 2972 qxpoupyloev.
445 2922 584 2953 Delenda
618 2930 684 2952 una
718 2923 784 2952 erat
815 2921 927 2952 vocula
973 2920 1114 2951 mendose
1135 2917 1384 2960 πυρβολεῐσξῖαι.
1409 2934 1454 2939 --
1499 2916 1533 2947 In
1553 2924 1634 2955 seqq.
1654 2924 1721 2947 cor-

183 2974 221 3002 οι,
247 2973 325 3004 quae
345 2975 382 2997 ex
402 2975 474 2999 voce
495 2967 621 3008 πρῶτοι
641 2969 827 2998 accreverat.
855 2967 927 2998 Ver·
971 2967 1039 2998 rexi
1061 2972 1172 3006 φασιν.
1221 2963 1319 3002 Vulgo
1343 2963 1423 2994 enirn
1447 2964 1530 2995 extat
1554 2970 1666 3005 φησιν.

182 3010 306 3045 tendum
326 3014 388 3043 est.-
420 3022 487 3044 non
508 3011 556 3044 illi
579 3010 634 3056 qui
652 3011 792 3056 primum
817 3010 927 3057 quoad
