2066 3319
492 165 669 197 PANAth
696 164 779 197 LIB.
801 165 839 196 ΙΙ.
862 165 967 197 ΤΟΜ.
989 166 1030 196 11.
1056 165 1186 197 HAER.
1209 165 1332 197 LXVI.
1601 158 1682 196 455

142 244 351 296 delectari,
386 244 484 298 quod
515 244 638 298 ipsum
671 244 893 299 depraedati
928 245 1005 284 sint
1028 243 1253 299 Principes,
1289 260 1333 284 ae
1366 244 1581 285 molestiam
1615 258 1684 284 ex-

143 312 352 352 hibuerint.
413 310 631 367 Propterea
661 312 830 366 quotidie
866 327 934 367 per
967 313 1093 353 sidera
1127 313 1225 362 ista,
1268 313 1390 353 solem
1429 313 1610 353 videlicet
1641 327 1684 352 ac

140 380 292 431 lunam,
328 380 493 420 animam
521 394 629 421 suam
661 380 838 435 eripere,
873 380 1009 435 quibus
1040 382 1085 421 ab
1115 380 1306 421 sideribus
1332 382 1495 422 mundus
1527 381 1684 422 univer-

139 462 231 500 sus,
266 463 310 488 ac
340 448 517 503 quicquid
545 455 604 489 est
636 457 833 500 creatum,
869 450 1060 504 diripitur.
1124 448 1222 489 Eum
1255 449 1318 503 qui
1353 464 1437 489 cum
1463 448 1606 505 Moyse
1639 463 1683 490 ac

140 514 294 557 ludaeis
318 523 357 557 et
378 517 646 558 sacerdotibus
669 518 818 558 locutus
841 525 916 568 est,
952 518 1198 558 tenebrarum
1225 517 1345 557 fuisse
1368 516 1587 572 Principem
1613 532 1682 558 ex-

139 585 306 636 istimat3
341 599 390 626 ex
415 600 489 640 quo
511 586 674 626 efficitur
697 584 943 627 Christianos
967 601 1051 626 cum
1074 584 1228 626 ludaeis
1253 600 1297 625 ac
1321 584 1542 626 Gentilibus
1567 601 1682 626 unum

138 661 176 694 et
199 654 297 694 idem
322 667 427 703 esse,
463 661 594 709 utpote
618 655 679 708 qui
704 656 867 695 eundem
889 656 1000 695 deum
1024 660 1276 695 venerentur.
1342 651 1418 706 Qui
1444 669 1511 708 pro
1534 655 1615 695 suis
1638 655 1682 695 il-

138 722 195 762 los
223 722 495 777 cupiditatibus
526 723 688 778 decipit,
733 738 816 763 cum
846 723 939 763 nibil
973 723 1098 762 minus
1131 721 1180 762 sit
1214 736 1326 776 quam
1361 722 1537 763 veritatis
1569 725 1678 763 deus.

137 789 272 843 Quare
298 791 361 845 qui
386 791 574 831 eiusmodi
604 792 675 831 deo
709 792 905 831 confidunt
933 791 995 845 qui
1033 804 1117 830 cum
1145 788 1287 843 Moyse
1322 804 1365 830 ac
1399 791 1595 845 prophetis
1627 792 1682 831 lo-

136 865 247 900 cutus
270 865 352 910 est,
388 859 582 899 vinciendi
612 874 696 899 cum
721 860 783 899 illo
806 866 919 910 sunt,
953 859 1132 913 quoniam
1159 857 1337 899 veritatis
1364 858 1401 898 in
1429 859 1500 898 deo
1526 859 1681 899 minime

135 928 347 968 confidunt.
409 926 513 968 Nam
548 928 610 968 ille
639 928 737 968 alter
766 942 833 982 pro
866 928 1060 982 ipsorum,
1097 928 1148 967 uti
1177 927 1281 977 dixi,
1317 926 1474 966 libidine
1507 941 1590 967 cum
1624 927 1681 968 eis

134 996 287 1037 locutus
311 1004 386 1036 est.
433 994 531 1037 Post
556 996 648 1037 baec
674 996 803 1036 omnia
826 1003 1023 1051 postremo
1045 995 1108 1035 ille
1130 995 1302 1050 scripsit,
1334 993 1404 1036 Ubi
1429 993 1565 1036 Senex
1589 995 1682 1036 ima-

133 1065 263 1121 ginem
287 1079 396 1105 suam
425 1064 656 1116 ostenderit,
691 1072 781 1105 tunc
805 1063 964 1105 Baiulus
990 1072 1133 1105 terram
1161 1071 1273 1104 extra
1298 1078 1340 1104 se
1369 1064 1540 1114 dimittit,
1573 1063 1682 1104 inde-

133 1148 206 1188 que
231 1134 442 1174 vehemens
465 1134 565 1187 ignis
592 1147 799 1189 erumpens
827 1133 1008 1173 mundum
1037 1133 1230 1173 consumit
1257 1132 1506 1174 universum:
1542 1132 1681 1174 deinde

133 1203 282 1257 glebam
310 1217 411 1243 novo
436 1216 522 1242 cum
542 1202 681 1242 Aeone
707 1202 837 1253 mittit,
872 1208 912 1242 ut
939 1216 1075 1241 omnes
1101 1208 1347 1256 peecatorum
1376 1202 1528 1242 animae
1554 1201 1590 1242 iu
1616 1215 1680 1242 ae-

134 1278 284 1311 ternum
310 1270 474 1311 vinculis
496 1271 730 1311 constrictae
753 1277 982 1322 teneantur3
1018 1284 1113 1324 quae
1136 1277 1212 1310 tum
1235 1270 1427 1322 accident,
1456 1285 1541 1311 cum
1561 1271 1680 1312 simu-

132 1340 278 1380 lacrum
301 1339 520 1380 advenerit.
569 1338 760 1393 Quicquid
784 1353 879 1379 vero
900 1346 1135 1394 propagatae
1158 1339 1305 1379 sobolis
1330 1347 1405 1389 est,
1436 1347 1523 1394 puta
1548 1338 1676 1391 lesus,

133 1409 194 1462 qui
230 1408 378 1448 minore
415 1407 570 1461 navigio
600 1408 776 1458 vebitur,
818 1415 856 1448 et
882 1406 998 1448 Vitae
1032 1415 1156 1447 mater
1189 1414 1227 1448 et
1253 1406 1549 1449 Gubernatores
1577 1407 1676 1461 ΧΗ,

132 1484 171 1517 et
193 1477 288 1517 lucis
312 1475 451 1530 Virgo,
487 1483 525 1516 et
549 1477 685 1516 tertius
709 1475 862 1527 Senex,
895 1476 956 1530 qui
985 1475 1023 1515 in
1053 1476 1198 1516 maiore
1226 1476 1381 1530 navigio
1408 1477 1568 1528 residet,
1603 1492 1678 1518 una

131 1561 217 1586 cum
248 1545 339 1585 vivo
366 1543 537 1599 Spiritu,
572 1552 607 1584 et
645 1545 812 1599 ingentis
848 1544 950 1598 ignis
974 1543 1116 1596 Maro,
1150 1546 1333 1599 ventique
1369 1546 1514 1600 pariter
1540 1545 1674 1597 Muro,

131 1622 170 1655 et
202 1614 328 1664 a'c‘ris,
369 1627 516 1667 aquae,
551 1613 708 1667 vivique
741 1620 778 1654 et
811 1613 1023 1654 exterioris
1055 1613 1178 1667 ignis,
1220 1615 1318 1669 apud
1352 1615 1538 1668 exiguum
1570 1616 1677 1656 sidus

132 1682 327 1733 babitaut,
372 1683 495 1723 donec
532 1682 750 1722 incendium
788 1683 1011 1723 universum
1048 1684 1228 1723 mundum
1263 1683 1464 1734 absumat,
1508 1685 1542 1724 id
1576 1684 1677 1738 quod

130 1759 238 1792 certo
263 1766 452 1792 annorum
483 1752 607 1806 spatio
634 1751 857 1805 continget,
891 1766 1054 1806 quorum
1084 1766 1283 1792 numerum
1310 1753 1458 1792 nescio.
1524 1751 1676 1806 Quibus

130 1821 312 1876 perfectis
349 1826 511 1860 naturae
551 1821 647 1860 duae
686 1819 888 1874 pristinum
924 1820 963 1861 in
996 1827 1137 1861 statum
1175 1820 1442 1861 restituendae
1477 1829 1589 1871 suut,
1632 1835 1676 1862 ac

128 1887 334 1944 Principes
368 1888 554 1929 inferiora
587 1889 735 1929 sedium
766 1903 921 1929 suarum
955 1889 1149 1940 incolent,
1183 1890 1386 1944 superiora
1410 1888 1531 1930 Pater
1561 1904 1676 1931 occu-

130 1958 249 2013 pabit,
284 1973 328 1998 ae
350 1957 476 1998 locum
502 1972 612 1998 suum
638 1957 814 2012 recipiet.
868 1956 980 1998 llanc
1000 1972 1152 1998 omnem
1176 1958 1390 1998 doctrinam
1416 1957 1675 1999 Manicliaeus

130 2025 253 2066 tribus
290 2026 490 2081 discipulis
531 2026 711 2077 tradidit,
756 2027 966 2081 variasque
1007 2027 1045 2067 in
1084 2027 1267 2081 regiones
1309 2027 1467 2067 dimisit.
1536 2028 1675 2068 Addae

129 2093 274 2136 Oriens
300 2095 460 2149 obtigit,
496 2095 674 2135 Tllomae
697 2094 836 2150 Syria,
874 2094 1064 2136 Hermeas
1100 2095 1197 2135 alius
1229 2095 1267 2135 in
1293 2096 1516 2151 Aegyptum
1545 2097 1674 2150 profe-

128 2170 213 2204 ctus
245 2170 327 2214 est,
363 2164 500 2218 quibus
528 2165 566 2204 in
599 2164 694 2204 locis
720 2164 765 2204 ad
792 2163 1018 2204 hodiernum
1044 2179 1166 2219 usque
1191 2165 1289 2205 diem
1316 2172 1496 2216 manent,
1532 2165 1672 2219 ubique

128 2233 265 2287 dogma
298 2247 407 2273 suum
442 2247 486 2273 ac
517 2239 662 2273 sectam
694 2231 867 2273 stabilire
900 2234 1152 2274 contendunt.

242 2439 350 2480 Haec
385 2454 458 2494 ego
493 2453 543 2480 ex
569 2439 755 2480 Archelai
788 2440 885 2481 libro
918 2441 1168 2496 proponenda
1205 2440 1352 2495 putavi.
1413 2439 1544 2494 Atque
1576 2440 1671 2482 baec

127 2545 258 2585 caynius
270 2545 344 2577 haec
357 2545 461 2582 verba,
480 2553 611 2584 quorum
623 2546 802 2575 sententiam
815 2544 876 2575 La-

126 2592 208 2621 tinus
231 2592 381 2630 interpres
412 2591 616 2621 obscuriorem
641 2591 796 2629 reddidit,
832 2591 876 2621 ila

126 2637 345 2675 interpretatus
367 2638 429 2667 est:
468 2634 614 2665 Cunctae
640 2646 719 2666 vero
753 2645 876 2678 propa-

127 2681 297 2723 gationes,
332 2692 389 2712 seu
413 2679 637 2724 prolationes,
673 2687 876 2723 potestatum

128 2737 168 2757 ex
190 2726 279 2759 bono
304 2726 381 2764 deo,
407 2738 526 2769 nempe
552 2728 650 2763 lesus,
676 2726 730 2769 qui
754 2726 785 2758 in
810 2726 875 2758 mi-

127 2770 200 2803 nori
233 2772 364 2815 navigio
396 2778 530 2810 manet,
569 2778 602 2802 et
628 2771 723 2803 Vitae
756 2779 873 2810 mater,

129 2823 162 2848 et
196 2817 441 2850 Gubernatores
472 2817 666 2856 duodecim,
704 2824 737 2849 et
770 2818 872 2861 Virgo

128 2861 207 2894 lucis
221 2888 229 2901 ‚
255 2870 287 2895 et
309 2863 427 2895 Senior
449 2863 565 2895 tertius
580 2888 587 2901 ,
618 2863 671 2907 qui
696 2863 727 2895 in
749 2864 873 2896 maiore

130 2907 259 2950 navigio
283 2908 423 2948 residet,
460 2916 493 2940 et
516 2908 637 2941 Vivens
661 2909 792 2951 spiritus
807 2935 813 2946 ‚
840 2916 873 2941 et

129 2952 269 2995 ingentis
293 2954 376 2997 ignis
406 2966 537 2991 murus,
576 2962 606 2986 et
637 2966 745 2986 murus
770 2955 872 2991 venti,

131 3005 163 3029 et
188 2998 287 3040 atii-is,
324 3007 357 3032 et
381 3012 502 3044 aquae,
540 3007 572 3032 et
595 3000 760 3033 interioris
790 3000 873 3044 ignis

922 2543 1083 2583 viventis,
1122 2543 1183 2575 hae
1206 2543 1337 2586 inquam
1361 2554 1475 2574 omnes
1500 2555 1668 2587 propaga-

922 2589 1031 2622 tiones
1047 2616 1054 2628 ,
1080 2601 1135 2621 seu
1160 2589 1382 2631 prolationes,
1408 2589 1496 2632 apud
1520 2590 1671 2633 exiguum

922 2635 1081 2667 luminare
1105 2635 1267 2672 habitunt,
1296 2646 1464 2677 quousque
1488 2635 1571 2678 ignis
1595 2636 1670 2667 uni-

922 2693 1052 2713 versum
1098 2680 1254 2712 mundum
1290 2680 1461 2719 absumat,
1509 2680 1543 2712 id
1579 2683 1669 2725 quod

923 2734 1015 2759 certo
1037 2737 1195 2759 annorum
1217 2726 1325 2769 spatio
1351 2727 1541 2770 continget,
1582 2739 1668 2771 quo—

922 2785 993 2804 rum
1016 2784 1185 2804 numerum
1211 2784 1332 2803 nescio.

966 2818 996 2851 6.
1023 2821 1108 2850 Libri
1128 2820 1220 2858 υιιΙῃο
1242 2817 1419 2861 κλήματας
1444 2818 1556 2863 plagas
1580 2821 1670 2852 vertit

922 2866 982 2896 Vel.
1008 2866 1167 2904 Interpres.

965 2909 995 2942 Τ.
1021 2909 1183 2951 dogmatis
1207 2909 1300 2942 liuius
1323 2911 1428 2954 gratia
1453 2910 1666 2955 praedicandi

919 2957 1008 2988 vertit
1035 2957 1095 2988 Vel.
1120 2957 1280 2996 Interpres.

1728 2451 1807 2493 Cap.

1695 2497 1845 2529 XXXII.
