2030 3324
453 225 636 258 PANARn
661 225 744 258 ΜΒ.
766 226 806 257 n.
837 226 1004 258 'roslar
1031 225 1309 257 HAER.LX1X.
1587 216 1668 256 627

123 319 198 346 non
225 311 264 344 ut
288 317 334 344 eo
359 305 472 344 modo
496 317 538 344 se
567 304 709 344 babere
735 305 886 359 penitus
907 306 1150 356 deliuiamus,
1186 305 1253 345 sed
1276 311 1317 344 ut
1337 304 1397 358 pie
1423 302 1670 344 nihilomiuus

123 373 168 412 de
194 370 341 413 Christi
370 372 512 411 domini
545 373 666 412 nostri
698 373 965 413 incarnatione
990 374 1230 423 seutiamus3
1263 372 1451 425 siquidem
1478 371 1668 411 eiusmodi

122 454 210 481 esse
235 440 376 481 debeat
402 439 474 479 loci
501 439 612 480 huius
637 442 848 481 sententia.
913 440 1154 494 Quamquam
1181 454 1294 480 nemo
1325 453 1468 493 cogere
1500 453 1570 479 nos
1603 453 1669 493 po-

124 516 201 549 test
224 509 321 548 utde
338 505 499 548 Christo
522 508 663 549 dietum
689 509 778 549 illud
804 509 1090 549 existimemus.
1128 506 1408 548 Verumtamen
1433 515 1473 547 nt
1497 508 1540 547 ad
1557 505 1673 547 Chri-

121 584 221 618 stum
245 583 423 631 spectare
448 576 605 626 demus,
649 592 760 618 suum
792 577 936 617 babere
961 583 1088 631 potest
1109 589 1291 624 sensum,
1337 575 1398 629 qui
1431 590 1506 614 non
1535 575 1672 615 vatici-

122 644 251 684 nando
279 644 491 694 confictus,
536 646 603 684 sed
632 659 684 685 ex
719 645 836 685 animi
871 645 1014 699 pietate
1045 644 1243 697 profectus
1281 650 1363 692 est,
1409 657 1456 682 ne
1488 657 1600 696 quem
1633 643 1670 682 in

122 712 234 752 deum
262 713 402 752 cadere
430 713 622 752 defectum
647 712 905 762 arbitremur,
941 719 1003 752 aut
1037 711 1101 750 lilii
1132 711 1374 751 divinitatem
1402 710 1575 750 essentia
1608 725 1671 764 pa-

121 782 192 820 tris
215 780 441 821 inl'eriorem
465 794 552 821 esse
580 781 652 820 sibi
678 781 879 834 quisquam
906 780 1153 835 persuadeat.
1217 777 1320 819 Nam
1346 785 1385 819 et
1407 778 1582 819 nonnulli
1609 792 1673 818 or-

122 848 382 889 thodoxorum
422 856 571 904 patrum
607 849 730 889 locum
764 849 870 888 illum
898 846 1123 889 Salomonis
1156 847 1201 887 de
1230 847 1497 887 incarnatione
1526 844 1675 888 Christi

121 916 368 971 interpretati
395 925 508 966 sunt,
544 920 723 955 Dominus
740 919 908 968 possedit
932 931 1007 963 me,
1042 924 1078 954 el
1098 918 1274 967 fundavit
1298 931 1366 954 me.
1431 914 1581 969 Estque
1613 915 1673 955 hic

121 985 273 1025 demum
310 999 450 1025 sensus
479 985 611 1039 pietati
635 991 948 1035 consentaneus,
983 998 1067 1023 rum
1093 984 1164 1033 ita,
1210 990 1250 1023 ut
1282 984 1388 1034 dixi,
1431 984 1558 1037 magni
1591 983 1675 1037 qui-

121 1053 205 1093 dam
236 1060 367 1108 patres
389 1053 673 1092 intellexerint.
740 1050 893 1105 Quibus
916 1052 947 1092 si
977 1052 1061 1106 quis
1091 1051 1160 1091 liae
1192 1051 1228 1091 in
1255 1058 1363 1106 parte
1389 1051 1574 1092 assentiri
1606 1051 1676 1090 mi-

121 1121 224 1161 nime
248 1121 365 1171 velit,
401 1121 486 1174 cogi
514 1120 618 1160 nullo
645 1120 759 1160 modo
787 1126 929 1175 potest.
995 1117 1110 1172 Quod
1135 1126 1263 1159 autem
1290 1120 1335 1159 ad
1370 1120 1520 1159 alienos
1550 1132 1569 1158 a
1603 1119 1674 1159 fide

121 1196 159 1228 et
188 1188 406 1228 haereticos
440 1188 602 1238 attinet,
647 1188 790 1228 nullum
826 1187 985 1228 omnino
1011 1188 1191 1228 damnum
1228 1187 1315 1227 hinc
1348 1195 1523 1228 metuere
1559 1187 1676 1227 debe-

121 1271 221 1297 mus.
270 1255 411 1311 Neque
437 1258 537 1297 enim
563 1258 608 1297 ad
636 1257 749 1297 ullam
778 1256 992 1297 divinitatis
1018 1256 1326 1296 imminutionem
1353 1255 1550 1311 pertinere
1574 1255 1675 1295 istud

121 1332 274 1380 potest,
310 1339 407 1379 quae
434 1326 557 1366 libera
584 1333 658 1376 est,
694 1332 840 1365 etcum
868 1331 976 1379 patre
999 1338 1155 1379 semper
1175 1323 1321 1364 extitit.
1384 1322 1510 1364 Porro
1539 1337 1676 1378 passus

122 1401 182 1433 est
206 1393 358 1448 quidem
388 1391 570 1434 Christus
598 1394 867 1448 quodcumque
905 1394 1057 1433 demum
1090 1406 1227 1447 passus
1261 1399 1343 1443 est,
1385 1393 1452 1432 sed
1482 1406 1557 1431 non
1591 1392 1676 1431 eius

122 1468 258 1501 natura
285 1469 428 1502 mutata
453 1469 535 1513 est,
570 1469 685 1516 atque
712 1461 885 1502 eiusdem
908 1460 1092 1501 divinitas
1119 1460 1156 1500 in
1180 1474 1250 1501 sua
1276 1461 1339 1500 illa
1379 1459 1572 1515 passionis
1604 1473 1675 1500 ex-

121 1537 231 1584 perte
256 1530 479 1570 conditione
508 1531 692 1584 perstitit.
759 1528 893 1582 Quare
918 1544 1003 1569 eum
1030 1530 1075 1569 de
1100 1529 1256 1583 propria
1282 1529 1483 1569 voluntate
1513 1542 1582 1582 pro
1607 1528 1675 1568 lio-

123 1598 268 1638 minum
292 1598 418 1638 salute
448 1599 524 1653 pati
558 1598 852 1648 constituisset,
888 1598 988 1651 quod
1014 1598 1196 1637 diviuitas
1221 1597 1368 1652 perpeti
1399 1596 1491 1636 nihil
1525 1603 1673 1651 posset,

123 1679 221 1720 quae
247 1680 316 1720 per
347 1667 515 1721 seipsam
551 1680 695 1721 expers
721 1665 915 1720 passionis
943 1673 1025 1716 est,
1067 1679 1209 1719 corpus
1234 1673 1434 1715 nostrum,
1470 1666 1568 1719 quod
1600 1664 1677 1720 pati

123 1733 310 1774 videlicet
329 1742 482 1789 potest,
517 1735 640 1775 induit
665 1734 795 1774 diviua
823 1733 887 1774 illa
910 1733 1125 1788 sapientia,
1173 1740 1214 1773 ut
1247 1734 1285 1773 in
1320 1733 1404 1787 ipso
1435 1740 1574 1787 sponte
1606 1746 1676 1773 sua

124 1809 348 1857 pateretur,
384 1817 429 1843 ac
454 1803 662 1844 coniuncta
697 1818 782 1843 eum
817 1816 935 1843 earne
964 1801 1167 1842 divinitate
1193 1801 1421 1842 affectiones
1450 1808 1607 1842 nostras
1637 1801 1676 1841 in

124 1884 215 1912 sese
251 1871 484 1926 susciperet.
549 1870 706 1912 Etenim
741 1870 924 1911 divinitas
956 1870 1040 1925 ipsa
1074 1877 1190 1911 extra
1225 1884 1380 1910 omnem
1414 1876 1474 1910 est
1509 1869 1679 1924 patiendi

126 1939 406 1980 conditionem.
472 1939 679 1993 Quomodo
700 1940 802 1981 enim
831 1946 993 1979 mortem
1018 1939 1050 1978 is
1073 1939 1181 1979 obire
1206 1945 1340 1993 posset
1363 1938 1426 1992 qui
1454 1938 1560 1990 dicit,
1594 1941 1679 1990 Ego

124 2022 204 2047 sum
227 2011 332 2047 vita?
377 2006 509 2062 ltaque
535 2023 620 2048 eum
646 2008 839 2063 passionis
868 2021 1013 2062 expers
1038 2014 1268 2061 perseveret
1293 2007 1412 2057 deus,
1447 2020 1530 2047 cum
1561 2020 1680 2047 carne

125 2082 255 2116 tamen
283 2076 449 2131 patitur,
485 2077 584 2117 adeo
613 2085 653 2117 ut
684 2075 876 2117 divinitati
903 2075 1032 2129 passio
1059 2075 1121 2115 illa
1146 2075 1359 2125 tribuatur,
1395 2089 1480 2115 cum
1506 2074 1599 2115 nibil
1625 2081 1681 2115 ta-

125 2157 212 2184 men
240 2158 309 2200 per
331 2158 420 2185 sese
447 2144 508 2184 illa
534 2145 718 2200 patiatur.
786 2143 835 2186 Ut
866 2144 1045 2184 nimirum
1071 2143 1177 2184 salus
1208 2143 1320 2184 nobis
1345 2156 1414 2197 per
1437 2143 1549 2183 deum
1574 2157 1679 2183 com-

125 2220 309 2268 paretur,
346 2228 437 2254 caro
462 2220 589 2254 autem
614 2213 696 2268 ipsa
726 2213 915 2253 duntaxat
942 2212 1155 2263 afficiatur,
1200 2218 1239 2252 ut
1263 2225 1311 2252 ne
1334 2210 1582 2266 passionibus
1613 2211 1679 2251 ob·

127 2282 315 2332 noxium,
358 2282 425 2322 sed
458 2281 504 2322 ab
542 2282 587 2321 iis
624 2282 749 2336 potins
774 2281 984 2322 immunem
1020 2282 1131 2321 deum
1166 2280 1403 2331 babeamus3
1446 2278 1509 2333 qui
1541 2286 1679 2334 sponte

126 2363 196 2390 sua
230 2364 302 2390 nec
334 2350 409 2390 ulla
443 2349 680 2391 necessitate
712 2357 872 2390 coactus
905 2350 1070 2390 eandem
1098 2349 1200 2390 illam
1226 2347 1475 2389 affectionem
1499 2347 1681 2402 imputari

127 2417 199 2458 sibi
233 2418 341 2458 velit.

241 2486 297 2526 At
322 2486 384 2526 isti
411 2500 495 2526 eum
520 2485 738 2527 Hebraicas
761 2500 880 2528 voces
905 2501 953 2527 ne
981 2485 1184 2540 attigerint.
1209 2484 1385 2538 quidem,
1420 2491 1486 2524 aut
1511 2483 1586 2524 ulla
1613 2498 1678 2524 ea-

126 2568 211 2595 rum
238 2554 462 2608 cognitione
487 2554 631 2608 perl'usi
652 2555 744 2605 siut,
771 2568 896 2609 neque
923 2554 1012 2608 quid
1035 2554 1107 2594 sibi
1131 2553 1252 2595 velint
1274 2552 1509 2607 intelligant,
1531 2559 1678 2593 temere

129 2637 174 2663 ac
199 2622 420 2677 petulanter
441 2623 695 2662 vehementes
719 2623 852 2664 hostes
879 2623 1109 2676 insurgunt,
1145 2621 1393 2661 occasionem
1422 2619 1589 2675 undique
1616 2635 1680 2661 ca-

131 2697 310 2746 ptantes,
343 2705 415 2745 qua
440 2690 550 2730 fidem
577 2699 775 2742 nostram,
810 2691 872 2731 vel
894 2691 1045 2744 seipsos
1068 2690 1194 2745 potius
1225 2688 1337 2740 (nibil
1361 2688 1463 2728 euim
1489 2690 1680 2730 adversus

130 2758 336 2799 veritatem
373 2765 555 2813 possunt)
593 2773 833 2813 quacumque
870 2759 1022 2798 ratione
1054 2758 1303 2797 labefactent.
1368 2755 1480 2798 Unde
1510 2771 1595 2798 eum
1628 2758 1682 2798 ita

130 2827 315 2880 scriptum
341 2827 602 2882 reperissent,
647 2830 828 2866 Dominus
853 2830 995 2865 creavit
1019 2841 1094 2873 me,
1132 2825 1295 2879 insipide
1321 2839 1365 2864 ac
1397 2824 1482 2866 sine
1510 2826 1588 2866 ullo
1623 2826 1681 2866 iu-

131 2895 256 2946 dicio,
290 2895 397 2936 velut
423 2909 492 2949 per
517 2894 732 2944 somnium,
776 2894 860 2935 visa
895 2894 1029 2934 nescio
1063 2907 1161 2947 quae
1198 2893 1270 2933 sibi
1300 2893 1522 2945 tinxerunt,
1567 2901 1681 2948 atque

176 2996 207 3028 3.
233 2995 310 3032 ἓεόν
335 2996 465 3041 ἔχωμεν
492 2999 560 3029 cod.
585 2999 645 3030 len.
692 2995 726 3030 ἓν
753 2995 883 3040 ἔχωμεν
980 2997 1057 3028 CM».
1073 2996 1186 3027 XXV.
1203 3013 1244 3020 —-
1268 2996 1295 3028 1.
1319 2997 1364 3036 Cf.
1379 2997 1498 3028 Lobech
1510 2997 1552 3027 ad
1568 2997 1680 3035 Phryn.

130 3044 195 3074 cod.
224 3043 352 3082 Rhediy.
402 3040 480 3077 ξεόν
505 3041 623 3086 ἔχομεν
648 3044 731 3074 editi.
930 3053 960 3082 p.
981 3042 1055 3074 2¹45.

1318 3103 1372 3141 40
1392 3097 1408 3115 ’

1729 2486 1809 2528 Cap.

1726 2532 1838 2564 XXV.
