2066 3319
507 199 686 232 PANARII
711 200 794 231 LIB.
811 200 838 231 11
873 199 980 231 ToM.
999 201 1038 232 Π.
1064 199 1193 231 HAER.
1210 199 1333 231 LXVl.
1605 191 1681 230 471

153 280 288 334 gaudis
325 279 400 320 illis
437 291 592 333 operam
632 278 852 319 adhibuisse
892 279 1145 320 demonstrat.
1209 276 1307 319 Cum
1344 279 1445 319 enim
1481 279 1575 319 haec
1606 278 1688 333 ipsa

154 348 296 398 verba,
331 351 432 399 Quae
457 349 595 386 occides
623 349 847 398 prophetas,
883 361 1021 400 aspere
1050 355 1085 387 et
1113 348 1338 401 obiurgandi
1364 347 1488 400 gratia
1520 361 1688 401 pronun-

154 416 330 465 tiaverit,
364 428 608 469 consequens
635 421 694 454 est
719 415 988 469 prophetarum
1015 416 1061 455 ab
1088 429 1134 455 eo
1165 430 1297 455 curam
1329 429 1416 455 esse
1448 422 1683 469 susceptam.

155 481 234 524 lam
262 483 324 537 qui
351 483 622 538 prophetarum
648 497 776 523 curam
801 482 925 536 gerit,
961 498 1035 523 uon
1063 484 1192 537 utique
1221 489 1281 522 est
1308 490 1486 536 tanquam
1518 484 1563 522 de
1596 483 1689 523 alie-

153 552 235 601 nis,
269 552 335 591 sed
360 558 537 605 tanquam
561 551 642 591 suis
668 550 908 605 propriisque
932 551 1136 591 sollicitus.
1200 548 1288 602 Quo
1319 558 1356 589 et
1383 550 1470 590 illud
1502 551 1684 604 pertinet,

151 623 375 672 Reqm'retur
394 622 551 670 sanguis
571 623 638 671 que'
656 621 799 673 qffizsns
825 628 881 658 es!
903 634 925 658 a
948 622 1132 671 sanguine
1154 619 1370 670 Abelusque
1393 621 1442 656 ml
1459 621 1685 657 Zachariam

152 691 302 735 iustum,
338 690 406 739 qui
416 689 529 739 fusus
549 695 605 726 est
626 690 724 726 z'ulet·
747 690 916 739 templum
937 695 973 726 et
993 690 1128 726 altare.
1183 684 1391 726 Praeterea
1415 686 1489 725 alio
1514 686 1548 726 in
1574 687 1682 726 loco:

151 757 320 795 Sublalz's
347 757 513 794 omnibus
537 758 870 794 mmmzalarios-um
898 770 1040 794 mensas
1063 758 1215 801 everlil,
1249 769 1294 792 uc
1319 757 1437 801 delcit,
1472 757 1599 793 Nolite
1617 757 1686 807 sa-
1702 763 1890 799 loanu.2‚15.

150 838 234 863 cere
253 826 396 863 domum
422 827 545 876 patris
569 827 642 862 mel
659 826 801 862 domum
827 826 1103 874 negotiationis.
1169 822 1229 861 Ad
1258 822 1351 861 haec
1374 820 1527 861 Mariae
1554 836 1598 862 ac
1625 821 1687 862 lo-

150 891 269 946 sepho
296 892 416 943 dixit,
452 895 549 942 Quid
575 899 658 930 erat
680 893 779 943 quod
799 892 1034 943 quaerebatis
1056 895 1139 929 me?
1197 891 1429 929 Nescz'ebalis
1457 894 1556 942 quod
1577 894 1613 929 in
1638 894 1683 929 e'e's
1703 899 1773 928 Luc.
1793 902 1820 934 2,
1838 902 1879 929 49.

149 974 242 1013 quae
263 964 388 1011 patrzlv
413 964 594 999 meismet
623 967 767 1011 oportet
789 974 844 998 me
864 964 971 998 esse?
1028 957 1154 998 Porro
1180 958 1448 1011 evangelium,
1483 965 1685 1012 postquam

151 1028 244 1068 haec
273 1027 319 1068 ab
343 1041 389 1068 eo
423 1028 523 1068 dicta
555 1026 710 1077 retulit,
743 1029 872 1066 Nolite
892 1029 1021 1080 facere
1044 1029 1187 1066 domum
1207 1030 1330 1078 patris
1354 1030 1428 1065 mei
1449 1029 1592 1065 domum
1623 1042 1687 1066 ne-

144 1099 379 1148 gotiationes,
412 1096 541 1136 statim
565 1095 656 1136 illud
678 1095 855 1136 subiicit:
889 1098 942 1135 Ec
961 1097 1153 1134 recordati
1170 1103 1259 1134 sunt
1277 1097 1456 1147 discipuli
1473 1097 1573 1147 quod
1588 1098 1834 1139 set·c'-10aun.2‚
1848 1106 1888 1134 17.

141 1173 246 1217 ptum
277 1172 355 1204 est:
387 1167 504 1204 Zelus
533 1167 661 1203 domus
693 1171 777 1203 tuae
807 1166 964 1203 comedit
993 1178 1061 1203 me.

261 1231 385 1286 Quam
413 1233 530 1273 multa
556 1246 608 1272 ex
632 1231 846 1285 evangeliis
869 1239 908 1272 et
933 1231 1119 1286 apostolis
1143 1231 1273 1272 afferri
1298 1232 1343 1272 ad
1367 1230 1590 1272 Manichaei
1622 1245 1684 1271 re-
1734 1232 1811 1274 Cat)-

149 1300 351 1341 sellendam
384 1301 572 1342 insaniam
597 1307 782 1355 possunt,
817 1301 879 1354 qni
907 1308 1021 1340 vetus
1055 1307 1327 1342 testamentum
1360 1315 1381 1341 a
1413 1315 1514 1340 novo
1547 1300 1685 1340 distra-
1709 1278 1831 1310 XLtlt.

147 1368 238 1409 here
265 1376 303 1409 et
329 1369 502 1409 alienare
526 1369 751 1409 contendit?
789 1383 874 1408 cum
905 1376 1031 1409 tamen
1062 1376 1102 1409 et
1129 1376 1242 1410 vetus
1269 1369 1384 1409 multa
1413 1369 1458 1409 de
1488 1368 1685 1409 salvatore

147 1437 368 1478 testimonia
394 1437 613 1487 contineat,
648 1444 686 1476 et
713 1436 771 1476 hic
796 1436 991 1487 vicissim,
1026 1437 1102 1477 imo
1125 1444 1163 1477 et
1187 1437 1270 1477 eius
1293 1437 1456 1492 apostoli
1482 1437 1604 1477 veteri
1630 1443 1685 1476 te-

146 1513 339 1546 stamento
373 1506 602 1545 anctoritate
629 1519 699 1545 sua
727 1505 1005 1559 suffragentur.
1069 1503 1119 1547 Ut
1153 1506 1190 1545 in
1225 1505 1289 1545 ilio
1321 1505 1406 1545 loco
1438 1506 1499 1559 qni
1529 1519 1579 1545 ex
1607 1504 1685 1545 Da-

147 1574 233 1614 vide
259 1574 470 1614 translatus
493 1581 574 1614 est:
614 1577 723 1613 Dea-it
744 1576 913 1613 dominus
939 1576 1083 1612 domino
1113 1589 1210 1621 meo,
1246 1576 1341 1613 Sede
1362 1588 1384 1612 α
1406 1576 1551 1613 dextris
1575 1577 1675 1613 meis.
1699 1572 1813 1636 {2¹⁰2}

146 1645 194 1682 Si
222 1646 342 1694 egitur
372 1645 540 1681 dominas
571 1644 675 1681 illum
708 1650 835 1689 vocat,
871 1644 1049 1694 quomodo
1069 1643 1183 1694 filius
1212 1646 1292 1681 eius
1321 1646 1405 1681 est?
1466 1642 1525 1682 Ad
1563 1642 1681 1682 haec:
1736 1628 1743 1642 ’

148 1712 401 1750 Clamantibus
421 1714 551 1762 pueris
571 1714 718 1750 Osanna
730 1712 821 1763 filio
841 1713 974 1757 David,
1011 1724 1096 1750 cum
1122 1724 1189 1751 eos
1214 1725 1288 1750 non
1314 1711 1550 1765 increparet,
1584 1709 1683 1750 Pha·
1699 1715 1885 1751 Matthzm.

146 1779 261 1819 risaei
292 1779 343 1819 ita
375 1780 496 1834 ipsum
531 1779 686 1819 allocuti
721 1786 832 1818 sunt:
873 1780 958 1818 Non
986 1781 1094 1817 audis
1125 1782 1215 1831 quid
1238 1782 1305 1818 isti
1331 1782 1488 1818 dic-cml?
1524 1780 1682 1831 prohibe
1700 1784 1770 1812 Luc·
1785 1786 1827 1820 19,
1844 1786 1887 1814 40.

145 1849 243 1886 illos.
308 1845 376 1887 lile
400 1861 494 1887 vero
525 1847 575 1887 ita
603 1848 824 1901 respoudit,
859 1850 906 1886 Se·
925 1850 992 1886 isti
1014 1851 1220 1895 tacuerint,
1255 1850 1396 1899 lapides
1423 1848 1681 1900 voegserabuu-

145 1923 220 1954 tur.
283 1914 358 1955 Est
384 1915 484 1955 enim
511 1913 671 1955 Davidis
702 1915 764 1954 ille
793 1914 942 1968 quidem
971 1929 1088 1955 carne
1121 1916 1241 1965 fitius,
1284 1916 1454 1955 eiusdem
1489 1929 1607 1965 vero,
1647 1915 1680 1955 si

143 1983 320 2038 spiritum
350 1983 598 2034 consideres,
633 1983 835 2032 dominus,
870 1998 953 2023 cum
985 1984 1119 2024 ambae
1151 1984 1240 2023 illae
1266 1997 1385 2024 voces
1408 1983 1549 2037 aliquid
1581 1983 1680 2037 quod

143 2051 226 2091 fieri
250 2052 395 2106 possit,
430 2065 642 2106 verumque
666 2051 899 2105 significent.
961 2050 1062 2092 Nam
1096 2052 1190 2092 nihil
1217 2059 1276 2093 est
1298 2052 1336 2092 in
1361 2052 1566 2092 veritatem
1589 2066 1680 2092 con-

143 2120 287 2160 fictum.

256 2186 403 2229 Verum
437 2202 485 2228 ne
516 2187 657 2229 diutius
688 2188 725 2228 in
760 2202 806 2229 eo
834 2196 1060 2243 argumento
1088 2202 1329 2239 commorer,
1370 2202 1438 2229 ero
1470 2189 1601 2243 paucis
1633 2187 1679 2228 iis

143 2256 376 2297 testimoniis
400 2264 628 2307 contentus,
663 2270 799 2311 meque
822 2258 868 2297 ad
891 2257 965 2297 alia
990 2257 1212 2312 impostoris
1239 2257 1340 2297 itlius
1363 2258 1543 2310 dogmata
1574 2257 1678 2297 resu-

142 2326 256 2365 tanda
278 2326 492 2365 conferam.
542 2324 584 2366 Si
614 2340 755 2380 corpus
779 2325 938 2365 alterius
965 2325 1025 2365 dei
1050 2333 1125 2375 est,
1160 2333 1198 2365 et
1219 2325 1379 2365 alterius
1403 2326 1545 2374 anima,
1581 2338 1677 2378 qnae

142 2400 292 2449 potest,
326 2394 374 2434 mi
402 2393 539 2444 homo,
573 2395 772 2434 amborum
800 2407 887 2434 esse
913 2394 1157 2434 communio?
1217 2392 1456 2448 Quamquam
1483 2394 1677 2447 cogitandi

143 2462 233 2502 mihi
269 2476 379 2517 quam
414 2462 529 2503 altam
562 2462 599 2502 iu
629 2462 991 2518 contemplationem
1018 2462 1222 2503 mediocris
1256 2477 1300 2503 ac
1333 2462 1536 2516 perpusilla
1569 2475 1676 2502 mens

142 2537 274 2571 nostra
307 2545 395 2571 sese
431 2531 667 2581 committat,
708 2531 811 2571 subit
842 2531 1045 2572 admodum
1075 2531 1220 2572 vereri.
1284 2528 1546 2582 Quamobrem
1578 2530 1676 2570 inhi-

140 2599 240 2640 bebo
266 2599 556 2654 memetipsum,
590 2612 638 2638 ne
663 2599 709 2639 iis
732 2598 794 2653 qui
821 2599 952 2653 legere
981 2600 1054 2640 ista
1084 2606 1246 2654 possunt
1278 2599 1360 2653 plus
1389 2612 1499 2652 quam
1526 2613 1593 2653 par
1616 2606 1676 2639 est

137 2667 285 2708 laboris
312 2668 519 2722 imponam,
553 2682 637 2707 cum
663 2668 890 2722 praesertim
916 2668 1028 2708 unico
1055 2668 1276 2708 testimonio
1302 2666 1575 2721 praestigiator
1601 2667 1674 2708 iste

142 2736 319 2789 redargui
350 2736 485 2790 possit.
548 2734 702 2775 Etenim
738 2737 774 2776 in
807 2737 969 2777 eandem
999 2735 1326 2777 consociationem
1359 2749 1404 2775 ac
1438 2735 1675 2775 communio-

143 2817 227 2843 nem
249 2804 384 2844 adduci
406 2818 481 2844 non
508 2818 640 2844 eorum
666 2818 752 2844 esse
777 2811 903 2859 potest
926 2819 1022 2859 quae
1045 2812 1175 2844 mutuo
1200 2802 1444 2854 dissentiant,
1472 2804 1537 2844 sed
1562 2803 1673 2844 nnius

144 2884 238 2925 opus
261 2879 342 2922 est,
376 2879 441 2912 aut
461 2886 481 2912 a
509 2872 656 2912 duobus
688 2873 823 2913 saltem
854 2874 987 2914 amicis
1014 2873 1187 2912 etticitur.
1253 2870 1385 2926 itaque
1416 2886 1499 2913 cum
1533 2886 1672 2927 corpus

144 2945 182 2978 et
210 2939 335 2980 anima
367 2941 406 2980 in
438 2955 554 2981 unum
586 2941 844 2993 conveniant,
877 2943 990 2982 unius
1017 2941 1075 2981 dei
1103 2955 1198 2995 opus
1226 2941 1317 2981 iilud
1347 2955 1434 2982 esse
1464 2942 1670 2996 putandum
