2066 3319
550 216 730 249 PANARlI
751 216 834 248 LlB.
854 218 892 249 Π.
915 218 1021 250 ToM.
1046 220 1067 250 l.
1095 219 1223 251 HAER.
1244 219 1365 251 LXtv.
1651 211 1731 251 329

198 299 390 352 tinguere,
425 311 509 337 cum
530 295 719 337 eiusmodi
743 296 972 351 cupiditates
992 311 1035 337 ac
1057 298 1275 353 voluptates
1298 300 1456 339 interire
1477 306 1729 350 monstraret,

196 365 319 420 iisque
344 365 406 419 qui
435 365 492 405 his
523 365 576 405 uti
611 364 759 404 deliciis
788 365 922 405 vivere
952 379 1039 406 esse
1067 368 1271 407 crederent
1305 368 1487 422 pudorem
1521 368 1729 418 incuteret,

197 434 258 488 qui
291 435 395 472 deum
432 447 510 472 esse
543 441 703 472 ventrem
737 432 976 473 existimant.
1048 437 1315 474 Manducemus
1348 444 1384 473 ct
1415 437 1602 484 bibamus,
1646 451 1732 475 cras
1748 434 1878 498 ῙῑἸςῑῑὲὶῗὲ
1892 435 1934 498 2¹33]

196 505 290 541 em'm
311 515 523 540 mortemar.
574 500 909 555 Quemadmodum
934 501 1186 542 voracissima
1211 504 1397 556 quaedam
1424 518 1605 558 corpora,
1634 518 1732 558 quae
1883 491 1889 503 ’

197 570 242 610 ad
274 568 451 624 pabulum
481 569 629 609 abiectu
663 576 739 609 tota
772 569 809 609 in
838 570 982 609 mensis
1010 585 1052 609 ac
1085 571 1274 611 conviviis
1310 579 1563 625 occupantur.
1627 572 1730 612 Tum

195 644 394 692 postquam
421 637 478 676 his
504 637 635 677 verbis
664 651 755 677 usus
780 645 860 677 est:
902 641 1000 676 Esca
1024 642 1164 685 veulre',
1199 646 1234 676 et
1258 647 1383 677 venter
1403 643 1517 685 escis,
1552 644 1642 679 (leus
1663 652 1935 685 au-1.Cur.o‚13-

195 714 263 746 tem
297 707 395 744 huuc
427 713 466 744 et
492 707 579 744 illas
611 708 797 752 destruct,
833 706 995 755 adiecit,
1039 696 1182 758 Corp’as
1211 714 1331 745 autem
1364 722 1436 746 aaa
1461 710 1727 760 Jbrm'cattouz',

192 777 258 814 sed
285 776 454 820 domino,
489 781 525 812 el
549 776 717 813 domiuus
744 777 917 826 corpori:
961 777 1050 813 deus
1079 782 1200 813 autem
1233 782 1269 812 ct
1300 777 1482 814 domiuum
1517 780 1726 824 suscitavit,

193 850 232 882 et
253 857 320 882 nos
350 842 548 880 suscitabit
566 857 637 894 per
660 846 831 881 virtutem
858 845 996 893 ipsius:
1039 857 1086 881 au
1112 845 1263 881 uesce‘te's
1293 846 1463 894 quoniam
1490 846 1649 883 membra
1672 861 1728 883 rc-

191 918 272 951 stra
295 911 455 949 membra
481 912 627 949 Christe·
644 915 762 949 suut?
820 913 885 950 Aa
905 913 1025 961 igilur
1047 912 1206 950 membra
1236 913 1382 950 Clcre'ste'
1404 913 1542 963 faciam
1566 914 1730 952 membra

192 981 428 1018 meretricis?
485 979 622 1017 Abse't:
657 981 808 1018 nescitis
831 982 1001 1031 quoniam
1025 983 1093 1031 que'
1110 981 1290 1018 adhaeret
1310 984 1500 1019 meretrici
1516 995 1626 1020 auum
1648 996 1730 1019 cor-

185 1063 259 1101 pus
282 1052 368 1087 est?
426 1049 554 1086 Erunt
575 1050 692 1094 euim,
729 1050 869 1099 iuquit,
904 1050 976 1086 duo
997 1051 1034 1086 [a
1059 1062 1207 1087 carnem
1234 1063 1357 1086 uuam.
1424 1051 1498 1099 Qui
1521 1057 1641 1088 autem
1665 1052 1731 1088 ad-

191 1118 320 1156 haeret
342 1118 509 1162 domum,
546 1129 641 1154 uuus
665 1118 821 1167 spiritus
848 1123 915 1154 est.
978 1118 1115 1167 Fugite
1134 1118 1441 1169 sorm‘catz'ouem.
1507 1120 1618 1156 Omne
1644 1133 1730 1169 pec-

191 1193 312 1224 catum
335 1187 588 1236 quodcumque
615 1188 830 1236 peccaverit
847 1186 974 1229 homo,
1009 1192 1119 1223 e-z‘tra
1149 1199 1283 1236 corpus
1307 1193 1381 1233 est,
1415 1189 1483 1237 qui
1501 1194 1620 1225 autem
1641 1188 1730 1240 sor-

190 1256 356 1300 nicatur,
392 1255 428 1291 iu
454 1255 652 1304 propriam
674 1266 810 1304 corpus
826 1261 971 1304 peccat.
1036 1257 1100 1292 ‚1112
1121 1256 1272 1292 nescitis
1301 1257 1400 1305 quod
1421 1268 1579 1306 corpora
1609 1263 1730 1294 vestra

193 1323 364 1373 templum
394 1329 483 1360 sunt
511 1324 590 1360 eius
624 1324 750 1373 quiin
783 1322 885 1359 vobis
914 1329 970 1359 est
993 1325 1169 1373 spiritus,
1212 1337 1315 1374 quem
1345 1323 1488 1361 habetis
1517 1337 1539 1361 a
1567 1326 1654 1370 (leo,
1697 1331 1733 1362 et

191 1405 262 1430 nou
289 1393 378 1429 estis
402 1393 543 1428 vestri?
602 1391 732 1440 Empti
755 1392 849 1428 eue'm
879 1392 968 1428 estis
993 1393 1139 1442 prelio:
1170 1391 1386 1442 glorg'ficate
1417 1394 1537 1442 igitur
1558 1394 1662 1431 deum
1694 1395 1731 1431 in

191 1459 411 1510 corporibus
441 1461 586 1496 vestris.

305 1524 348 1566 ln
373 1540 447 1580 quo
471 1526 587 1566 velim
610 1525 700 1566 illud
723 1526 1035 1577 animadvertas,
1071 1540 1139 1581 pro
1167 1540 1212 1566 eo
1243 1527 1342 1580 quod
1366 1541 1506 1582 corpus
1531 1528 1631 1568 istud
1656 1528 1730 1583 legi
1759 1532 1836 1575 Cap·
1853 1532 1935 1563 [ΛΠ-

192 1594 251 1635 dei
276 1594 631 1648 immortalitatique
658 1594 867 1648 capiendae
887 1594 1064 1634 idoneum
1090 1602 1146 1634 est
1162 1627 1171 1644 ,
1206 1595 1237 1635 si
1260 1595 1306 1635 ab
1330 1596 1507 1637 omnibus
1531 1596 1730 1636 libidinum

191 1662 450 1703 incitamentis
475 1662 526 1703 ita
562 1671 769 1717 purgetur,
805 1661 916 1702 nullis
940 1669 981 1702 ut
1007 1663 1241 1702 nefariarum
1267 1664 1535 1704 illecebrarum
1567 1665 1731 1705 stimulis

192 1731 510 1782 commaculetur,
544 1730 688 1771 idcirco
712 1731 806 1771 haec
829 1731 875 1770 ab
902 1731 1077 1785 apostolo
1103 1745 1189 1771 esse
1215 1731 1330 1772 dicta.
1381 1731 1483 1786 Quid
1506 1733 1605 1773 enim
1631 1733 1732 1773 aliud

192 1807 252 1841 est
287 1800 385 1854 quod
413 1800 458 1839 ad
491 1802 735 1839 meretricem
768 1799 1042 1849 adhaerescat,
1086 1807 1124 1839 et
1154 1800 1199 1840 ad
1233 1814 1316 1840 eam
1353 1802 1535 1851 accedat,
1579 1816 1731 1855 unaque

191 1883 274 1909 cum
299 1868 363 1908 illa
389 1881 480 1908 caro
503 1866 776 1908 coniunctione
804 1867 1063 1908 membrorum
1090 1882 1134 1907 ac
1164 1869 1436 1909 communione
1465 1869 1625 1923 quadam
1654 1870 1732 1909 effi-

192 1937 337 1988 ciatur,
373 1943 642 1991 praeterquam
669 1950 808 1992 corpus
835 1936 924 1976 illud
959 1943 1190 1986 externum,
1225 1937 1333 1976 cuius
1356 1938 1573 1977 ministerio
1603 1938 1730 1978 omnia

191 2006 255 2046 illa
281 2004 562 2045 commistionis
586 2019 791 2059 corporum
818 2013 855 2045 et
875 2006 1047 2045 ardentis
1069 2004 1238 2045 libidinis
1265 2006 1407 2060 flagitia
1433 2007 1732 2060 perpetrantur?

188 2073 301 2116 Unde
328 2083 363 2114 et
385 2089 489 2113 omne
504 2082 719 2125 peccatam,
755 2075 1166 2127 quodcumqucsecerz't
1189 2076 1314 2121 bomo,
1351 2082 1461 2113 eoetra
1493 2089 1627 2126 corpus
1658 2083 1726 2122 est,

189 2146 257 2196 qui
275 2150 396 2181 autem
417 2144 645 2194 fornicatur,
682 2145 719 2181 ιή
740 2146 933 2194 proprium
958 2157 1095 2194 corpas
1110 2151 1255 2194 peccat.
1310 2141 1466 2183 Etenim
1491 2143 1727 2196 arrogantia,

189 2211 417 2262 infidelitas,
451 2211 502 2251 ita
531 2218 646 2265 atque
679 2211 873 2251 simulatio
905 2211 1057 2252 animae
1091 2218 1245 2265 peccata
1273 2218 1385 2263 sunt,
1428 2219 1601 2266 stuprum
1636 2224 1730 2251 vero

191 2288 229 2322 et
261 2280 511 2320 inflammatio
544 2279 607 2320 illa
647 2279 815 2319 libidinis
854 2293 1057 2335 corporum
1093 2280 1249 2335 propria
1287 2287 1390 2320 sunt.
1455 2278 1606 2333 Quibus
1643 2293 1727 2320 cum

189 2349 320 2404 utique
347 2362 418 2389 nec
445 2348 601 2388 evolare
632 2348 759 2388 anima
795 2348 958 2403 poterit,
993 2362 1118 2403 neque
1144 2348 1424 2403 temperantiae
1449 2349 1615 2388 decretis
1639 2347 1729 2388 sub-

188 2418 268 2468 iici,
302 2417 369 2458 sed
393 2417 505 2457 ambo
525 2416 670 2457 Christi
692 2431 815 2470 regno
837 2418 1020 2458 excidere
1046 2431 1208 2458 necesse
1231 2424 1304 2458 est.
1350 2415 1562 2456 Praeterea
1587 2417 1618 2456 si
1643 2431 1729 2456 cor-

189 2500 281 2542 pora
307 2493 440 2526 nostra
466 2486 502 2526 in
530 2486 785 2526 sanctimonia
812 2494 1043 2527 conservata
1067 2489 1238 2539 templum
1261 2494 1349 2525 sunt
1370 2486 1573 2524 habitualis
1594 2489 1631 2524 ιἰι
1663 2501 1729 2525 ηο-

189 2556 244 2594 bis
267 2558 445 2607 spu-itm,
482 2561 594 2609 atque
619 2562 657 2594 et
681 2554 718 2594 in
751 2568 913 2609 corpore
942 2555 1118 2596 dominus
1142 2556 1308 2605 residet,
1344 2562 1380 2593 et
1404 2555 1564 2593 membra
1594 2569 1615 2593 a
1647 2569 1730 2594 cor-

182 2628 289 2676 poris
313 2626 460 2663 Clu-isti
480 2625 642 2663 membra
667 2631 777 2671 sunt,
813 2624 969 2664 omnino
1001 2625 1154 2665 divinae
1181 2624 1255 2677 legi
1287 2636 1427 2676 corpus
1452 2622 1649 2673 subditur,
1684 2638 1728 2663 ac

189 2706 351 2747 regnum
375 2692 434 2732 dei
459 2693 660 2747 possidere
684 2699 826 2747 potest.
892 2695 967 2743 Qui
984 2697 1078 2732 enim
1099 2695 1277 2731 erc-[tavit
1297 2694 1484 2729 Christum
1507 2706 1529 2730 a
1552 2696 1723 2740 mortuis,
1748 2707 1872 2741 nome,
1893 2710 1930 2736 11.

190 2763 415 2813 vivficabit,
450 2761 596 2815 inquit,
636 2769 674 2800 et
703 2763 876 2800 mortalia
911 2776 1070 2813 corpora
1108 2769 1228 2800 vestra
1260 2775 1329 2812 per
1353 2761 1617 2799 inhabitantem
1649 2765 1728 2800 eius

189 2833 361 2881 spiritam
384 2833 421 2869 in
444 2831 568 2869 vobis:
603 2838 645 2869 ιιι*
665 2832 821 2869 mortale
840 2832 908 2869 hoc
929 2832 1062 2869 induat
1083 2831 1410 2877 inmortalitatem,
1444 2838 1480 2867 et
1501 2833 1929 2881 aecor-rapu·-1.cor.15,53.

191 2899 262 2937 bite
286 2902 613 2951 zue-orruptionem,
649 2914 820 2951 morsque
840 2904 877 2938 iu
904 2902 1094 2938 victoriam
1117 2899 1372 2937 absorbeatur.
1437 2896 1528 2939 Non
1553 2898 1654 2938 enim
1683 2900 1728 2938 de

191 2965 264 3005 alio
289 2981 452 3021 corpore
477 2968 548 3007 boc
574 2969 661 3008 loco
688 2968 905 3023 disputabat
930 2967 1154 3021 apostolus,
1188 2973 1456 3021 praeterquam
1478 2969 1524 3007 de
1547 2967 1618 3007 boc
1643 2968 1725 3022 ipso

191 3034 290 3086 quod
316 3035 559 3088 extinguitur
581 3051 626 3077 ac
646 3044 769 3078 morte
794 3036 1017 3084 conficitur,
1053 3049 1121 3089 per
1144 3036 1242 3089 quod
1274 3038 1438 3076 scortari
1463 3035 1553 3076 licet
1584 3050 1629 3076 ac
1662 3037 1726 3075 lla-

189 3101 280 3156 gitia
312 3103 567 3145 committere.
