2066 3319
457 164 634 195 PANARH
662 165 742 196 [AB.
765 166 803 196 ll.
827 167 935 198 TOM.
957 168 994 199 ll.
1020 168 1149 199 HAER.
1172 169 1288 201 LXVI.
1560 162 1641 199 505

106 246 267 300 primum
292 250 348 284 est
377 257 602 298 aggressus.
659 243 761 284 Tum
785 246 829 285 ad
854 247 1088 288 Archelaum
1114 241 1236 299 venit,
1269 256 1310 289 ut
1337 263 1422 289 eum
1449 249 1639 300 vinceret,

107 313 207 366 quod
241 321 366 352 tamen
401 313 557 366 assequi
587 326 662 352 uon
687 314 823 367 potuit.
886 313 1045 356 Fierine
1077 317 1194 370 igitur
1217 325 1345 372 potest
1376 326 1415 358 ut
1447 319 1509 372 qui
1544 319 1643 373 quod

107 381 203 421 adeo
241 394 378 420 recens
414 387 473 420 est
504 380 717 434 ignorarit,
763 383 908 423 maiora
936 384 998 424 illa
1027 388 1265 439 cognoseat?
1326 384 1408 426 Cur
1440 401 1515 427 non
1548 401 1643 427 vero

106 447 312 489 Persarum
345 449 449 503 regis
482 463 617 489 manus
649 450 808 504 effugit,
843 466 928 492 cum
959 453 1004 492 ab
1037 467 1083 493 eo
1109 454 1411 508 comprehensus
1435 470 1479 495 ac
1507 456 1641 510 poenis

107 518 270 557 affectus
302 518 386 557 est?
444 515 497 558 Ut
528 525 661 572 aperte
693 526 846 560 constet
877 521 922 560 iis
954 521 1015 575 qui
1049 522 1273 576 prudentiae
1306 523 1446 576 aliquid
1478 523 1644 564 babeant

106 586 208 627 illum
241 586 278 626 in
311 586 488 626 omuibus
521 599 608 626 esse
641 588 857 628 mentitum.

220 652 298 695 Sed
325 655 511 708 quoddam
535 655 795 696 testimouium
827 664 936 711 urget
963 665 1001 697 ut.
1026 672 1135 698 suum
1164 658 1252 698 illud
1279 673 1347 712 par
1371 659 1642 714 principiorum
1661 669 1848 712 Cap.LX11.

107 724 290 773 affirmet,
325 737 445 778 eaque
478 738 497 763 a
524 737 565 763 se
593 723 758 764 invicem
791 726 930 765 frustra
959 726 1125 765 dirimat.
1192 725 1299 780 Ergo
1332 727 1401 767 hac
1432 729 1641 769 salvatoris

107 805 202 832 voce
228 791 387 832 nititur:
430 795 515 832 Non
532 800 657 844 potest
678 794 793 832 arbor·
815 795 908 832 bona
929 796 1088 846 ¹[lucc-lus
1111 797 1228 834 malos
1246 797 1396 847 faeere,
1431 812 1549 849 neque
1578 812 1641 836 ar·
1656 810 1847 845 Manuale.

107 862 173 900 bor
198 863 296 900 mala
318 863 476 915 fructus
507 863 619 900 bonos
639 863 798 914 fieeel·e,·
842 878 890 900 er
918 864 1058 915 fluctu
1096 867 1190 902 em‘m
1231 865 1346 902 arbor·
1385 869 1638 916 cognoscitur.

107 928 207 970 Vide
235 930 397 970 hominis
424 930 641 979 levitatem,
677 930 738 983 qui
764 929 856 970 uiliil
882 929 919 970 in
945 931 1147 985 scripturis
1182 939 1386 986 penetrare
1412 933 1526 973 altius
1558 947 1645 987 pos-

106 998 170 1039 sit.
233 996 386 1038 Etenim
412 999 443 1038 si
472 998 661 1053 principia
695 997 759 1038 illa
789 998 949 1038 arbores
983 999 1082 1049 siut,
1118 999 1261 1040 habent
1288 1000 1405 1055 igitur
1432 1008 1471 1041 et
1495 1003 1645 1057 agrico-

106 1067 179 1107 lam
204 1080 339 1117 suum,
373 1073 519 1106 etcum
546 1067 696 1120 plantae
722 1066 820 1116 sint,
865 1068 1022 1108 omniuo
1057 1083 1076 1108 a
1112 1069 1288 1123 quopiam
1316 1069 1507 1124 plantatae
1539 1078 1643 1110 suut.

106 1134 299 1190 Quidquid
339 1143 467 1175 autem
504 1136 712 1190 plantatum
748 1143 829 1185 est,
876 1137 1105 1191 principium
1146 1137 1284 1188 habet,
1329 1137 1566 1193 proindeque
1608 1146 1648 1178 et

107 1205 219 1245 linem
246 1203 413 1244 habebit.
477 1201 611 1258 ltaque
636 1204 753 1244 arbor
774 1205 870 1245 mala
891 1220 967 1245 nou
993 1212 1178 1260 perpetuo
1205 1206 1357 1256 extitit,
1392 1207 1459 1246 sed
1492 1214 1552 1247 est
1578 1207 1647 1247 ali-

56 1294 61 1301 ·
108 1274 259 1328 quando
281 1274 446 1313 consita.
510 1273 643 1313 Arbor
665 1287 759 1313 vero
788 1273 887 1314 bona
914 1288 988 1314 non
1017 1274 1062 1314 ad
1090 1288 1203 1314 omne
1231 1275 1414 1315 bonitatis
1441 1289 1646 1331 supremae

106 1355 230 1397 genus
259 1341 372 1381 debet
398 1341 550 1381 referri.
617 1340 696 1381 lllic
721 1342 820 1382 enim
859 1349 965 1382 certa
994 1343 1226 1398 minimeque
1252 1344 1418 1384 mendax
1449 1351 1487 1384 et
1511 1345 1647 1384 immu-

109 1411 234 1451 tabilis
257 1410 408 1450 bonitas
434 1417 516 1459 est,
553 1417 683 1464 utpote
705 1424 802 1464 quae
827 1411 877 1450 sit
902 1410 961 1451 dei
987 1411 1169 1465 cogitatio
1196 1412 1456 1466 inexplicabili
1482 1414 1646 1467 quodam

108 1479 255 1520 honore
293 1479 480 1533 praedita.
544 1477 680 1519 Utrum
716 1493 811 1519 vero
840 1480 885 1519 ad
922 1480 1135 1534 plantarum
1171 1481 1461 1535 productionem
1497 1496 1649 1522 accom-

108 1548 254 1589 modari
288 1547 430 1602 possit,
466 1547 671 1588 videndum
701 1562 745 1588 ac
772 1547 1040 1603 disputandum
1077 1549 1186 1589 nobis
1212 1557 1286 1589 est.
1349 1549 1503 1590 Etenim
1537 1551 1569 1591 si
1602 1552 1648 1591 de

107 1617 260 1657 diabolo
294 1630 424 1656 sermo
461 1616 532 1666 sit,
575 1630 691 1671 saepe
723 1617 826 1656 illum
860 1617 1099 1657 ostendimus
1137 1618 1275 1658 malum
1312 1618 1357 1658 ab
1389 1619 1539 1673 origiue
1572 1634 1646 1659 non

109 1686 253 1736 l'uisse3
296 1685 388 1725 nihil
413 1685 513 1724 enim
541 1685 634 1725 deus
658 1685 796 1725 malum
823 1686 1014 1735 condidit,
1049 1686 1161 1740 idque
1186 1687 1283 1727 adeo
1313 1687 1565 1742 prudentibus
1589 1696 1648 1729 est

107 1755 370 1795 manifestum.
434 1754 493 1793 Ac
524 1753 613 1793 licet
647 1753 682 1793 in
718 1755 851 1794 eodem
885 1762 1112 1809 argumento
1140 1769 1366 1806 versemur,
1401 1770 1476 1795 non
1509 1770 1648 1810 grava-

107 1823 234 1864 bimur
257 1830 384 1862 tamen
411 1821 616 1862 veritatem
641 1823 754 1862 etiam
778 1823 814 1862 in
842 1823 1062 1877 praesentia
1087 1824 1354 1878 comprobare.
1421 1822 1542 1878 lgitur
1568 1839 1647 1865 ma-

108 1892 167 1932 lus
192 1891 302 1931 initio
337 1891 510 1931 diabolus
543 1906 617 1930 uon
651 1891 741 1941 l'uit,
786 1893 852 1931 sed
889 1892 1014 1932 evasit
1047 1899 1196 1947 postea.
1261 1891 1394 1946 Quare
1431 1893 1554 1933 locum
1587 1893 1648 1933 hic

109 1975 184 2001 non
213 1960 326 2000 habet
348 1960 447 2013 quod
471 1960 515 1999 de
541 1959 679 1999 arbore
707 1960 946 2015 proponitur.
989 1959 1090 2001 Nam
1117 1969 1153 2001 et
1181 1959 1339 2002 Saulum
1363 1961 1539 2002 videmus
1563 1977 1648 2017 per·
1667 1977 1730 2002 Act.
1749 1975 1774 2000 9.

108 2035 326 2070 secutorem
360 2028 500 2077 fuisse,
537 2029 777 2083 eundemque
803 2044 871 2083 pro
900 2044 946 2069 eo
971 2030 1069 2084 quod
1097 2029 1295 2070 insecutus
1333 2032 1458 2070 fuerat
1489 2032 1644 2072 nomine
1663 2045 1735 2072 Luc.
1748 2046 1790 2079 22,
1808 2046 1832 2072 3.

107 2097 418 2154 persecutionem
443 2110 530 2136 esse
556 2111 709 2150 passum
726 2129 735 2147 ,
770 2105 903 2137 contra
929 2112 1023 2138 vero
1057 2097 1186 2138 ludam
1213 2113 1297 2139 cum
1324 2099 1523 2139 duodecim
1553 2114 1644 2154 apo·
1666 2113 1754 2141 losue
1773 2115 1798 2142 2.

109 2167 218 2208 stolis
245 2167 407 2207 electum
436 2167 649 2207 descivisse
685 2167 923 2221 postmodum
962 2174 1000 2206 et
1025 2168 1069 2206 ad
1101 2167 1313 2222 improbam
1341 2168 1544 2208 factionem
1579 2183 1647 2222 ag-

108 2243 325 2291 gregatum.
371 2234 474 2289 Quin
499 2243 538 2274 et
563 2234 673 2275 Raab
698 2235 940 2275 meretricem
968 2236 1163 2276 ceruimus
1190 2236 1236 2276 ab
1263 2235 1478 2277 lsra‘eflitico
1501 2250 1647 2290 genere

110 2305 295 2346 haetenus
320 2304 483 2344 alienam
519 2310 606 2358 post
637 2303 910 2358 poenitentiam
942 2312 1137 2360 receptum
1163 2306 1208 2345 ad
1245 2306 1304 2345 dei
1341 2305 1645 2345 misericordiam

110 2373 306 2414 habuisse.
373 2371 559 2413 Videmus
584 2379 621 2411 et
642 2372 829 2413 latronem
856 2373 893 2413 in
921 2373 1091 2414 l'aciuore
1118 2374 1398 2428 deprehensum
1427 2381 1464 2413 et
1489 2374 1525 2413 in
1559 2388 1646 2414 eru·
1664 2388 1789 2425 Luc.23‚
1808 2392 1850 2419 ω.

111 2457 192 2483 cem
219 2442 409 2482 sublatum
432 2448 517 2496 post
542 2442 828 2481 consessionem
861 2456 935 2482 una
970 2457 1053 2482 cum
1080 2443 1233 2482 domino
1267 2442 1304 2482 in
1338 2442 1555 2495 paradisum
1588 2443 1646 2483 iu-

109 2525 301 2566 gressum.
363 2508 569 2550 Nicolaum
601 2517 804 2563 praeterea
835 2511 1010 2551 videmus
1047 2511 1171 2550 virum
1212 2511 1353 2550 bouum
1388 2518 1425 2550 et
1460 2510 1642 2562 electum,
1665 2537 1726 2563 m,
1746 2536 1815 2569 6‚⁵-

110 2580 340 2620 sceleratum
366 2585 499 2634 postea
525 2579 659 2628 fuisse,
688 2586 801 2633 atque
825 2579 928 2619 inter
950 2580 1164 2620 haereseon
1187 2589 1368 2619 auctores
1389 2579 1641 2635 adscriptum.

111 2646 212 2701 Quid
249 2648 308 2687 bie
341 2655 494 2687 ceteros
531 2650 855 2688 commemorem?
915 2646 1105 2702 Quidnam
1141 2663 1256 2702 porro
1284 2647 1422 2687 malam
1456 2649 1552 2689 hane
1584 2664 1645 2690 ar-

110 2717 242 2757 borem
273 2729 360 2756 esse
385 2716 578 2766 dicemus,
613 2729 633 2756 e
661 2730 731 2771 qua
758 2716 897 2757 bonum
933 2717 1025 2757 oriri
1057 2718 1246 2770 nequeat?
1305 2714 1427 2756 Plane
1452 2716 1497 2757 de
1522 2717 1644 2758 homi-

113 2800 200 2826 num
226 2783 443 2825 actionibus
463 2784 709 2839 interpretari
733 2785 932 2825 debemus.
985 2784 1124 2838 Neque
1149 2785 1248 2824 enim
1275 2797 1295 2824 e
1317 2791 1450 2839 stupro
1475 2786 1644 2827 derivari

113 2854 263 2894 bonitas
291 2860 438 2908 potest,
482 2867 605 2908 neque
640 2867 691 2894 ex
725 2854 919 2908 nequitiae
950 2854 1073 2893 livore
1099 2852 1269 2903 iustitia,
1314 2867 1437 2908 neque
1463 2868 1514 2895 ex
1537 2855 1645 2895 adul-

159 2986 187 3022 4.
212 2991 395 3037 κακουργίᾳ
416 2994 535 3024 restitui
554 3002 591 3024 ex
611 2993 697 3024 tibris
715 3002 785 3024 mss.
820 2993 855 3024 ln
879 2992 967 3023 editis
989 2994 1032 3022 est
1055 2989 1266 3034 κακουργίας.
