2066 3319
472 183 649 215 PANAun
678 183 761 214 Lm.
782 183 822 215 11.
846 184 954 216 Toxi.
976 185 1013 216 n.
1041 183 1169 215 men.
1193 183 1316 215 vai.
1588 174 1669 214 499

131 263 274 313 fuisse,
318 270 431 316 atque
457 263 528 302 hoe
554 271 665 317 paeto
698 278 772 303 non
801 263 958 303 ‹unnino
984 264 1122 303 malum
1152 264 1247 314 erit,
1281 264 1379 317 quod
1408 262 1545 303 malum
1578 262 1671 302 dici—

128 339 210 381 tur,
245 345 328 371 eum
357 330 448 371 boni
473 331 706 371 desiderium
732 333 970 386 conceperit.
1034 331 1076 373 Si
1106 333 1256 386 quidem
1284 332 1420 371 malum
1448 345 1560 371 omne
1582 331 1670 371 boui

128 399 322 440 inimicum
349 407 430 450 est,
465 401 783 454 quemadmodum
809 401 992 440 abhorret
1014 414 1034 440 a
1062 401 1163 440 bono
1188 400 1342 440 malum.
1390 399 1502 453 Quod
1527 400 1558 439 si
1585 414 1672 454 pro-

129 469 275 509 miscua
299 469 535 523 eonl'usaque
559 468 618 508 vis
642 476 698 509 est
726 469 948 519 amborum,
984 476 1024 509 ut
1049 476 1087 508 et
1112 469 1234 508 bouus
1260 469 1358 522 quod
1388 482 1497 508 suum
1530 476 1588 507 est
1612 482 1671 508 re-

128 551 317 592 cuperare
339 537 487 587 soleat,
521 551 565 577 ae
593 535 838 592 Principatus
864 545 902 577 et
924 536 1147 578 potestates
1169 537 1352 577 infestare
1375 537 1475 577 bello
1498 537 1672 591 pelleque

129 607 298 655 nudare,
333 619 606 659 nonnunquam
643 607 867 660 productam
903 621 923 645 a
962 606 1061 646 malo
1097 604 1297 645 materiam
1334 606 1463 645 delere
1503 606 1671 645 funditus

129 689 172 715 ae
199 674 352 724 tollere,
387 674 483 714 alias
509 688 604 729 opus
630 688 680 714 ex
704 675 784 730 ipsa
809 675 949 723 moliri,
979 675 1168 714 interdum
1192 687 1212 713 e
1239 673 1364 713 medio
1388 674 1540 723 tollere,
1569 687 1672 714 suai-

129 758 190 784 ma
221 741 390 798 nequitia
425 750 508 793 est,
553 750 592 782 et
623 744 810 783 confictae
850 743 896 782 ab
929 743 1158 782 detestando
1198 742 1262 782 illo
1295 742 1448 782 homine
1482 742 1674 782 narratio-

129 812 212 863 nis,
246 812 331 852 sive
363 810 490 866 potius
521 812 786 866 garrulitatis,
822 810 1098 851 inconstantia.

241 882 329 935 Age
353 894 470 930 ver0,
507 887 547 920 ut
566 880 612 920 de
637 887 774 920 natura
797 880 884 920 mali
912 880 1038 919 denno
1063 892 1283 918 sermonem
1310 878 1579 928 instituamus,
1615 879 1673 918 die
1697 880 1878 923 Cap.LtX.

128 950 244 990 sodes
269 949 317 989 mi
343 948 479 998 homo,
515 948 577 1002 qui
604 948 651 989 ab
677 948 881 988 Aureliani
915 947 1162 1002 imperatoris
1198 954 1371 1001 tempore
1401 947 1444 986 ad
1476 947 1547 987 hoc
1581 955 1675 986 tem-

128 1033 197 1074 pus
221 1017 385 1067 venisti,
433 1024 472 1056 et
499 1030 596 1070 quae
623 1016 766 1057 seculis
799 1016 977 1056 omnibus
1008 1015 1207 1056 anteriora
1233 1023 1323 1055 sunt
1354 1016 1551 1071 explicare
1585 1030 1675 1056 oon-

129 1086 276 1136 tendis,
311 1099 409 1140 quae
433 1099 504 1125 nee
528 1085 801 1140 prophetarum
834 1084 1002 1126 oraculis
1035 1098 1223 1140 expressa
1255 1091 1367 1134 sunt,
1401 1098 1527 1138 neque
1556 1099 1575 1124 a
1600 1085 1676 1124 sal-

130 1162 266 1195 vatore
291 1155 353 1194 vel
377 1154 564 1209 apostolis
591 1155 753 1206 tradita,
798 1154 870 1194 nisi
909 1156 1007 1194 forte
1040 1152 1307 1209 supposititios
1339 1154 1524 1207 quosdam
1558 1153 1676 1193 libros

132 1224 230 1264 falso
264 1230 486 1264 sanctorum
521 1224 676 1263 nomine
711 1223 920 1278 inscriptos
947 1223 1155 1274 obtrudas,
1190 1230 1303 1276 atque
1328 1223 1364 1262 in
1391 1222 1556 1262 medium
1591 1237 1678 1277 pro-

131 1294 261 1332 l'eras:
297 1292 363 1332 sed
392 1291 527 1331 amabo
550 1299 611 1342 te,
647 1293 746 1332 unde
774 1292 885 1332 nobis
909 1291 1108 1347 antiquum
1140 1291 1231 1332 illud
1257 1291 1344 1330 mali
1372 1290 1599 1345 principium
1623 1291 1679 1330 af-

133 1362 262 1402 l'eres?
311 1359 526 1400 Enimvero
549 1375 634 1400 eum
657 1374 677 1401 a
705 1360 815 1401 nobis
837 1360 1099 1414 iuterrogatus
1123 1361 1194 1410 sit,
1231 1367 1355 1400 utrum
1381 1360 1563 1399 mutabile
1589 1360 1680 1400 illud

131 1445 180 1471 an
207 1429 444 1470 immutabile
471 1430 750 1479 constitueret,
792 1429 1029 1469 immutabile
1055 1429 1100 1469 ab
1134 1443 1180 1468 eo
1215 1428 1302 1483 poni
1337 1427 1561 1478 didicimus,
1595 1429 1679 1468 sive

134 1498 261 1554 potius
288 1498 478 1538 interdum
504 1498 710 1547 mutabile,
745 1498 937 1538 interdum
967 1497 1203 1538 immutabile
1227 1498 1398 1548 deliniri,
1434 1499 1530 1538 adeo
1560 1504 1600 1537 ut
1631 1498 1677 1536 ad

134 1567 275 1608 malum
301 1567 451 1621 quidem
476 1566 615 1607 mutari
638 1580 713 1606 non
738 1566 882 1621 possit,
918 1567 962 1607 ad
988 1567 1129 1607 bonum
1159 1566 1302 1621 possit,
1349 1574 1390 1606 ut
1412 1580 1463 1607 ex
1495 1566 1678 1606 ambabus

133 1635 210 1677 illis
234 1635 521 1676 delinitionibus
544 1635 747 1675 ludibrium
777 1635 943 1676 humano
964 1635 1099 1690 generi
1124 1635 1277 1675 debeat.
1340 1633 1441 1675 Nam
1470 1635 1500 1675 si
1522 1634 1680 1674 infinitis

132 1705 276 1746 seculis
310 1704 557 1745 immutabilis
594 1704 738 1745 malitia
782 1704 870 1755 l'uit,
919 1704 1032 1758 ithue
1068 1718 1183 1744 unum
1229 1703 1458 1744 vocabulum
1497 1703 1678 1753 obtinuit,

132 1787 258 1828 neque
281 1773 483 1828 quiequam
519 1780 673 1828 praeter
704 1773 842 1813 malum
878 1772 1031 1822 habuit,
1074 1773 1159 1826 quis
1192 1771 1425 1812 immobilem
1458 1772 1560 1812 illam
1593 1772 1680 1812 mali

133 1849 309 1883 naturam
337 1849 443 1881 tanto
475 1842 681 1882 intervallo
708 1841 894 1891 mutavit,
931 1848 971 1881 ut
995 1856 1037 1883 se
1068 1842 1113 1881 ad
1139 1840 1267 1882 aliena
1300 1841 1576 1881 converteret?
1637 1839 1681 1881 Si

132 1911 168 1952 id
199 1925 246 1951 eo
275 1912 414 1951 sactum
445 1918 503 1951 est
535 1911 634 1965 quod
671 1911 836 1950 nondum
867 1911 1049 1965 praedata
1075 1910 1255 1950 virtutem
1281 1917 1409 1960 esset,
1455 1923 1580 1963 neque
1613 1908 1681 1949 bo-

133 1994 222 2020 num
249 1987 539 2034 expugnasset,
573 1987 639 2020 aut
666 1979 748 2020 eius
777 1987 1010 2019 armaturam
1035 1985 1281 2033 occupasset,
1317 1993 1389 2032 qua
1413 1992 1456 2018 se
1479 1978 1682 2018 confirma-

133 2057 192 2089 ret
225 2063 270 2089 ac
302 2056 504 2104 pasceret,
548 2055 662 2102 atque
696 2049 746 2088 ita
779 2056 834 2088 tot
867 2048 941 2088 illis
976 2048 1120 2089 seeulis
1154 2047 1280 2088 omnis
1306 2060 1450 2101 expers
1490 2047 1679 2098 alimenti,

135 2131 207 2158 nec
231 2132 327 2158 vero
349 2117 451 2157 illius
474 2117 653 2171 indigens
677 2117 914 2172 permansit,
949 2117 1033 2171 qnis
1055 2130 1138 2157 eam
1164 2123 1364 2165 naturam,
1400 2130 1499 2170 qnae
1521 2115 1680 2156 alimen-

136 2194 212 2226 tum
242 2186 430 2227 haetcnus
457 2185 613 2226 minime
638 2186 904 2236 desiderabat,
939 2187 983 2225 ad
1010 2186 1098 2226 illud
1125 2186 1403 2240 capessendum
1427 2184 1591 2239 impulit,
1624 2184 1680 2225 id·

136 2269 208 2310 que
246 2255 369 2310 ipsum
409 2254 683 2308 requirendum
721 2255 821 2309 quod
859 2269 935 2295 non
973 2261 1086 2295 antea
1117 2254 1338 2308 flagitabat?
1387 2254 1423 2294 id
1458 2254 1680 2294 desiderare

136 2324 300 2378 deniqne
331 2324 432 2379 quod
461 2337 700 2377 nequaquam
727 2330 841 2363 antea
865 2323 1185 2364 desideraverat?
1226 2322 1471 2363 Naturamne
1495 2322 1681 2363 mutavit?

135 2391 210 2434 Ubi
235 2391 352 2447 igitur
376 2392 438 2432 illa
466 2400 546 2442 est,
580 2406 692 2446 quam
716 2391 885 2443 asseris,
919 2391 1166 2432 immutabilis
1192 2391 1280 2431 mali
1311 2390 1508 2431 conditio?
1567 2389 1681 2445 Quod

136 2461 168 2501 si
200 2461 403 2515 pristinum
431 2460 535 2501 illum
569 2475 705 2501 rursus
732 2461 777 2501 ad
803 2467 943 2501 statum
969 2461 1126 2511 redeat,
1162 2467 1202 2501 ut
1228 2474 1301 2514 quo
1329 2466 1512 2500 vescatur
1543 2459 1683 2500 habeat

137 2528 252 2580 nihil,
286 2543 451 2584 quonam
474 2536 585 2584 paeto
611 2530 733 2570 malus
755 2529 834 2580 ille,
870 2537 1121 2584 posteaquam
1143 2529 1248 2568 vesei
1273 2528 1538 2579 consueverit,
1574 2529 1681 2569 dein-

137 2612 227 2654 ceps
253 2598 369 2638 vitam
393 2598 560 2639 tolerare
593 2599 676 2639 sine
702 2598 787 2638 cibo
813 2598 980 2653 poterit?
1040 2597 1195 2638 Etenim
1221 2597 1253 2636 si
1282 2611 1356 2650 quo
1383 2603 1555 2651 tempore
1585 2612 1681 2638 non-

139 2668 225 2707 dum
249 2667 343 2707 cibis
367 2674 599 2708 assueverat
623 2668 818 2708 sustinere
842 2667 1090 2708 nihilominus
1115 2681 1190 2706 non
1216 2666 1362 2720 potuit,
1397 2666 1463 2705 sed
1491 2667 1536 2706 ad
1564 2681 1682 2721 quae-

139 2735 298 2776 rendum
325 2735 502 2790 pabulum
528 2743 588 2776 est
611 2736 818 2791 impulsus,
852 2751 896 2777 ae
925 2736 1075 2776 demum
1104 2735 1308 2789 praedatus
1337 2733 1500 2774 animam
1534 2749 1580 2775 eo
1612 2750 1681 2790 pro

142 2803 227 2844 cibo
253 2803 396 2845 abusus
421 2811 506 2855 est,
550 2803 615 2844 ubi
648 2804 819 2845 ciborum
852 2804 1121 2845 eonsuetmlini
1148 2802 1377 2855 indulserit,
1412 2803 1531 2844 multo
1555 2804 1681 2844 minus

141 2871 322 2913 cohibere
345 2886 434 2914 sese
456 2872 612 2927 poterit,
640 2886 711 2913 nee
732 2873 806 2914 ulla
829 2874 980 2914 ratione
1006 2872 1039 2911 ei
1063 2871 1287 2926 persuaderi
1311 2871 1451 2924 poterit
1468 2879 1509 2913 ut
1530 2880 1682 2928 postea—

142 2953 254 2993 quam
283 2940 467 2994 ligurire,
510 2955 554 2982 ae
589 2941 662 2981 cibi
693 2942 922 2983 suavitatem
956 2939 1127 2995 experiri
1164 2940 1359 2994 coeperit,
1405 2941 1451 2981 ab
1489 2942 1555 2982 illo
1592 2956 1682 2983 sese

1321 3008 1410 3051 32*
