2030 3324
332 203 413 242 600
899 207 1061 241 SANCTI
1082 209 1309 241 EPIPHANJI

338 289 568 334 ἐπίσκοποι,
600 288 825 333 Σεκοῦνδος
847 284 1151 336 Πενταπόλεως,
1187 289 1344 335 Θεωνᾶς
1369 288 1510 339 Λίβυς,
1545 284 1707 336 Πιστός,
1739 284 1784 328 ὃν
1806 302 1873 327 κα-

337 355 520 406 τέστησαν
552 355 606 401 εἰς
629 351 922 408 Ἀλεξάνδρειαν
953 355 992 393 οί
1018 350 1220 407 Ἀρειανοί.

447 419 516 469 Ὡς
547 417 621 462 οὖν
646 420 747 462 οὕτω
778 426 1020 475 παρεκινεῖτο
1050 419 1096 460 τά
1121 418 1348 475 πράγματα,
1389 419 1640 476 Ἀλέξανδρος
1666 424 1874 462 Κωνσταν-

311 483 318 491 ⁰
337 492 427 546 τίνῳ
452 494 504 546 τῷ
530 491 680 542 βασιλεῖ
700 486 855 543 γράφει.
922 493 931 515 ¹
952 486 1002 528 ‘O
1028 488 1067 528 ὁὲ
1092 490 1307 542 μακαρίτης
1332 488 1511 541 βασιλεύς
1544 486 1877 543 συγκαλεσάμενος

338 556 405 599 ‘cdv
425 555 585 611 ’Ἀρειον
611 560 675 597 καί
703 573 808 604 τινας
833 554 1076 603 ἐπισκόπους
1100 554 1308 610 άνέκρινεν.
1365 554 1409 596 Ὁ
1430 557 1471 598 δὲ
1497 555 1590 605 τούς
1617 561 1635 585 2
1651 554 1878 609 συμμύστας

338 626 435 677 ἔχων
457 623 498 666 τὸ
523 625 593 678 μὲν
615 629 772 679 πρῶτον
797 622 948 677 ἠρνεῖτο
974 625 1028 671 εἰς
1053 621 1266 678 πρόςωπον
1291 628 1361 664 τοῦ
1382 625 1589 676 βασιλέως,
1626 629 1641 653 ³
1659 625 1810 666 ἔσωθεν
1835 623 1878 664 δὲ

338 691 528 747 εἰργάζετο
566 691 636 744 τήν
668 691 863 744 συσκευήν
894 696 963 744 τῆς
995 693 1210 743 ἐκκλησίας.
1268 688 1335 739 Ὡς
1359 686 1432 732 οὗν
1458 693 1734 733 συνεκαλέσατο
1760 689 1879 732 αὐτὸν

338 757 361 801 ὁ
385 759 578 814 μακάριος
603 764 920 811 Κωνσταντῖνος,
963 757 1015 806 ὥς
1049 759 1113 799 καὶ
1149 760 1191 800 ἐκ
1218 759 1362 812 μέρους
1395 758 1616 812 πνεύματος
1652 757 1767 814 ἁγίου
1800 760 1876 800 ἐνε-

338 826 535 880 πνεύσθη,
565 826 682 881 λόγον
708 826 816 884 αὐτῷ
837 827 1156 882 προςεφθέγξατο
1177 827 1296 880 λέγων
1315 827 1396 876 ὅτι,
1432 829 1679 869 Πεπίστευκα
1701 831 1755 883 τῷ
1777 829 1878 883 θεῷ,

340 897 375 937 εἰ
399 897 538 943 δολίως
563 897 658 948 ἔχεις
687 913 723 936 τι
744 895 1024 949 κεκρυμμένον,
1055 895 1119 935 καὶ
1144 893 1321 947 άρνῆσαι,
1353 893 1485 946 τάχιον
1512 892 1534 935 ὁ
1557 893 1716 936 πάντων
1739 892 1879 936 δεσπό-

339 980 406 1016 της
427 964 573 1018 ἐλέγξαι
597 978 637 1004 σε
661 965 749 1016 ἔχει,
780 962 943 1016 μάλιστα
964 961 1056 1003 καθ’
1075 956 1123 1003 οὗ
1149 960 1315 1014 ὤμοσας.
1363 961 1497 1004 ”Οθεν
1525 963 1591 1003 καὶ
1617 961 1812 1017 ἐφωράθη
1833 960 1880 1002 τά

340 1029 439 1073 αὐτά
474 1035 655 1086 φρονῶν,
695 1031 762 1072 καὶ
789 1032 842 1079 εἰς
872 1029 1087 1085 πρόςωπον
1121 1034 1190 1070 τοῦ
1226 1031 1413 1081 βασιλέως
1441 1029 1621 1085 ἠλέγχθη.
1685 1028 1811 1071 Πάλιν
1840 1029 1881 1071 δὲ

340 1097 527 1148 ὦςαύτως
561 1099 736 1152 ἠρνεῖτο,
782 1100 849 1139 καὶ
881 1099 1016 1139 πολλοὶ
1052 1095 1173 1138 αὐτοῦ
1207 1095 1493 1151 ὖπερασπισταὶ
1529 1096 1785 1152 ὕπερεδέοντο
1817 1095 1883 1138 διὰ

340 1165 542 1219 Εὕσεβίου
566 1171 635 1208 τοῦ
660 1168 939 1220 Νικομηδείας.
997 1164 1122 1217 Ὁμοῦ
1148 1165 1189 1205 ὁὲ
1215 1164 1313 1221 ζήλῳ
1340 1167 1529 1219 ἐπαρθεὶς
1558 1165 1580 1207 ὁ
1605 1164 1786 1218 βασιλεύς
1815 1166 1881 1207 καὶ

341 1233 548 1287 ἐπιστολὴν
578 1234 746 1289 μεγάλην
780 1234 984 1289 ἐγκύκλιον
1015 1233 1084 1289 ὅλῃ
1114 1237 1160 1289 τῇ
1185 1231 1376 1288 Ῥωμανία
1408 1234 1575 1287 γέγραφε
1610 1232 1708 1274 κατὰ
1731 1231 1882 1286 Ἀρείου

340 1304 409 1343 καὶ
439 1307 507 1355 τῆς
529 1300 652 1343 αὐτοῦ
675 1305 859 1350 πίστεως,
892 1300 1019 1352 πάσης
1042 1302 1185 1350 σοφίας
1205 1302 1401 1352 ἔμπλεων,
1433 1302 1499 1341 καὶ
1524 1299 1725 1353 ἀληθινῶν
1755 1299 1882 1355 ῥημά-

340 1387 432 1411 των·
467 1368 519 1418 ὥς
541 1372 606 1410 καὶ
632 1368 729 1421 αὕτη
757 1370 811 1417 εἰς
843 1370 897 1410 ἔτι
919 1371 1036 1422 δεῦρο
1061 1365 1168 1422 παρά
1194 1365 1422 1418 φιλοκάλοις
1444 1367 1622 1419 σώζεται,
1653 1369 1884 1423 περιέχουσα

339 1437 409 1490 τὴν
433 1436 577 1492 ἀρχὴν,
611 1441 908 1484 Κωνσταντῖνος
938 1434 1155 1489 Σεβαστός,
1188 1437 1406 1490 Μέγιστος,
1440 1436 1607 1493 4Ἀρείῳ
1638 1437 1705 1478 καὶ
1733 1435 1884 1490 Ἀρεια-

341 1511 434 1553 νοῖς.
478 1503 611 1552 Κακὸς
633 1503 823 1559 ἑρμηνεύς
845 1502 1072 1559 αὐτόχρημα
1092 1502 1208 1544 εἰκών
1229 1520 1268 1544 τε
1288 1505 1355 1544 καὶ
1389 1508 1406 1531 5
1423 1501 1583 1558 α’νὸριάς
1607 1505 1685 1545 ἐστι
1703 1509 1775 1546 τοῦ
1802 1506 1883 1546 δια-

340 1574 472 1626 βόλου.
536 1570 638 1613 Εἶτα
668 1570 757 1626 μεθ’
789 1574 917 1627 ἕτερα,
959 1573 1023 1613 καὶ
1049 1571 1142 1624 μετά
1175 1570 1217 1613 to*
1244 1570 1390 1624 πολλὴν
1417 1570 1517 1626 πρὸς
1540 1570 1662 1613 αὐτόν
1686 1573 1883 1614 ἐκθέσθαι

342 1642 384 1682 ἐκ
409 1643 530 1681 θείων
566 1643 707 1695 λογίων
737 1639 956 1695 ἀντιλογίαν
992 1641 1058 1681 καὶ
1091 1641 1187 1687 ἔπος
1220 1638 1297 1681 άπὸ
1323 1644 1392 1680 τοῦ
1423 1637 1598 1695 Ὁμήρου
1627 1638 1727 1693 πρὸς
1760 1638 1884 1681 αὐτὸν

343 1713 594 1761 σχετλιασμοῦ
617 1709 726 1750 ἕνεκα
751 1705 1056 1761 ἀποτεινόμενος
1084 1708 1301 1761 παρέθετο,
1334 1706 1430 1761 ὅπερ
1451 1709 1518 1749 καὶ
1545 1706 1642 1749 αὐτὸ
1669 1706 1883 1763 ἀναγκαῖον

342 1778 516 1817 ἐνταῦθα
537 1778 795 1831 παραθέσθαι
817 1774 1045 1831 ἡγησάμην,
1085 1776 1152 1816 καὶ
1183 1777 1306 1826 ἔστιν,
1339 1774 1431 1830 ’Ἀγε
1458 1774 1527 1829 δὴ,
1576 1774 1715 1830 ὃ’Ἁρες
1741 1774 1884 1830 ’Ἀρειε,

345 1842 557 1885 7ιτῖσπίὸων
585 1847 708 1898 χρεία·
750 1843 803 1897 μή
836 1861 876 1899 γε
907 1842 956 1885 σύ
988 1848 1104 1885 τοῦτο
1136 1842 1307 1901 ποιήσῃς
1338 1842 1579 1896 ἱκετεύομεν,
1623 1843 1808 1896 ἐπισχέτω
1839 1843 1883 1885 δέ

342 1926 383 1953 σε
412 1909 438 1964 ἡ
469 1916 564 1967 γοῦν
592 1910 828 1967 Ἀφροδίτης
859 1910 1000 1965 ὁμιλία.

180 2679 246 2706 pag.
261 2672 319 2697 735.

460 1981 712 2032 Βουλομένου
746 1983 876 2021 τοίνυν
903 1984 972 2021 τοῦ
1004 1978 1154 2034 Ἀρείου
1191 1980 1231 2021 ἐν
1263 1984 1310 2036 τῇ
1334 1977 1751 2021 Κωνσταντινουπόλει
1781 1977 1887 2032 ὁμοῦ

344 2053 611 2100 συναχθῆναι,
644 2046 841 2101 Εὕσεβίου
871 2047 1177 2102 ἀναγκάζοντος,
1218 2049 1285 2089 καὶ
1309 2046 1356 2088 τά
1387 2045 1530 2102 μεγάλα
1565 2045 1672 2103 παρα
1695 2048 1885 2100 βασιλέως

343 2114 542 2168 ἰσχύοντος
566 2116 632 2156 καὶ
655 2121 986 2169 παρενοχλοῦντος
1007 2120 1061 2173 τῷ
1082 2117 1122 2157 ἐν
1147 2114 1558 2157 Κωνσταντινουπόλει
1577 2113 1779 2172 ἐπισκόπῳ
1802 2113 1884 2156 κατ’

346 2185 471 2225 ἐκεῖνο
497 2187 660 2237 καιροῦ,
691 2183 876 2225 κάκείνου
900 2183 952 2237 μή
979 2185 1220 2237 βουλομένου
1244 2181 1322 2236 μετ’
1344 2181 1467 2225 αὑτοῦ
1493 2188 1757 2236 συναχθῆναι,
1789 2182 1884 2236 μήτε

344 2253 398 2299 εἰς
419 2254 629 2292 κοινωνίαν
653 2249 774 2293 αὐτοῦ
799 2253 946 2303 ἐλθεῖν,
977 2253 1043 2293 καὶ
1065 2252 1386 2306 βιοφορουμένου
1409 2252 1476 2292 καὶ
1498 2252 1721 2301 στένοντος,
1752 2255 1822 2292 τοῦ
1843 2251 1884 2292 δὲ

343 2317 543 2372 Εὐσεβιόυ
564 2320 760 2374 λέγοντος,
803 2320 858 2359 Εἰ
878 2318 931 2372 μή
953 2318 1085 2372 βούλει
1111 2321 1190 2376 ι’ὁίᾳ
1213 2323 1259 2376 τῇ
1284 2320 1525 2373 προαιρέσει,
1557 2324 1604 2377 τῇ
1626 2317 1764 2374 αὔριον
1789 2316 1882 2372 ἦμέ-

342 2404 414 2442 ρςι,
446 2391 640 2442 κυριακῆς
664 2386 990 2439 ἐπιφωσκούσης,
1035 2385 1107 2428 σύν
1140 2388 1225 2439 ἐμοὶ
1261 2388 1530 2437 εἰςελεύσεται,
1573 2388 1638 2428 καὶ
1662 2389 1698 2427 τί
1718 2385 1885 2427 δύνασαι

342 2459 522 2506 ποιῆσαις
552 2453 595 2495 ‘O
624 2455 665 2495 δὲ
687 2453 966 2507 εὐλαβέστατος
989 2456 1203 2502 ἐπίσκοπος
1225 2456 1293 2495 καὶ
1316 2453 1415 2496 θεὸν
1439 2453 1691 2507 φοβούμενος
1704 2453 1883 2503 Ἀλέξαν-

343 2524 458 2575 ὀρος,
492 2520 515 2563 ὅ
535 2526 603 2574 τῆς
627 2521 748 2575 αὐτῆς
775 2520 933 2577 άρίστης
958 2521 1107 2570 πόλεως
1139 2524 1353 2570 ἐπίσκοπος
1384 2520 1613 2576 (ὁμώνυμος
1636 2520 1708 2577 γάρ
1737 2516 1787 2575 ἦν
1816 2522 1883 2562 καὶ

343 2584 459 2637 οὗτος
480 2594 532 2646 τῷ
558 2591 597 2631 ἐν
619 2588 900 2647 Ἀλεξανδρείᾳ)
934 2588 982 2631 δι’
1015 2589 1106 2642 ὅλης
1137 2594 1206 2642 τῆς
1240 2587 1410 2644 ἡμέρας,
1455 2589 1591 2640 ἐξότου
1617 2589 1782 2643 ἤκουσε,
1815 2590 1880 2630 καὶ

342 2661 410 2709 τῆς
432 2656 592 2708 νυκτὸς,
625 2657 814 2708 στενάζων
839 2659 905 2699 καὶ
933 2656 1154 2712 στυγνάζων
1173 2658 1375 2698 διετέλεσεν
1401 2655 1631 2710 εὐχόμενος,
1665 2658 1731 2698 καὶ
1753 2673 1880 2710 παρα-

342 2729 471 2766 καλῶν
500 2725 568 2766 τὸν
594 2725 691 2767 θεὸν
722 2725 747 2779 ἢ
771 2724 893 2767 αὐτοῦ
924 2724 994 2778 τήν
1015 2723 1149 2777 ψυχὴν
1178 2727 1440 2779 παραλαβεῖν,
1482 2727 1549 2766 ’ἴνα
1572 2723 1624 2778 μή
1649 2729 1881 2781 συμμιανθῇ

342 2796 387 2848 τῇ
412 2797 479 2833 τοῦ
506 2791 656 2848 ’Λρείου
686 2796 893 2850 κοινωνίᾳ,
934 2792 960 2846 ἢ
992 2795 1154 2846 ποιῆσαί
1182 2810 1218 2834 τι
1241 2790 1482 2846 παράδοξον·
1527 2792 1621 2847 ὅπερ
1643 2793 1708 2834 καὶ
1732 2792 1879 2847 ἐγένετο

389 2916 464 2948 CAP.
487 2918 547 2948 IX.
574 2937 614 2941 —
659 2921 683 2950 1.
710 2916 728 2953 ὁ
747 2918 786 2953 δὲ
809 2918 997 2962 μακαρίτης
1019 2920 1084 2951 cod.
1135 2931 1201 2961 ριος
1224 2920 1290 2951 cod.
1313 2920 1439 2958 Rhediy.

340 2963 547 3001 len.eledili;
572 2962 609 2996 δὲ
621 2966 780 3003 particula
791 2967 821 2996 in
834 2967 880 2997 ed.
895 2967 1015 2996 petavii
1029 2966 1087 2996 Co·
1177 2967 1208 2995 2.
1248 2960 1417 3005 ’μμύστας
1441 2964 1505 2994 cod.
1533 2963 1662 3002 Rhediy.

339 3009 397 3038 lon.
422 3009 549 3046 repetita
571 3017 632 3040 non
661 3013 824 3049 comparet.
875 3007 892 3043 ὁ
916 3007 953 3042 δὲ
979 3007 1087 3051 μακά·
1179 3008 1209 3040 3.
1238 3007 1340 3041 ξ’ωἴεν
1366 3010 1431 3040 cod.
1454 3009 1582 3047 Rhediy.
