<?xml version="1.0" encoding="UTF-8"?>
<!DOCTYPE html PUBLIC "-//W3C//DTD XHTML 1.0 Transitional//EN"
    "http://www.w3.org/TR/xhtml1/DTD/xhtml1-transitional.dtd">
<html xmlns="http://www.w3.org/1999/xhtml" xml:lang="en" lang="en">
 <head>
  <title>
</title>
<meta http-equiv="Content-Type" content="text/html;charset=utf-8" />
  <meta name='ocr-system' content='tesseract 3.04.00' />
  <meta name='ocr-capabilities' content='ocr_page ocr_carea ocr_par ocr_line ocrx_word'/>
</head>
<body>
  <div class='ocr_page' id='page_1' title='image "./p2corporishaereseo02epipuoft/p2corporishaereseo02epipuoft_0077.png"; bbox 0 0 2035 3309; ppageno 0'>
   <div class='ocr_carea' id='block_1_1' title="bbox 589 153 1738 191">
    <p class='ocr_par' dir='ltr' id='par_1_1' title="bbox 589 153 1738 191">
     <span class='ocr_line' id='line_1_1' title="bbox 589 153 1738 191; baseline 0.004 -5"><span class='ocrx_word' id='word_1_1' title='bbox 589 156 766 187; x_wconf 75' lang='lat' dir='ltr'>PANARu</span> <span class='ocrx_word' id='word_1_2' title='bbox 793 156 874 188; x_wconf 76' lang='lat' dir='ltr'>Lm.</span> <span class='ocrx_word' id='word_1_3' title='bbox 898 157 937 187; x_wconf 85' lang='lat'>11.</span> <span class='ocrx_word' id='word_1_4' title='bbox 961 157 1065 189; x_wconf 81' lang='lat' dir='ltr'>ToM.</span> <span class='ocrx_word' id='word_1_5' title='bbox 1088 158 1113 188; x_wconf 89' lang='lat'>1.</span> <span class='ocrx_word' id='word_1_6' title='bbox 1139 157 1268 190; x_wconf 71' lang='lat' dir='ltr'>HAER.</span> <span class='ocrx_word' id='word_1_7' title='bbox 1291 159 1348 189; x_wconf 79' lang='lat' dir='ltr'>Li.</span> <span class='ocrx_word' id='word_1_8' title='bbox 1686 153 1738 191; x_wconf 85' lang='lat'>55</span> 
     </span>
    </p>
   </div>
   <div class='ocr_carea' id='block_1_2' title="bbox 177 234 1903 2550">
    <p class='ocr_par' dir='ltr' id='par_1_2' title="bbox 190 234 1738 633">
     <span class='ocr_line' id='line_1_2' title="bbox 195 234 1738 293; baseline 0.004 -21"><span class='ocrx_word' id='word_1_9' title='bbox 195 240 295 282; x_wconf 86' lang='lat' dir='ltr'>tam,</span> <span class='ocrx_word' id='word_1_10' title='bbox 338 247 551 287; x_wconf 86' lang='lat' dir='ltr'>repurgare</span> <span class='ocrx_word' id='word_1_11' title='bbox 583 234 725 288; x_wconf 87' lang='lat' dir='ltr'>lepram</span> <span class='ocrx_word' id='word_1_12' title='bbox 759 241 797 274; x_wconf 84' lang='lat' dir='ltr'>et</span> <span class='ocrx_word' id='word_1_13' title='bbox 823 235 979 275; x_wconf 80' lang='lat' dir='ltr'>morbos</span> <span class='ocrx_word' id='word_1_14' title='bbox 1004 236 1223 290; x_wconf 76' lang='lat' dir='ltr'><strong>depellere,</strong></span> <span class='ocrx_word' id='word_1_15' title='bbox 1264 238 1551 292; x_wconf 83' lang='lat' dir='ltr'>daemonesque</span> <span class='ocrx_word' id='word_1_16' title='bbox 1583 238 1738 293; x_wconf 87' lang='lat' dir='ltr'>propul-</span> 
     </span>
     <span class='ocr_line' id='line_1_3' title="bbox 192 301 1737 359; baseline 0.004 -19"><span class='ocrx_word' id='word_1_17' title='bbox 192 315 303 352; x_wconf 87' lang='lat' dir='ltr'>sare,</span> <span class='ocrx_word' id='word_1_18' title='bbox 350 315 397 340; x_wconf 88' lang='lat' dir='ltr'>ne</span> <span class='ocrx_word' id='word_1_19' title='bbox 429 301 590 341; x_wconf 88' lang='lat' dir='ltr'>dicendo</span> <span class='ocrx_word' id='word_1_20' title='bbox 626 302 748 342; x_wconf 89' lang='lat' dir='ltr'>sohnn</span> <span class='ocrx_word' id='word_1_21' title='bbox 781 304 1036 357; x_wconf 85' lang='lat' dir='ltr'>persuaderet</span> <span class='ocrx_word' id='word_1_22' title='bbox 1065 305 1327 356; x_wconf 74' lang='lat' dir='ltr'>auditoribus,</span> <span class='ocrx_word' id='word_1_23' title='bbox 1372 307 1438 345; x_wconf 88' lang='lat' dir='ltr'>sed</span> <span class='ocrx_word' id='word_1_24' title='bbox 1473 306 1737 359; x_wconf 75' lang='lat' dir='ltr'>evangelicam</span> 
     </span>
     <span class='ocr_line' id='line_1_4' title="bbox 192 369 1735 427; baseline 0.003 -18"><span class='ocrx_word' id='word_1_25' title='bbox 192 369 405 410; x_wconf 76' lang='lat' dir='ltr'>doctrinam</span> <span class='ocrx_word' id='word_1_26' title='bbox 432 369 540 410; x_wconf 78' lang='lat' dir='ltr'>factis</span> <span class='ocrx_word' id='word_1_27' title='bbox 565 369 678 410; x_wconf 88' lang='lat' dir='ltr'>etiam</span> <span class='ocrx_word' id='word_1_28' title='bbox 706 370 798 425; x_wconf 90' lang='lat' dir='ltr'>ipsis</span> <span class='ocrx_word' id='word_1_29' title='bbox 825 371 1088 426; x_wconf 77' lang='lat' dir='ltr'>praedicaret,</span> <span class='ocrx_word' id='word_1_30' title='bbox 1132 380 1244 426; x_wconf 83' lang='lat' dir='ltr'>atque</span> <span class='ocrx_word' id='word_1_31' title='bbox 1272 380 1311 412; x_wconf 86' lang='lat' dir='ltr'>et</span> <span class='ocrx_word' id='word_1_32' title='bbox 1335 373 1492 427; x_wconf 85' lang='lat' dir='ltr'>perditis</span> <span class='ocrx_word' id='word_1_33' title='bbox 1518 374 1735 415; x_wconf 88' lang='lat' dir='ltr'>hominibus</span> 
     </span>
     <span class='ocr_line' id='line_1_5' title="bbox 192 437 1736 494; baseline 0.004 -17"><span class='ocrx_word' id='word_1_34' title='bbox 192 437 387 478; x_wconf 85' lang='lat' dir='ltr'>nuntiaret</span> <span class='ocrx_word' id='word_1_35' title='bbox 409 452 522 492; x_wconf 87' lang='lat' dir='ltr'>posse</span> <span class='ocrx_word' id='word_1_36' title='bbox 547 437 634 478; x_wconf 80' lang='lat' dir='ltr'>illos</span> <span class='ocrx_word' id='word_1_37' title='bbox 659 440 891 493; x_wconf 84' lang='lat' dir='ltr'>poenitendo</span> <span class='ocrx_word' id='word_1_38' title='bbox 917 440 1164 494; x_wconf 85' lang='lat' dir='ltr'>recuperari,</span> <span class='ocrx_word' id='word_1_39' title='bbox 1212 447 1249 479; x_wconf 77' lang='lat' dir='ltr'>et</span> <span class='ocrx_word' id='word_1_40' title='bbox 1273 440 1319 479; x_wconf 81' lang='lat' dir='ltr'>iis</span> <span class='ocrx_word' id='word_1_41' title='bbox 1346 442 1407 494; x_wconf 88' lang='lat' dir='ltr'>qui</span> <span class='ocrx_word' id='word_1_42' title='bbox 1431 442 1652 482; x_wconf 75' lang='lat' dir='ltr'>ceciderant</span> <span class='ocrx_word' id='word_1_43' title='bbox 1675 457 1736 483; x_wconf 90' lang='lat' dir='ltr'>re-</span> 
     </span>
     <span class='ocr_line' id='line_1_6' title="bbox 190 507 1735 561; baseline 0.004 -16"><span class='ocrx_word' id='word_1_44' title='bbox 190 512 437 546; x_wconf 88' lang='lat' dir='ltr'>surrecturos</span> <span class='ocrx_word' id='word_1_45' title='bbox 462 520 504 546; x_wconf 90' lang='lat' dir='ltr'>se</span> <span class='ocrx_word' id='word_1_46' title='bbox 532 520 643 557; x_wconf 89' lang='lat' dir='ltr'>esse,</span> <span class='ocrx_word' id='word_1_47' title='bbox 679 514 716 546; x_wconf 85' lang='lat' dir='ltr'>ct</span> <span class='ocrx_word' id='word_1_48' title='bbox 741 507 802 561; x_wconf 91' lang='lat' dir='ltr'>qui</span> <span class='ocrx_word' id='word_1_49' title='bbox 831 508 969 547; x_wconf 87' lang='lat' dir='ltr'>mortui</span> <span class='ocrx_word' id='word_1_50' title='bbox 996 516 1150 558; x_wconf 82' lang='lat' dir='ltr'>essent,</span> <span class='ocrx_word' id='word_1_51' title='bbox 1184 508 1302 548; x_wconf 86' lang='lat' dir='ltr'>vitam</span> <span class='ocrx_word' id='word_1_52' title='bbox 1330 522 1416 548; x_wconf 87' lang='lat' dir='ltr'>esse</span> <span class='ocrx_word' id='word_1_53' title='bbox 1446 510 1571 550; x_wconf 90' lang='lat' dir='ltr'>denuo</span> <span class='ocrx_word' id='word_1_54' title='bbox 1598 525 1735 551; x_wconf 90' lang='lat' dir='ltr'>couse-</span> 
     </span>
     <span class='ocr_line' id='line_1_7' title="bbox 191 573 1735 633; baseline 0.004 -19"><span class='ocrx_word' id='word_1_55' title='bbox 191 582 365 615; x_wconf 88' lang='lat' dir='ltr'>cuturos.</span> <span class='ocrx_word' id='word_1_56' title='bbox 430 573 504 614; x_wconf 89' lang='lat' dir='ltr'>Hic</span> <span class='ocrx_word' id='word_1_57' title='bbox 525 575 643 628; x_wconf 81' lang='lat' dir='ltr'>igitur</span> <span class='ocrx_word' id='word_1_58' title='bbox 665 573 890 615; x_wconf 70' lang='lat' dir='ltr'>Matthaeus</span> <span class='ocrx_word' id='word_1_59' title='bbox 917 575 1107 615; x_wconf 77' lang='lat' dir='ltr'>Heliraica</span> <span class='ocrx_word' id='word_1_60' title='bbox 1135 576 1264 630; x_wconf 84' lang='lat' dir='ltr'>lingua</span> <span class='ocrx_word' id='word_1_61' title='bbox 1292 576 1449 631; x_wconf 76' lang='lat' dir='ltr'>scripsit</span> <span class='ocrx_word' id='word_1_62' title='bbox 1469 592 1513 617; x_wconf 89' lang='lat' dir='ltr'>ac</span> <span class='ocrx_word' id='word_1_63' title='bbox 1537 580 1735 633; x_wconf 87' lang='lat' dir='ltr'>praedica-</span> 
     </span>
    </p>

    <p class='ocr_par' dir='ltr' id='par_1_3' title="bbox 189 643 1903 835">
     <span class='ocr_line' id='line_1_8' title="bbox 189 643 1734 700; baseline 0.003 -17"><span class='ocrx_word' id='word_1_64' title='bbox 189 643 245 683; x_wconf 88' lang='lat' dir='ltr'>vit</span> <span class='ocrx_word' id='word_1_65' title='bbox 269 643 530 696; x_wconf 78' lang='lat' dir='ltr'>evangelium,</span> <span class='ocrx_word' id='word_1_66' title='bbox 566 657 636 683; x_wconf 89' lang='lat' dir='ltr'>nec</span> <span class='ocrx_word' id='word_1_67' title='bbox 661 643 706 683; x_wconf 92' lang='lat' dir='ltr'>ab</span> <span class='ocrx_word' id='word_1_68' title='bbox 729 645 812 684; x_wconf 78' lang='lat' dir='ltr'>eius</span> <span class='ocrx_word' id='word_1_69' title='bbox 837 643 945 682; x_wconf 86' lang='lat' dir='ltr'>initio</span> <span class='ocrx_word' id='word_1_70' title='bbox 968 644 1154 683; x_wconf 84' lang='lat' dir='ltr'>duntaxat</span> <span class='ocrx_word' id='word_1_71' title='bbox 1181 658 1348 684; x_wconf 79' lang='lat' dir='ltr'>exorsus</span> <span class='ocrx_word' id='word_1_72' title='bbox 1372 651 1447 696; x_wconf 88' lang='lat' dir='ltr'>est,</span> <span class='ocrx_word' id='word_1_73' title='bbox 1481 647 1547 686; x_wconf 83' lang='lat' dir='ltr'>sed</span> <span class='ocrx_word' id='word_1_74' title='bbox 1574 648 1734 700; x_wconf 87' lang='lat' dir='ltr'>primum</span> 
     </span>
     <span class='ocr_line' id='line_1_9' title="bbox 191 709 1903 767; baseline 0.002 -16"><span class='ocrx_word' id='word_1_75' title='bbox 191 709 335 752; x_wconf 85' lang='lat' dir='ltr'>Christi</span> <span class='ocrx_word' id='word_1_76' title='bbox 360 711 630 765; x_wconf 81' lang='lat' dir='ltr'>genealogiam</span> <span class='ocrx_word' id='word_1_77' title='bbox 651 712 697 752; x_wconf 93' lang='lat' dir='ltr'>ab</span> <span class='ocrx_word' id='word_1_78' title='bbox 719 712 914 751; x_wconf 84' lang='lat' dir='ltr'>Abraamo</span> <span class='ocrx_word' id='word_1_79' title='bbox 938 711 1150 765; x_wconf 76' lang='lat' dir='ltr'>pertexuit.</span> <span class='ocrx_word' id='word_1_80' title='bbox 1211 713 1395 759; x_wconf 68' lang='lat' dir='ltr'>Abraane,</span> <span class='ocrx_word' id='word_1_81' title='bbox 1431 712 1568 767; x_wconf 87' lang='lat' dir='ltr'>inquit,</span> <span class='ocrx_word' id='word_1_82' title='bbox 1599 720 1733 766; x_wconf 77' lang='lat' dir='ltr'>genuit</span> <span class='ocrx_word' id='word_1_83' title='bbox 1751 721 1859 749; x_wconf 71' lang='lat' dir='ltr'>Matth-</span> <span class='ocrx_word' id='word_1_84' title='bbox 1882 721 1903 748; x_wconf 87' lang='lat'>¹·</span> 
     </span>
     <span class='ocr_line' id='line_1_10' title="bbox 189 778 1730 835; baseline 0.003 -16"><span class='ocrx_word' id='word_1_85' title='bbox 189 783 317 827; x_wconf 84' lang='lat' dir='ltr'>Isaac,</span> <span class='ocrx_word' id='word_1_86' title='bbox 352 782 461 820; x_wconf 83' lang='lat' dir='ltr'>Isaac</span> <span class='ocrx_word' id='word_1_87' title='bbox 480 789 601 820; x_wconf 74' lang='lat' dir='ltr'>autem</span> <span class='ocrx_word' id='word_1_88' title='bbox 621 783 754 831; x_wconf 77' lang='lat' dir='ltr'>genuit</span> <span class='ocrx_word' id='word_1_89' title='bbox 776 780 887 819; x_wconf 80' lang='lat' dir='ltr'>Iacob</span> <span class='ocrx_word' id='word_1_90' title='bbox 909 787 979 818; x_wconf 84' lang='lat' dir='ltr'>cte.</span> <span class='ocrx_word' id='word_1_91' title='bbox 995 810 1005 827; x_wconf 90' lang='lat'>‚</span> <span class='ocrx_word' id='word_1_92' title='bbox 1043 793 1162 833; x_wconf 87' lang='lat' dir='ltr'>usque</span> <span class='ocrx_word' id='word_1_93' title='bbox 1187 781 1232 820; x_wconf 91' lang='lat' dir='ltr'>ad</span> <span class='ocrx_word' id='word_1_94' title='bbox 1257 778 1460 835; x_wconf 83' lang='lat' dir='ltr'>losephum</span> <span class='ocrx_word' id='word_1_95' title='bbox 1485 790 1523 821; x_wconf 87' lang='lat' dir='ltr'>et</span> <span class='ocrx_word' id='word_1_96' title='bbox 1548 781 1730 824; x_wconf 87' lang='lat' dir='ltr'>Mariam.</span> 
     </span>
    </p>

    <p class='ocr_par' dir='ltr' id='par_1_4' title="bbox 184 847 1738 1314">
     <span class='ocr_line' id='line_1_11' title="bbox 187 847 1738 902; baseline 0.001 -14"><span class='ocrx_word' id='word_1_97' title='bbox 187 847 240 888; x_wconf 81' lang='lat' dir='ltr'>Et</span> <span class='ocrx_word' id='word_1_98' title='bbox 268 848 358 888; x_wconf 82' lang='lat' dir='ltr'>illud</span> <span class='ocrx_word' id='word_1_99' title='bbox 390 848 540 902; x_wconf 87' lang='lat' dir='ltr'>quidem</span> <span class='ocrx_word' id='word_1_100' title='bbox 573 849 683 888; x_wconf 88' lang='lat' dir='ltr'>initio</span> <span class='ocrx_word' id='word_1_101' title='bbox 712 848 910 902; x_wconf 79' lang='lat' dir='ltr'>praefixit:</span> <span class='ocrx_word' id='word_1_102' title='bbox 955 849 1069 887; x_wconf 70' lang='lat' dir='ltr'>Liber</span> <span class='ocrx_word' id='word_1_103' title='bbox 1095 852 1352 899; x_wconf 75' lang='lat' dir='ltr'>generationis</span> <span class='ocrx_word' id='word_1_104' title='bbox 1381 853 1467 889; x_wconf 79' lang='lat' dir='ltr'>Iesu</span> <span class='ocrx_word' id='word_1_105' title='bbox 1495 853 1738 902; x_wconf 67' lang='lat' dir='ltr'>Chrisn‘filii</span> 
     </span>
     <span class='ocr_line' id='line_1_12' title="bbox 187 915 1735 972; baseline 0.001 -16"><span class='ocrx_word' id='word_1_106' title='bbox 187 920 320 956; x_wconf 73' lang='lat' dir='ltr'>David.</span> <span class='ocrx_word' id='word_1_107' title='bbox 384 917 505 956; x_wconf 88' lang='lat' dir='ltr'>Addit</span> <span class='ocrx_word' id='word_1_108' title='bbox 536 916 696 965; x_wconf 84' lang='lat' dir='ltr'>deinde,</span> <span class='ocrx_word' id='word_1_109' title='bbox 739 919 833 956; x_wconf 86' lang='lat' dir='ltr'>Filii</span> <span class='ocrx_word' id='word_1_110' title='bbox 859 917 1041 955; x_wconf 75' lang='lat' dir='ltr'>Abraam.</span> <span class='ocrx_word' id='word_1_111' title='bbox 1106 915 1207 956; x_wconf 82' lang='lat' dir='ltr'>Tum</span> <span class='ocrx_word' id='word_1_112' title='bbox 1240 918 1285 957; x_wconf 89' lang='lat' dir='ltr'>ad</span> <span class='ocrx_word' id='word_1_113' title='bbox 1321 918 1355 957; x_wconf 92' lang='lat' dir='ltr'>id</span> <span class='ocrx_word' id='word_1_114' title='bbox 1384 918 1482 972; x_wconf 88' lang='lat' dir='ltr'>quod</span> <span class='ocrx_word' id='word_1_115' title='bbox 1512 919 1735 959; x_wconf 79' lang='lat' dir='ltr'>instituerat</span> 
     </span>
     <span class='ocr_line' id='line_1_13' title="bbox 187 984 1733 1040; baseline 0.001 -15"><span class='ocrx_word' id='word_1_116' title='bbox 187 998 443 1040; x_wconf 86' lang='lat' dir='ltr'>progressus,</span> <span class='ocrx_word' id='word_1_117' title='bbox 480 988 641 1032; x_wconf 77' lang='lat' dir='ltr'>Christi,</span> <span class='ocrx_word' id='word_1_118' title='bbox 677 984 821 1038; x_wconf 90' lang='lat' dir='ltr'>inquit,</span> <span class='ocrx_word' id='word_1_119' title='bbox 852 988 1047 1036; x_wconf 76' lang='lat' dir='ltr'>generatio</span> <span class='ocrx_word' id='word_1_120' title='bbox 1069 988 1124 1023; x_wconf 83' lang='lat' dir='ltr'>sic</span> <span class='ocrx_word' id='word_1_121' title='bbox 1147 994 1250 1025; x_wconf 74' lang='lat' dir='ltr'>erat.-</span> <span class='ocrx_word' id='word_1_122' title='bbox 1286 989 1375 1025; x_wconf 76' lang='lat' dir='ltr'>Cam</span> <span class='ocrx_word' id='word_1_123' title='bbox 1398 994 1493 1025; x_wconf 84' lang='lat' dir='ltr'>esset</span> <span class='ocrx_word' id='word_1_124' title='bbox 1513 990 1733 1039; x_wconf 74' lang='lat' dir='ltr'>desponsata</span> 
     </span>
     <span class='ocr_line' id='line_1_14' title="bbox 186 1056 1732 1106; baseline 0.001 -13"><span class='ocrx_word' id='word_1_125' title='bbox 186 1062 304 1093; x_wconf 75' lang='lat' dir='ltr'>mater</span> <span class='ocrx_word' id='word_1_126' title='bbox 328 1057 445 1106; x_wconf 76' lang='lat' dir='ltr'>ipsias</span> <span class='ocrx_word' id='word_1_127' title='bbox 466 1056 595 1093; x_wconf 65' lang='lat' dir='ltr'>lilaria</span> <span class='ocrx_word' id='word_1_128' title='bbox 614 1056 744 1105; x_wconf 78' lang='lat' dir='ltr'>Ioseph</span> <span class='ocrx_word' id='word_1_129' title='bbox 757 1084 767 1101; x_wconf 88' lang='lat'>,</span> <span class='ocrx_word' id='word_1_130' title='bbox 805 1061 1000 1105; x_wconf 72' lang='lat' dir='ltr'>antequam</span> <span class='ocrx_word' id='word_1_131' title='bbox 1022 1057 1283 1102; x_wconf 76' lang='lat' dir='ltr'>convenirent,</span> <span class='ocrx_word' id='word_1_132' title='bbox 1320 1058 1468 1094; x_wconf 78' lang='lat' dir='ltr'>inventa</span> <span class='ocrx_word' id='word_1_133' title='bbox 1491 1064 1549 1094; x_wconf 82' lang='lat' dir='ltr'>esc</span> <span class='ocrx_word' id='word_1_134' title='bbox 1568 1059 1605 1094; x_wconf 85' lang='lat' dir='ltr'>in</span> <span class='ocrx_word' id='word_1_135' title='bbox 1628 1064 1732 1095; x_wconf 73' lang='lat' dir='ltr'>utero</span> 
     </span>
     <span class='ocr_line' id='line_1_15' title="bbox 185 1124 1733 1176; baseline 0.001 -14"><span class='ocrx_word' id='word_1_136' title='bbox 185 1124 324 1162; x_wconf 74' lang='lat' dir='ltr'>habens</span> <span class='ocrx_word' id='word_1_137' title='bbox 349 1125 393 1162; x_wconf 77' lang='lat' dir='ltr'>cle</span> <span class='ocrx_word' id='word_1_138' title='bbox 414 1125 552 1174; x_wconf 75' lang='lat' dir='ltr'>spiritu</span> <span class='ocrx_word' id='word_1_139' title='bbox 574 1130 717 1161; x_wconf 80' lang='lat' dir='ltr'>sancto.</span> <span class='ocrx_word' id='word_1_140' title='bbox 781 1124 911 1174; x_wconf 76' lang='lat' dir='ltr'>Ioseplc</span> <span class='ocrx_word' id='word_1_141' title='bbox 936 1130 1079 1170; x_wconf 74' lang='lat' dir='ltr'>antem,</span> <span class='ocrx_word' id='word_1_142' title='bbox 1126 1138 1206 1162; x_wconf 76' lang='lat' dir='ltr'>cnm</span> <span class='ocrx_word' id='word_1_143' title='bbox 1230 1131 1326 1162; x_wconf 81' lang='lat' dir='ltr'>esset</span> <span class='ocrx_word' id='word_1_144' title='bbox 1346 1127 1487 1172; x_wconf 70' lang='lat' dir='ltr'>instas,</span> <span class='ocrx_word' id='word_1_145' title='bbox 1532 1126 1733 1176; x_wconf 71' lang='lat' dir='ltr'>quaerebat</span> 
     </span>
     <span class='ocr_line' id='line_1_16' title="bbox 187 1192 1727 1243; baseline 0.002 -13"><span class='ocrx_word' id='word_1_146' title='bbox 187 1193 331 1230; x_wconf 75' lang='lat' dir='ltr'>occulte</span> <span class='ocrx_word' id='word_1_147' title='bbox 353 1193 539 1229; x_wconf 70' lang='lat' dir='ltr'>dimittere</span> <span class='ocrx_word' id='word_1_148' title='bbox 560 1193 677 1229; x_wconf 84' lang='lat' dir='ltr'>illam.</span> <span class='ocrx_word' id='word_1_149' title='bbox 742 1192 778 1229; x_wconf 89' lang='lat' dir='ltr'><em>E</em></span> <span class='ocrx_word' id='word_1_150' title='bbox 780 1198 796 1228; x_wconf 87' lang='lat' dir='ltr'>t</span> <span class='ocrx_word' id='word_1_151' title='bbox 812 1205 896 1229; x_wconf 79' lang='lat' dir='ltr'>eece</span> <span class='ocrx_word' id='word_1_152' title='bbox 915 1193 1073 1242; x_wconf 72' lang='lat' dir='ltr'>angelus</span> <span class='ocrx_word' id='word_1_153' title='bbox 1091 1194 1233 1230; x_wconf 73' lang='lat' dir='ltr'>domim·</span> <span class='ocrx_word' id='word_1_154' title='bbox 1248 1195 1426 1243; x_wconf 74' lang='lat' dir='ltr'>apparuit</span> <span class='ocrx_word' id='word_1_155' title='bbox 1442 1195 1504 1231; x_wconf 86' lang='lat' dir='ltr'>illi</span> <span class='ocrx_word' id='word_1_156' title='bbox 1520 1196 1557 1232; x_wconf 79' lang='lat' dir='ltr'>in</span> <span class='ocrx_word' id='word_1_157' title='bbox 1576 1197 1727 1242; x_wconf 80' lang='lat' dir='ltr'>somnis,</span> 
     </span>
     <span class='ocr_line' id='line_1_17' title="bbox 184 1261 1731 1314; baseline 0.002 -15"><span class='ocrx_word' id='word_1_158' title='bbox 184 1263 330 1307; x_wconf 83' lang='lat' dir='ltr'>dicens,</span> <span class='ocrx_word' id='word_1_159' title='bbox 365 1261 460 1298; x_wconf 76' lang='lat' dir='ltr'>Noli</span> <span class='ocrx_word' id='word_1_160' title='bbox 478 1261 663 1298; x_wconf 73' lang='lat' dir='ltr'>dimittere</span> <span class='ocrx_word' id='word_1_161' title='bbox 683 1262 876 1310; x_wconf 66' lang='lat' dir='ltr'>coniugem</span> <span class='ocrx_word' id='word_1_162' title='bbox 901 1267 1024 1307; x_wconf 49' lang='lat' dir='ltr'>tamm-</span> <span class='ocrx_word' id='word_1_163' title='bbox 1058 1263 1157 1312; x_wconf 80' lang='lat' dir='ltr'>qnod</span> <span class='ocrx_word' id='word_1_164' title='bbox 1174 1264 1268 1299; x_wconf 80' lang='lat' dir='ltr'>enim</span> <span class='ocrx_word' id='word_1_165' title='bbox 1290 1263 1327 1299; x_wconf 83' lang='lat' dir='ltr'>in</span> <span class='ocrx_word' id='word_1_166' title='bbox 1351 1264 1430 1312; x_wconf 76' lang='lat' dir='ltr'>ipsa</span> <span class='ocrx_word' id='word_1_167' title='bbox 1452 1269 1520 1309; x_wconf 88' lang='lat' dir='ltr'>est,</span> <span class='ocrx_word' id='word_1_168' title='bbox 1555 1264 1599 1301; x_wconf 83' lang='lat' dir='ltr'>de</span> <span class='ocrx_word' id='word_1_169' title='bbox 1619 1265 1731 1314; x_wconf 75' lang='lat' dir='ltr'>spiri-</span> 
     </span>
    </p>

    <p class='ocr_par' dir='ltr' id='par_1_5' title="bbox 185 1330 1724 1380">
     <span class='ocr_line' id='line_1_18' title="bbox 185 1330 1724 1380; baseline 0.002 -13"><span class='ocrx_word' id='word_1_170' title='bbox 185 1337 224 1367; x_wconf 77' lang='lat' dir='ltr'>tec</span> <span class='ocrx_word' id='word_1_171' title='bbox 255 1336 384 1367; x_wconf 83' lang='lat' dir='ltr'>sancto</span> <span class='ocrx_word' id='word_1_172' title='bbox 415 1335 483 1367; x_wconf 84' lang='lat' dir='ltr'>cst.</span> <span class='ocrx_word' id='word_1_173' title='bbox 548 1330 647 1367; x_wconf 83' lang='lat' dir='ltr'>Eece</span> <span class='ocrx_word' id='word_1_174' title='bbox 678 1330 771 1366; x_wconf 82' lang='lat' dir='ltr'>enim</span> <span class='ocrx_word' id='word_1_175' title='bbox 802 1331 930 1379; x_wconf 76' lang='lat' dir='ltr'>pariet</span> <span class='ocrx_word' id='word_1_176' title='bbox 944 1330 1074 1380; x_wconf 75' lang='lat' dir='ltr'>filium</span> <span class='ocrx_word' id='word_1_177' title='bbox 1100 1337 1138 1368; x_wconf 82' lang='lat' dir='ltr'>et</span> <span class='ocrx_word' id='word_1_178' title='bbox 1161 1330 1308 1368; x_wconf 78' lang='lat' dir='ltr'>vocabis</span> <span class='ocrx_word' id='word_1_179' title='bbox 1334 1344 1463 1368; x_wconf 78' lang='lat' dir='ltr'>nomen</span> <span class='ocrx_word' id='word_1_180' title='bbox 1489 1333 1568 1369; x_wconf 76' lang='lat' dir='ltr'>eius</span> <span class='ocrx_word' id='word_1_181' title='bbox 1591 1334 1724 1370; x_wconf 74' lang='lat' dir='ltr'>Iesum.</span> 
     </span>
    </p>

    <p class='ocr_par' dir='ltr' id='par_1_6' title="bbox 183 1397 1725 1452">
     <span class='ocr_line' id='line_1_19' title="bbox 183 1397 1725 1452; baseline 0.001 -16"><span class='ocrx_word' id='word_1_182' title='bbox 183 1400 254 1436; x_wconf 89' lang='lat' dir='ltr'>Hic</span> <span class='ocrx_word' id='word_1_183' title='bbox 280 1398 443 1436; x_wconf 75' lang='lat' dir='ltr'>salvabit</span> <span class='ocrx_word' id='word_1_184' title='bbox 464 1399 643 1448; x_wconf 72' lang='lat' dir='ltr'>populum</span> <span class='ocrx_word' id='word_1_185' title='bbox 673 1411 780 1434; x_wconf 76' lang='lat' dir='ltr'>setam</span> <span class='ocrx_word' id='word_1_186' title='bbox 810 1411 831 1434; x_wconf 91' lang='lat' dir='ltr'>a</span> <span class='ocrx_word' id='word_1_187' title='bbox 852 1400 1031 1448; x_wconf 80' lang='lat' dir='ltr'>peccatis.</span> <span class='ocrx_word' id='word_1_188' title='bbox 1095 1400 1151 1436; x_wconf 85' lang='lat' dir='ltr'>Et</span> <span class='ocrx_word' id='word_1_189' title='bbox 1167 1400 1258 1445; x_wconf 71' lang='lat' dir='ltr'>lzoc,</span> <span class='ocrx_word' id='word_1_190' title='bbox 1304 1397 1450 1452; x_wconf 88' lang='lat' dir='ltr'>inquit,</span> <span class='ocrx_word' id='word_1_191' title='bbox 1482 1400 1632 1451; x_wconf 76' lang='lat' dir='ltr'>factam</span> <span class='ocrx_word' id='word_1_192' title='bbox 1657 1408 1725 1447; x_wconf 84' lang='lat' dir='ltr'>est,</span> 
     </span>
    </p>

    <p class='ocr_par' dir='ltr' id='par_1_7' title="bbox 184 1467 1730 1518">
     <span class='ocr_line' id='line_1_20' title="bbox 184 1467 1730 1518; baseline 0.001 -13"><span class='ocrx_word' id='word_1_193' title='bbox 184 1474 227 1505; x_wconf 83' lang='lat' dir='ltr'>ut</span> <span class='ocrx_word' id='word_1_194' title='bbox 246 1467 483 1517; x_wconf 72' lang='lat' dir='ltr'>impleretur,</span> <span class='ocrx_word' id='word_1_195' title='bbox 519 1467 619 1517; x_wconf 75' lang='lat' dir='ltr'>quod</span> <span class='ocrx_word' id='word_1_196' title='bbox 640 1467 777 1504; x_wconf 78' lang='lat' dir='ltr'>dictum</span> <span class='ocrx_word' id='word_1_197' title='bbox 799 1473 855 1503; x_wconf 82' lang='lat' dir='ltr'>est</span> <span class='ocrx_word' id='word_1_198' title='bbox 871 1479 892 1503; x_wconf 81' lang='grc' dir='ltr'><em>α</em></span> <span class='ocrx_word' id='word_1_199' title='bbox 914 1468 1059 1504; x_wconf 84' lang='lat' dir='ltr'>domino</span> <span class='ocrx_word' id='word_1_200' title='bbox 1071 1481 1144 1517; x_wconf 76' lang='lat' dir='ltr'>per</span> <span class='ocrx_word' id='word_1_201' title='bbox 1156 1469 1376 1518; x_wconf 73' lang='lat' dir='ltr'>prophetam</span> <span class='ocrx_word' id='word_1_202' title='bbox 1397 1470 1597 1515; x_wconf 84' lang='lat' dir='ltr'>dicentem,</span> <span class='ocrx_word' id='word_1_203' title='bbox 1632 1471 1730 1507; x_wconf 83' lang='lat' dir='ltr'>Ecce</span> 
     </span>
    </p>

    <p class='ocr_par' dir='ltr' id='par_1_8' title="bbox 182 1536 1730 1656">
     <span class='ocr_line' id='line_1_21' title="bbox 185 1536 1730 1588; baseline 0.001 -14"><span class='ocrx_word' id='word_1_204' title='bbox 185 1537 291 1586; x_wconf 78' lang='lat' dir='ltr'>virgo</span> <span class='ocrx_word' id='word_1_205' title='bbox 321 1537 505 1586; x_wconf 71' lang='lat' dir='ltr'>concipiet</span> <span class='ocrx_word' id='word_1_206' title='bbox 531 1541 601 1572; x_wconf 86' lang='lat' dir='ltr'>etc.</span> <span class='ocrx_word' id='word_1_207' title='bbox 665 1536 890 1584; x_wconf 60' lang='lat' dir='ltr'>Emmgens</span> <span class='ocrx_word' id='word_1_208' title='bbox 920 1542 1041 1572; x_wconf 79' lang='lat' dir='ltr'>autem</span> <span class='ocrx_word' id='word_1_209' title='bbox 1069 1549 1091 1573; x_wconf 89' lang='lat' dir='ltr'>a</span> <span class='ocrx_word' id='word_1_210' title='bbox 1118 1549 1244 1573; x_wconf 85' lang='lat' dir='ltr'>somno</span> <span class='ocrx_word' id='word_1_211' title='bbox 1277 1538 1329 1573; x_wconf 81' lang='lat' dir='ltr'>ita</span> <span class='ocrx_word' id='word_1_212' title='bbox 1348 1537 1451 1588; x_wconf 84' lang='lat' dir='ltr'>fecit</span> <span class='ocrx_word' id='word_1_213' title='bbox 1470 1538 1614 1587; x_wconf 78' lang='lat' dir='ltr'>Ioseph.</span> <span class='ocrx_word' id='word_1_214' title='bbox 1678 1540 1730 1576; x_wconf 86' lang='lat' dir='ltr'>Et</span> 
     </span>
     <span class='ocr_line' id='line_1_22' title="bbox 182 1604 1727 1656; baseline 0.001 -14"><span class='ocrx_word' id='word_1_215' title='bbox 182 1606 328 1655; x_wconf 81' lang='lat' dir='ltr'>accepit</span> <span class='ocrx_word' id='word_1_216' title='bbox 356 1617 509 1641; x_wconf 66' lang='lat' dir='ltr'>uxorem</span> <span class='ocrx_word' id='word_1_217' title='bbox 540 1616 666 1649; x_wconf 76' lang='lat' dir='ltr'>setam,</span> <span class='ocrx_word' id='word_1_218' title='bbox 713 1609 749 1640; x_wconf 77' lang='lat' dir='ltr'>et</span> <span class='ocrx_word' id='word_1_219' title='bbox 778 1617 849 1641; x_wconf 86' lang='lat' dir='ltr'>non</span> <span class='ocrx_word' id='word_1_220' title='bbox 882 1604 1128 1654; x_wconf 79' lang='lat' dir='ltr'>cognoscebat</span> <span class='ocrx_word' id='word_1_221' title='bbox 1155 1618 1255 1651; x_wconf 85' lang='lat' dir='ltr'>eam,</span> <span class='ocrx_word' id='word_1_222' title='bbox 1301 1606 1416 1643; x_wconf 83' lang='lat' dir='ltr'>donec</span> <span class='ocrx_word' id='word_1_223' title='bbox 1436 1608 1586 1656; x_wconf 77' lang='lat' dir='ltr'>peperit</span> <span class='ocrx_word' id='word_1_224' title='bbox 1596 1607 1727 1655; x_wconf 75' lang='lat' dir='ltr'>filium</span> 
     </span>
    </p>

    <p class='ocr_par' dir='ltr' id='par_1_9' title="bbox 179 1670 1897 1862">
     <span class='ocr_line' id='line_1_23' title="bbox 182 1670 1897 1726; baseline 0.001 -15"><span class='ocrx_word' id='word_1_225' title='bbox 182 1687 288 1711; x_wconf 76' lang='lat' dir='ltr'>secum</span> <span class='ocrx_word' id='word_1_226' title='bbox 309 1674 616 1724; x_wconf 74' lang='lat' dir='ltr'>primogenitmn,</span> <span class='ocrx_word' id='word_1_227' title='bbox 646 1678 683 1709; x_wconf 87' lang='lat' dir='ltr'>et</span> <span class='ocrx_word' id='word_1_228' title='bbox 704 1674 850 1709; x_wconf 84' lang='lat' dir='ltr'>vocavit</span> <span class='ocrx_word' id='word_1_229' title='bbox 865 1686 994 1710; x_wconf 83' lang='lat' dir='ltr'>nomen</span> <span class='ocrx_word' id='word_1_230' title='bbox 1015 1675 1094 1710; x_wconf 76' lang='lat' dir='ltr'>eins</span> <span class='ocrx_word' id='word_1_231' title='bbox 1112 1675 1230 1711; x_wconf 71' lang='lat' dir='ltr'>Iesus.</span> <span class='ocrx_word' id='word_1_232' title='bbox 1281 1670 1417 1726; x_wconf 81' lang='lat' dir='ltr'>Pergit</span> <span class='ocrx_word' id='word_1_233' title='bbox 1438 1673 1599 1712; x_wconf 88' lang='lat' dir='ltr'>deinde:</span> <span class='ocrx_word' id='word_1_234' title='bbox 1637 1677 1725 1712; x_wconf 77' lang='lat' dir='ltr'>Cum</span> <span class='ocrx_word' id='word_1_235' title='bbox 1746 1685 1854 1713; x_wconf 80' lang='lat' dir='ltr'>Matth.</span> <span class='ocrx_word' id='word_1_236' title='bbox 1872 1687 1897 1714; x_wconf 80' lang='lat'>2.</span> 
     </span>
     <span class='ocr_line' id='line_1_24' title="bbox 179 1741 1727 1793; baseline -0.001 -13"><span class='ocrx_word' id='word_1_237' title='bbox 179 1749 290 1780; x_wconf 80' lang='lat' dir='ltr'>natus</span> <span class='ocrx_word' id='word_1_238' title='bbox 326 1748 422 1780; x_wconf 83' lang='lat' dir='ltr'>esset</span> <span class='ocrx_word' id='word_1_239' title='bbox 451 1743 556 1779; x_wconf 81' lang='lat' dir='ltr'>Iesus</span> <span class='ocrx_word' id='word_1_240' title='bbox 590 1742 627 1778; x_wconf 84' lang='lat' dir='ltr'>in</span> <span class='ocrx_word' id='word_1_241' title='bbox 652 1741 839 1778; x_wconf 75' lang='lat' dir='ltr'>Bethleem</span> <span class='ocrx_word' id='word_1_242' title='bbox 866 1742 1026 1779; x_wconf 71' lang='lat' dir='ltr'>Iudaeae</span> <span class='ocrx_word' id='word_1_243' title='bbox 1057 1743 1094 1779; x_wconf 78' lang='lat' dir='ltr'>in</span> <span class='ocrx_word' id='word_1_244' title='bbox 1127 1742 1256 1779; x_wconf 70' lang='lat' dir='ltr'>diebus</span> <span class='ocrx_word' id='word_1_245' title='bbox 1284 1743 1445 1780; x_wconf 70' lang='lat' dir='ltr'>Herodis</span> <span class='ocrx_word' id='word_1_246' title='bbox 1476 1744 1599 1793; x_wconf 75' lang='lat' dir='ltr'>regis,</span> <span class='ocrx_word' id='word_1_247' title='bbox 1644 1757 1727 1781; x_wconf 72' lang='lat' dir='ltr'>ecce¹</span> 
     </span>
     <span class='ocr_line' id='line_1_25' title="bbox 179 1810 1730 1862; baseline 0.001 -14"><span class='ocrx_word' id='word_1_248' title='bbox 179 1812 292 1861; x_wconf 78' lang='lat' dir='ltr'>Magi</span> <span class='ocrx_word' id='word_1_249' title='bbox 313 1811 360 1848; x_wconf 85' lang='lat' dir='ltr'>ab</span> <span class='ocrx_word' id='word_1_250' title='bbox 385 1812 527 1848; x_wconf 73' lang='lat' dir='ltr'>oriente</span> <span class='ocrx_word' id='word_1_251' title='bbox 547 1816 729 1847; x_wconf 70' lang='lat' dir='ltr'>venerunt</span> <span class='ocrx_word' id='word_1_252' title='bbox 747 1810 1041 1859; x_wconf 74' lang='lat' dir='ltr'>Hierosolymam</span> <span class='ocrx_word' id='word_1_253' title='bbox 1062 1811 1224 1848; x_wconf 85' lang='lat' dir='ltr'>dicentes</span> <span class='ocrx_word' id='word_1_254' title='bbox 1235 1839 1246 1856; x_wconf 89' lang='lat'>,</span> <span class='ocrx_word' id='word_1_255' title='bbox 1288 1810 1359 1848; x_wconf 81' lang='lat' dir='ltr'>Ubi</span> <span class='ocrx_word' id='word_1_256' title='bbox 1377 1817 1433 1848; x_wconf 81' lang='lat' dir='ltr'>est</span> <span class='ocrx_word' id='word_1_257' title='bbox 1456 1813 1524 1862; x_wconf 78' lang='lat' dir='ltr'>qui</span> <span class='ocrx_word' id='word_1_258' title='bbox 1543 1819 1654 1849; x_wconf 74' lang='lat' dir='ltr'>natus</span> <span class='ocrx_word' id='word_1_259' title='bbox 1673 1819 1730 1849; x_wconf 86' lang='lat' dir='ltr'>est</span> 
     </span>
    </p>

    <p class='ocr_par' dir='ltr' id='par_1_10' title="bbox 178 1879 1726 1926">
     <span class='ocr_line' id='line_1_26' title="bbox 178 1879 1726 1926; baseline -0.001 -9"><span class='ocrx_word' id='word_1_260' title='bbox 178 1893 249 1917; x_wconf 65' lang='lat' dir='ltr'>nez</span> <span class='ocrx_word' id='word_1_261' title='bbox 268 1880 491 1917; x_wconf 71' lang='lat' dir='ltr'>Iudaeorum</span> <span class='ocrx_word' id='word_1_262' title='bbox 504 1883 523 1917; x_wconf 70' lang='grc' dir='ltr'><em>Ρ</em></span> <span class='ocrx_word' id='word_1_263' title='bbox 583 1880 748 1916; x_wconf 77' lang='lat' dir='ltr'>Vidimus</span> <span class='ocrx_word' id='word_1_264' title='bbox 770 1880 864 1916; x_wconf 85' lang='lat' dir='ltr'>enim</span> <span class='ocrx_word' id='word_1_265' title='bbox 885 1879 1029 1916; x_wconf 86' lang='lat' dir='ltr'>stellam</span> <span class='ocrx_word' id='word_1_266' title='bbox 1051 1880 1130 1916; x_wconf 80' lang='lat' dir='ltr'>eius</span> <span class='ocrx_word' id='word_1_267' title='bbox 1147 1880 1185 1916; x_wconf 83' lang='lat' dir='ltr'>in</span> <span class='ocrx_word' id='word_1_268' title='bbox 1205 1881 1360 1926; x_wconf 67' lang='lat' dir='ltr'>oriente,</span> <span class='ocrx_word' id='word_1_269' title='bbox 1395 1886 1432 1918; x_wconf 86' lang='lat' dir='ltr'>et</span> <span class='ocrx_word' id='word_1_270' title='bbox 1451 1881 1614 1917; x_wconf 76' lang='lat' dir='ltr'>venimus</span> <span class='ocrx_word' id='word_1_271' title='bbox 1637 1882 1726 1918; x_wconf 75' lang='lat' dir='ltr'>ado-</span> 
     </span>
    </p>

    <p class='ocr_par' dir='ltr' id='par_1_11' title="bbox 177 1944 1860 2140">
     <span class='ocr_line' id='line_1_27' title="bbox 177 1944 1860 2001; baseline 0.002 -15"><span class='ocrx_word' id='word_1_272' title='bbox 177 1961 266 1986; x_wconf 81' lang='lat' dir='ltr'>rare</span> <span class='ocrx_word' id='word_1_273' title='bbox 291 1962 385 1986; x_wconf 82' lang='lat' dir='ltr'>eum.</span> <span class='ocrx_word' id='word_1_274' title='bbox 449 1945 523 1988; x_wconf 91' lang='lat' dir='ltr'>Ubi</span> <span class='ocrx_word' id='word_1_275' title='bbox 549 1946 668 2001; x_wconf 87' lang='lat' dir='ltr'>igitur</span> <span class='ocrx_word' id='word_1_276' title='bbox 700 1953 759 1985; x_wconf 90' lang='lat' dir='ltr'>est</span> <span class='ocrx_word' id='word_1_277' title='bbox 790 1944 1006 1985; x_wconf 85' lang='lat' dir='ltr'>Zachariae</span> <span class='ocrx_word' id='word_1_278' title='bbox 1038 1946 1102 1985; x_wconf 84' lang='lat' dir='ltr'>itta</span> <span class='ocrx_word' id='word_1_279' title='bbox 1134 1947 1258 1987; x_wconf 88' lang='lat' dir='ltr'>omnis</span> <span class='ocrx_word' id='word_1_280' title='bbox 1287 1946 1475 1986; x_wconf 85' lang='lat' dir='ltr'>historia?</span> <span class='ocrx_word' id='word_1_281' title='bbox 1534 1946 1606 1988; x_wconf 87' lang='lat' dir='ltr'>Ubi</span> <span class='ocrx_word' id='word_1_282' title='bbox 1635 1956 1724 1988; x_wconf 89' lang='lat' dir='ltr'>sunt</span> <span class='ocrx_word' id='word_1_283' title='bbox 1743 1962 1813 1990; x_wconf 78' lang='lat' dir='ltr'>Luc.</span> <span class='ocrx_word' id='word_1_284' title='bbox 1838 1965 1860 1990; x_wconf 84' lang='lat'>1.</span> 
     </span>
     <span class='ocr_line' id='line_1_28' title="bbox 179 2012 1725 2070; baseline 0.001 -15"><span class='ocrx_word' id='word_1_285' title='bbox 179 2029 277 2070; x_wconf 84' lang='lat' dir='ltr'>quae</span> <span class='ocrx_word' id='word_1_286' title='bbox 309 2030 330 2055; x_wconf 88' lang='lat' dir='ltr'>a</span> <span class='ocrx_word' id='word_1_287' title='bbox 353 2013 462 2055; x_wconf 89' lang='lat' dir='ltr'>Luca</span> <span class='ocrx_word' id='word_1_288' title='bbox 488 2015 723 2056; x_wconf 81' lang='lat' dir='ltr'>narrantur?</span> <span class='ocrx_word' id='word_1_289' title='bbox 782 2012 854 2054; x_wconf 91' lang='lat' dir='ltr'>Ubi</span> <span class='ocrx_word' id='word_1_290' title='bbox 880 2012 1004 2053; x_wconf 89' lang='lat' dir='ltr'>visum</span> <span class='ocrx_word' id='word_1_291' title='bbox 1031 2014 1120 2054; x_wconf 80' lang='lat' dir='ltr'>illud</span> <span class='ocrx_word' id='word_1_292' title='bbox 1150 2015 1306 2069; x_wconf 82' lang='lat' dir='ltr'>angeli?</span> <span class='ocrx_word' id='word_1_293' title='bbox 1365 2013 1439 2056; x_wconf 92' lang='lat' dir='ltr'>Ubi</span> <span class='ocrx_word' id='word_1_294' title='bbox 1466 2014 1622 2056; x_wconf 90' lang='lat' dir='ltr'>Ioannis</span> <span class='ocrx_word' id='word_1_295' title='bbox 1647 2015 1725 2057; x_wconf 87' lang='lat' dir='ltr'>Ba-</span> 
     </span>
     <span class='ocr_line' id='line_1_29' title="bbox 179 2080 1725 2140; baseline 0.001 -17"><span class='ocrx_word' id='word_1_296' title='bbox 179 2084 318 2138; x_wconf 87' lang='lat' dir='ltr'>ptistae</span> <span class='ocrx_word' id='word_1_297' title='bbox 343 2084 571 2139; x_wconf 84' lang='lat' dir='ltr'>prophetia?</span> <span class='ocrx_word' id='word_1_298' title='bbox 630 2082 704 2124; x_wconf 92' lang='lat' dir='ltr'>Ubi</span> <span class='ocrx_word' id='word_1_299' title='bbox 726 2082 940 2137; x_wconf 82' lang='lat' dir='ltr'>increpatio</span> <span class='ocrx_word' id='word_1_300' title='bbox 965 2080 1200 2134; x_wconf 82' lang='lat' dir='ltr'>Zachariae,</span> <span class='ocrx_word' id='word_1_301' title='bbox 1236 2090 1275 2123; x_wconf 89' lang='lat' dir='ltr'>ut</span> <span class='ocrx_word' id='word_1_302' title='bbox 1299 2083 1400 2138; x_wconf 90' lang='lat' dir='ltr'>loqui</span> <span class='ocrx_word' id='word_1_303' title='bbox 1425 2091 1514 2124; x_wconf 86' lang='lat' dir='ltr'>ante</span> <span class='ocrx_word' id='word_1_304' title='bbox 1537 2099 1611 2125; x_wconf 90' lang='lat' dir='ltr'>non</span> <span class='ocrx_word' id='word_1_305' title='bbox 1638 2100 1725 2140; x_wconf 91' lang='lat' dir='ltr'>pos-</span> 
     </span>
    </p>

    <p class='ocr_par' dir='ltr' id='par_1_12' title="bbox 178 2150 1725 2208">
     <span class='ocr_line' id='line_1_30' title="bbox 178 2150 1725 2208; baseline 0 -15"><span class='ocrx_word' id='word_1_306' title='bbox 178 2160 238 2193; x_wconf 90' lang='lat' dir='ltr'>set</span> <span class='ocrx_word' id='word_1_307' title='bbox 270 2166 381 2206; x_wconf 81' lang='lat' dir='ltr'>quam</span> <span class='ocrx_word' id='word_1_308' title='bbox 415 2154 585 2208; x_wconf 83' lang='lat' dir='ltr'>perfecta</span> <span class='ocrx_word' id='word_1_309' title='bbox 619 2158 752 2192; x_wconf 86' lang='lat' dir='ltr'>essent</span> <span class='ocrx_word' id='word_1_310' title='bbox 780 2150 908 2191; x_wconf 89' lang='lat' dir='ltr'>omnia</span> <span class='ocrx_word' id='word_1_311' title='bbox 938 2165 1035 2204; x_wconf 86' lang='lat' dir='ltr'>quae</span> <span class='ocrx_word' id='word_1_312' title='bbox 1068 2151 1114 2191; x_wconf 92' lang='lat' dir='ltr'>ab</span> <span class='ocrx_word' id='word_1_313' title='bbox 1142 2152 1279 2205; x_wconf 80' lang='lat' dir='ltr'>angeio</span> <span class='ocrx_word' id='word_1_314' title='bbox 1315 2159 1426 2192; x_wconf 88' lang='lat' dir='ltr'>erant</span> <span class='ocrx_word' id='word_1_315' title='bbox 1451 2152 1590 2193; x_wconf 83' lang='lat' dir='ltr'>allata?</span> <span class='ocrx_word' id='word_1_316' title='bbox 1649 2151 1725 2194; x_wconf 91' lang='lat' dir='ltr'>Ubi</span> 
     </span>
    </p>

    <p class='ocr_par' dir='ltr' id='par_1_13' title="bbox 177 2218 1876 2550">
     <span class='ocr_line' id='line_1_31' title="bbox 177 2218 1723 2276; baseline 0 -14"><span class='ocrx_word' id='word_1_317' title='bbox 177 2228 267 2262; x_wconf 84' lang='lat' dir='ltr'>sunt</span> <span class='ocrx_word' id='word_1_318' title='bbox 290 2235 386 2275; x_wconf 90' lang='lat' dir='ltr'>quae</span> <span class='ocrx_word' id='word_1_319' title='bbox 413 2221 575 2276; x_wconf 87' lang='lat' dir='ltr'>angelus</span> <span class='ocrx_word' id='word_1_320' title='bbox 599 2219 753 2261; x_wconf 88' lang='lat' dir='ltr'>Mariae</span> <span class='ocrx_word' id='word_1_321' title='bbox 779 2220 930 2260; x_wconf 88' lang='lat' dir='ltr'>locutus</span> <span class='ocrx_word' id='word_1_322' title='bbox 956 2220 1042 2259; x_wconf 88' lang='lat' dir='ltr'>est?</span> <span class='ocrx_word' id='word_1_323' title='bbox 1103 2218 1174 2261; x_wconf 90' lang='lat' dir='ltr'>Ubi</span> <span class='ocrx_word' id='word_1_324' title='bbox 1202 2221 1329 2260; x_wconf 87' lang='lat' dir='ltr'>cantio</span> <span class='ocrx_word' id='word_1_325' title='bbox 1357 2221 1421 2261; x_wconf 81' lang='lat' dir='ltr'>illa</span> <span class='ocrx_word' id='word_1_326' title='bbox 1453 2235 1497 2261; x_wconf 86' lang='lat' dir='ltr'>ac</span> <span class='ocrx_word' id='word_1_327' title='bbox 1522 2222 1723 2275; x_wconf 85' lang='lat' dir='ltr'>prudentia</span> 
     </span>
     <span class='ocr_line' id='line_1_32' title="bbox 179 2286 1722 2343; baseline 0.002 -14"><span class='ocrx_word' id='word_1_328' title='bbox 179 2304 290 2343; x_wconf 87' lang='lat' dir='ltr'>quam</span> <span class='ocrx_word' id='word_1_329' title='bbox 313 2304 383 2330; x_wconf 92' lang='lat' dir='ltr'>suo</span> <span class='ocrx_word' id='word_1_330' title='bbox 407 2291 472 2330; x_wconf 85' lang='lat' dir='ltr'>illo</span> <span class='ocrx_word' id='word_1_331' title='bbox 493 2291 537 2330; x_wconf 89' lang='lat' dir='ltr'>ad</span> <span class='ocrx_word' id='word_1_332' title='bbox 561 2289 737 2343; x_wconf 83' lang='lat' dir='ltr'>angelum</span> <span class='ocrx_word' id='word_1_333' title='bbox 762 2302 951 2342; x_wconf 88' lang='lat' dir='ltr'>responso</span> <span class='ocrx_word' id='word_1_334' title='bbox 971 2286 1099 2328; x_wconf 86' lang='lat' dir='ltr'>Maria</span> <span class='ocrx_word' id='word_1_335' title='bbox 1124 2302 1216 2343; x_wconf 87' lang='lat' dir='ltr'>prae</span> <span class='ocrx_word' id='word_1_336' title='bbox 1240 2303 1282 2329; x_wconf 89' lang='lat' dir='ltr'>se</span> <span class='ocrx_word' id='word_1_337' title='bbox 1306 2289 1404 2340; x_wconf 85' lang='lat' dir='ltr'>tulit,</span> <span class='ocrx_word' id='word_1_338' title='bbox 1440 2304 1523 2329; x_wconf 90' lang='lat' dir='ltr'>cum</span> <span class='ocrx_word' id='word_1_339' title='bbox 1547 2290 1597 2329; x_wconf 85' lang='lat' dir='ltr'>ita</span> <span class='ocrx_word' id='word_1_340' title='bbox 1619 2291 1722 2332; x_wconf 82' lang='lat' dir='ltr'>iilum</span> 
     </span>
     <span class='ocr_line' id='line_1_33' title="bbox 178 2358 1876 2412; baseline 0.002 -13"><span class='ocrx_word' id='word_1_341' title='bbox 178 2358 457 2412; x_wconf 80' lang='lat' dir='ltr'>interrogavit:</span> <span class='ocrx_word' id='word_1_342' title='bbox 505 2361 690 2409; x_wconf 76' lang='lat' dir='ltr'>Quomodo</span> <span class='ocrx_word' id='word_1_343' title='bbox 703 2359 783 2409; x_wconf 79' lang='lat' dir='ltr'>fiet</span> <span class='ocrx_word' id='word_1_344' title='bbox 802 2359 899 2396; x_wconf 79' lang='lat' dir='ltr'>z&#39;llml</span> <span class='ocrx_word' id='word_1_345' title='bbox 906 2389 916 2405; x_wconf 85' lang='lat'>,</span> <span class='ocrx_word' id='word_1_346' title='bbox 962 2361 1133 2409; x_wconf 75' lang='lat' dir='ltr'>quoniam</span> <span class='ocrx_word' id='word_1_347' title='bbox 1160 2361 1278 2397; x_wconf 74' lang='lat' dir='ltr'>viram</span> <span class='ocrx_word' id='word_1_348' title='bbox 1304 2374 1375 2397; x_wconf 85' lang='lat' dir='ltr'>non</span> <span class='ocrx_word' id='word_1_349' title='bbox 1400 2365 1612 2409; x_wconf 75' lang='lat' dir='ltr'>cognosco?</span> <span class='ocrx_word' id='word_1_350' title='bbox 1654 2369 1721 2401; x_wconf 80' lang='lat' dir='ltr'>aut</span> <span class='ocrx_word' id='word_1_351' title='bbox 1741 2373 1876 2407; x_wconf 80' lang='lat' dir='ltr'>td.1,26.</span> 
     </span>
     <span class='ocr_line' id='line_1_34' title="bbox 178 2426 1716 2481; baseline 0.001 -14"><span class='ocrx_word' id='word_1_352' title='bbox 178 2427 332 2467; x_wconf 86' lang='lat' dir='ltr'>sincera</span> <span class='ocrx_word' id='word_1_353' title='bbox 365 2427 429 2467; x_wconf 83' lang='lat' dir='ltr'>illa</span> <span class='ocrx_word' id='word_1_354' title='bbox 465 2427 593 2481; x_wconf 86' lang='lat' dir='ltr'>angeli</span> <span class='ocrx_word' id='word_1_355' title='bbox 626 2433 882 2480; x_wconf 81' lang='lat' dir='ltr'>accurataque</span> <span class='ocrx_word' id='word_1_356' title='bbox 917 2426 972 2466; x_wconf 89' lang='lat' dir='ltr'>rei</span> <span class='ocrx_word' id='word_1_357' title='bbox 1006 2426 1201 2480; x_wconf 81' lang='lat' dir='ltr'>gerendae</span> <span class='ocrx_word' id='word_1_358' title='bbox 1236 2426 1478 2481; x_wconf 87' lang='lat' dir='ltr'>propositio?</span> <span class='ocrx_word' id='word_1_359' title='bbox 1536 2431 1716 2480; x_wconf 75' lang='lat' dir='ltr'>Spiritus,</span> 
     </span>
     <span class='ocr_line' id='line_1_35' title="bbox 178 2495 1714 2550; baseline 0 -14"><span class='ocrx_word' id='word_1_360' title='bbox 178 2495 323 2550; x_wconf 82' lang='lat' dir='ltr'>inquit,</span> <span class='ocrx_word' id='word_1_361' title='bbox 363 2504 516 2535; x_wconf 77' lang='lat' dir='ltr'>sanctas</span> <span class='ocrx_word' id='word_1_362' title='bbox 540 2498 773 2548; x_wconf 73' lang='lat' dir='ltr'>superveniet</span> <span class='ocrx_word' id='word_1_363' title='bbox 803 2498 839 2534; x_wconf 83' lang='lat' dir='ltr'>in</span> <span class='ocrx_word' id='word_1_364' title='bbox 871 2502 924 2543; x_wconf 83' lang='lat' dir='ltr'>le,</span> <span class='ocrx_word' id='word_1_365' title='bbox 969 2503 1007 2533; x_wconf 88' lang='lat' dir='ltr'>et</span> <span class='ocrx_word' id='word_1_366' title='bbox 1032 2498 1150 2534; x_wconf 48' lang='lat' dir='ltr'>virtus</span> <span class='ocrx_word' id='word_1_367' title='bbox 1175 2497 1352 2534; x_wconf 67' lang='lat' dir='ltr'>altissimi</span> <span class='ocrx_word' id='word_1_368' title='bbox 1373 2497 1605 2536; x_wconf 74' lang='lat' dir='ltr'>obuntblabit</span> <span class='ocrx_word' id='word_1_369' title='bbox 1636 2500 1714 2537; x_wconf 81' lang='lat' dir='ltr'>tibi.</span> 
     </span>
    </p>
   </div>
   <div class='ocr_carea' id='block_1_3' title="bbox 178 2700 1897 2964">
    <p class='ocr_par' dir='ltr' id='par_1_14' title="bbox 178 2700 1897 2964">
     <span class='ocr_line' id='line_1_36' title="bbox 292 2700 1897 2758; baseline 0.004 -17"><span class='ocrx_word' id='word_1_370' title='bbox 292 2700 458 2756; x_wconf 84' lang='lat' dir='ltr'>Quinam</span> <span class='ocrx_word' id='word_1_371' title='bbox 483 2715 577 2756; x_wconf 84' lang='lat' dir='ltr'>ergo</span> <span class='ocrx_word' id='word_1_372' title='bbox 602 2702 741 2742; x_wconf 76' lang='lat' dir='ltr'>sactum</span> <span class='ocrx_word' id='word_1_373' title='bbox 767 2701 984 2757; x_wconf 86' lang='lat' dir='ltr'>putabimus</span> <span class='ocrx_word' id='word_1_374' title='bbox 1006 2709 1046 2742; x_wconf 92' lang='lat' dir='ltr'>nt</span> <span class='ocrx_word' id='word_1_375' title='bbox 1067 2715 1163 2755; x_wconf 86' lang='lat' dir='ltr'>quae</span> <span class='ocrx_word' id='word_1_376' title='bbox 1185 2700 1315 2741; x_wconf 85' lang='lat' dir='ltr'>Lucas</span> <span class='ocrx_word' id='word_1_377' title='bbox 1337 2702 1540 2756; x_wconf 79' lang='lat' dir='ltr'>exposuit,</span> <span class='ocrx_word' id='word_1_378' title='bbox 1575 2717 1619 2743; x_wconf 87' lang='lat' dir='ltr'>ea</span> <span class='ocrx_word' id='word_1_379' title='bbox 1640 2705 1717 2744; x_wconf 90' lang='lat' dir='ltr'>sint</span> <span class='ocrx_word' id='word_1_380' title='bbox 1744 2715 1820 2758; x_wconf 79' lang='lat' dir='ltr'>Cap.</span> <span class='ocrx_word' id='word_1_381' title='bbox 1844 2717 1897 2747; x_wconf 78' lang='lat' dir='ltr'>VJ.</span> 
     </span>
     <span class='ocr_line' id='line_1_37' title="bbox 178 2769 1718 2825; baseline 0.001 -15"><span class='ocrx_word' id='word_1_382' title='bbox 178 2785 200 2810; x_wconf 92' lang='lat' dir='ltr'>a</span> <span class='ocrx_word' id='word_1_383' title='bbox 227 2769 428 2810; x_wconf 87' lang='lat' dir='ltr'>Matthaeo</span> <span class='ocrx_word' id='word_1_384' title='bbox 456 2770 757 2825; x_wconf 82' lang='lat' dir='ltr'>praetermissa?</span> <span class='ocrx_word' id='word_1_385' title='bbox 815 2769 920 2811; x_wconf 90' lang='lat' dir='ltr'>Num</span> <span class='ocrx_word' id='word_1_386' title='bbox 946 2769 1186 2811; x_wconf 84' lang='lat' dir='ltr'>Matthaeum</span> <span class='ocrx_word' id='word_1_387' title='bbox 1221 2769 1266 2809; x_wconf 90' lang='lat' dir='ltr'>ab</span> <span class='ocrx_word' id='word_1_388' title='bbox 1302 2771 1357 2810; x_wconf 90' lang='lat' dir='ltr'>rei</span> <span class='ocrx_word' id='word_1_389' title='bbox 1385 2771 1548 2811; x_wconf 82' lang='lat' dir='ltr'>veritate</span> <span class='ocrx_word' id='word_1_390' title='bbox 1573 2772 1718 2812; x_wconf 78' lang='lat' dir='ltr'>discre-</span> 
     </span>
     <span class='ocr_line' id='line_1_38' title="bbox 179 2838 1716 2894; baseline 0.001 -15"><span class='ocrx_word' id='word_1_391' title='bbox 179 2853 272 2893; x_wconf 88' lang='lat' dir='ltr'>pare</span> <span class='ocrx_word' id='word_1_392' title='bbox 296 2840 537 2880; x_wconf 85' lang='lat' dir='ltr'>statuemus?</span> <span class='ocrx_word' id='word_1_393' title='bbox 597 2838 661 2879; x_wconf 92' lang='lat' dir='ltr'>An</span> <span class='ocrx_word' id='word_1_394' title='bbox 689 2846 824 2880; x_wconf 87' lang='lat' dir='ltr'>contra</span> <span class='ocrx_word' id='word_1_395' title='bbox 850 2840 888 2880; x_wconf 90' lang='lat' dir='ltr'>in</span> <span class='ocrx_word' id='word_1_396' title='bbox 914 2840 1046 2894; x_wconf 84' lang='lat' dir='ltr'>primis</span> <span class='ocrx_word' id='word_1_397' title='bbox 1069 2839 1143 2878; x_wconf 74' lang='lat' dir='ltr'>iltis</span> <span class='ocrx_word' id='word_1_398' title='bbox 1168 2838 1282 2878; x_wconf 90' lang='lat' dir='ltr'>rebus</span> <span class='ocrx_word' id='word_1_399' title='bbox 1307 2839 1451 2893; x_wconf 82' lang='lat' dir='ltr'>gestis,</span> <span class='ocrx_word' id='word_1_400' title='bbox 1494 2855 1588 2892; x_wconf 85' lang='lat' dir='ltr'>quas</span> <span class='ocrx_word' id='word_1_401' title='bbox 1613 2839 1716 2881; x_wconf 86' lang='lat' dir='ltr'>Mat-</span> 
     </span>
     <span class='ocr_line' id='line_1_39' title="bbox 180 2906 1715 2964; baseline 0.001 -17"><span class='ocrx_word' id='word_1_402' title='bbox 180 2907 313 2948; x_wconf 88' lang='lat' dir='ltr'>thaeus</span> <span class='ocrx_word' id='word_1_403' title='bbox 339 2908 580 2963; x_wconf 87' lang='lat' dir='ltr'>perscripsit,</span> <span class='ocrx_word' id='word_1_404' title='bbox 608 2906 758 2948; x_wconf 88' lang='lat' dir='ltr'>Lucam</span> <span class='ocrx_word' id='word_1_405' title='bbox 778 2909 899 2964; x_wconf 90' lang='lat' dir='ltr'>ipsum</span> <span class='ocrx_word' id='word_1_406' title='bbox 923 2908 1076 2948; x_wconf 89' lang='lat' dir='ltr'>minime</span> <span class='ocrx_word' id='word_1_407' title='bbox 1098 2920 1191 2947; x_wconf 88' lang='lat' dir='ltr'>vera</span> <span class='ocrx_word' id='word_1_408' title='bbox 1215 2909 1424 2949; x_wconf 83' lang='lat' dir='ltr'>narrasse?</span> <span class='ocrx_word' id='word_1_409' title='bbox 1473 2908 1617 2950; x_wconf 80' lang='lat' dir='ltr'>Nonne</span> <span class='ocrx_word' id='word_1_410' title='bbox 1637 2909 1715 2949; x_wconf 90' lang='lat' dir='ltr'>sin-</span> 
     </span>
    </p>
   </div>
   <div class='ocr_carea' id='block_1_4' title="bbox 223 2996 692 3043">
    <p class='ocr_par' dir='ltr' id='par_1_15' title="bbox 223 2996 692 3043">
     <span class='ocr_line' id='line_1_40' title="bbox 223 2996 692 3043; baseline 0.002 -13"><span class='ocrx_word' id='word_1_411' title='bbox 223 2996 254 3030; x_wconf 83' lang='lat'>9.</span> <span class='ocrx_word' id='word_1_412' title='bbox 281 2997 481 3043; x_wconf 74' lang='grc' dir='ltr'>συναγγελίᾳ</span> <span class='ocrx_word' id='word_1_413' title='bbox 504 3000 570 3031; x_wconf 84' lang='lat' dir='ltr'>cod.</span> <span class='ocrx_word' id='word_1_414' title='bbox 594 3000 692 3031; x_wconf 79' lang='lat' dir='ltr'>Venet.</span> 
     </span>
    </p>
   </div>
  </div>
 </body>
</html>
