2066 3319
505 215 686 247 PANARH
709 215 790 246 Lm.
811 215 851 246 n.
875 215 983 247 TOM.
1006 215 1045 248 Π.
1070 214 1202 246 HAER.
1218 213 1340 245 vai.
1609 202 1690 240 463

147 309 304 348 porcos,
339 302 377 334 et
395 298 513 334 irruit
530 310 631 346 ἕνω-
647 309 846 346 porc-orum
867 310 939 346 pet·
958 297 1218 346 praect‘ln'limn
1244 297 1280 332 in
1305 307 1406 331 mare
1437 299 1472 330 et
1497 293 1692 343 perierunt

152 367 189 403 in
221 366 341 416 aqzn‘s.

266 428 301 472 Ο
329 431 565 484 singularem
590 430 649 470 dei
674 430 973 483 benignitatem!
1021 445 1133 484 quam
1163 430 1261 469 bene
1288 429 1526 468 mendacium
1560 428 1691 467 redar-
1754 430 1831 481 Cup-
1859 476 1868 481 v

150 500 255 554 guit,
289 513 333 540 ao
358 498 485 539 servis
518 499 598 539 suis
633 506 707 538 tam
742 499 853 538 l'autis
880 514 991 552 quam
1019 499 1148 538 verbis
1174 505 1212 536 rt
1243 497 1279 536 in
1311 497 1412 535 omni
1447 495 1692 536 administra·
1714 476 1879 507 XXXU'

152 568 256 608 tione
283 567 602 622 providentiaque
630 582 699 607 sua
729 566 929 606 veritatem
960 566 1220 606 demonstrat!
1289 563 1372 603 lloe
1405 564 1504 603 enim
1538 578 1579 603 re
1612 564 1693 618 ipsa

151 635 400 689 significavit,
435 650 511 675 non
540 636 700 675 eandem
726 635 891 675 animam
917 636 953 675 in
978 634 1212 683 hominibus,
1246 647 1289 671 ae
1313 632 1537 686 pecudibus,
1572 639 1609 671 et
1633 646 1693 671 re-

152 703 266 757 liquis
290 703 550 744 animantibus
575 703 720 743 inesse.
785 702 887 743 Nam
917 703 947 742 si
981 703 1112 743 eadem
1148 702 1184 741 in
1211 701 1284 741 illis
1316 702 1416 739 l'orct
1441 700 1589 749 anima,
1625 714 1694 739 eur

153 772 214 826 qui
238 786 353 812 unum
382 786 595 826 repurgare
621 772 753 821 vellet,
788 778 853 811 aut
878 784 989 811 unam
1018 783 1178 810 servare
1204 768 1371 823 correpti
1396 782 1416 807 a
1443 768 1693 808 daemonibus

153 840 319 880 hominis
357 840 547 890 animam,
592 840 740 880 duobus
777 840 990 880 animarum
1031 837 1197 877 millibus
1238 851 1313 876 non
1355 836 1553 891 pepercit?
1613 833 1696 876 Cur

152 923 269 949 unum
295 908 506 958 hominem,
541 908 625 948 sive
651 922 763 948 unam
785 907 951 947 animam
978 907 1030 946 ita
1056 912 1263 960 perpurgat
1290 912 1329 944 ut
1353 904 1390 944 in
1417 905 1489 945 alia
1514 918 1692 958 corpora,

153 977 215 1018 vel
245 977 394 1017 animas
427 977 638 1017 daemones
669 976 818 1029 ingredi
853 974 1070 1030 permittat!
1133 972 1330 1027 Numquid
1362 973 1458 1013 lueis
1491 972 1695 1011 manifesta

111 1043 114 1047 ’
153 1052 242 1085 sunt
262 1048 406 1100 opera?
438 1059 514 1084 non
537 1045 621 1084 luce
643 1044 766 1099 palam
790 1057 886 1098 quae
905 1042 982 1083 illie
1004 1049 1212 1082 narrantur
1234 1043 1404 1096 perl'eeta
1425 1042 1540 1081 sunt?
1568 1054 1694 1079 nonne

153 1112 287 1154 hilaris
313 1126 357 1152 ac
381 1113 581 1168 splendida
608 1113 785 1152 veritatis
810 1120 870 1152 est
895 1111 1040 1151 facies?
1073 1124 1202 1151 nonne
1226 1111 1339 1165 plana
1365 1116 1455 1150 sunt
1476 1108 1695 1162 intelligen-

152 1181 254 1222 tibus
281 1182 433 1232 omnia,
468 1189 651 1235 rectaque
676 1181 723 1221 iis
750 1180 812 1234 qui
845 1180 1044 1220 seientiam
1075 1179 1319 1234 repererint?
1380 1176 1478 1231 Quis
1506 1177 1600 1217 liaeo
1631 1191 1696 1216 au-

155 1249 264 1290 diens
289 1257 328 1290 et
353 1250 451 1305 apud
481 1264 523 1290 se
550 1249 793 1305 perpendens
819 1263 894 1289 non
921 1247 1079 1289 Manem
1104 1248 1209 1288 illum
1240 1246 1522 1301 reprehendat,
1557 1245 1618 1299 qui
1651 1259 1695 1285 ea

155 1333 252 1373 quae
275 1319 431 1359 minime
455 1325 610 1374 oportet
630 1325 808 1367 consuat,
844 1332 918 1371 quo
943 1317 1137 1357 bominum
1160 1323 1310 1356 mentes
1333 1329 1354 1355 a
1377 1314 1542 1354 veritate
1567 1314 1696 1353 detor—

154 1388 298 1441 queat?
358 1387 411 1427 At
443 1387 544 1427 enim
583 1393 749 1441 pergunt
781 1386 932 1426 nefarii.
997 1385 1139 1425 Audivi
1178 1384 1279 1425 enim
1316 1383 1506 1437 quendam
1539 1396 1590 1422 ex
1620 1381 1695 1422 illis

155 1455 227 1496 hoo
255 1456 368 1496 modo
392 1455 666 1510 disputantem.
730 1453 807 1508 Qui
839 1468 924 1494 eum
952 1453 1049 1493 banc
1074 1468 1095 1494 a
1124 1453 1235 1493 nobis
1262 1450 1600 1492 ratiocinationem
1634 1464 1697 1489 ae-

155 1523 348 1579 cepisset,
391 1537 606 1564 conversus
641 1523 677 1563 in
713 1536 802 1562 sese
836 1522 994 1577 pecudis
1025 1521 1140 1561 homo
1172 1520 1310 1561 similis
1346 1520 1519 1573 cogitare
1553 1518 1694 1573 eoepit,

156 1592 291 1647 ecquid
327 1593 516 1633 adversus
548 1592 717 1632 divinam
750 1590 852 1631 illam
880 1591 1082 1630 veritatem
1110 1596 1244 1644 posset
1277 1588 1463 1629 obiicere.
1528 1585 1696 1626 Proinde

157 1675 300 1702 vanum
324 1674 368 1701 ae
393 1661 595 1700 ridiculum
627 1659 803 1714 quiddam
828 1672 1027 1713 opponens
1054 1659 1255 1699 mendacio
1288 1657 1490 1697 veritatem
1517 1662 1696 1696 evertere

155 1743 198 1770 se
230 1743 344 1784 posse
369 1729 602 1770 crediderat.
668 1726 735 1769 Sic
760 1727 877 1781 igitur
899 1727 1122 1767 asserebat:
1157 1726 1288 1767 utilem
1318 1724 1444 1779 porcis
1468 1732 1629 1764 mortem
1655 1723 1697 1763 il·

155 1797 231 1838 lam
268 1798 403 1838 fuisse.
468 1794 526 1836 lta
554 1796 654 1837 enim
684 1811 706 1836 a
730 1795 958 1850 corporibus
989 1795 1174 1835 liberatae
1207 1808 1252 1834 ae
1284 1800 1464 1834 servatae
1493 1799 1583 1833 sunt
1614 1791 1697 1831 ani-

155 1879 258 1907 mae.
308 1863 387 1907 Sed
415 1865 630 1906 istiusmodi
657 1865 852 1905 bominum
879 1863 940 1918 qui
964 1863 1057 1903 nihil
1081 1863 1215 1903 vident
1241 1869 1279 1903 et
1303 1868 1432 1902 mente
1460 1859 1567 1900 caeci
1591 1866 1695 1910 sunt,

154 1947 281 1989 neque
319 1933 407 1988 quid
441 1934 570 1974 dicant
603 1934 736 1974 audire
770 1933 926 1987 ipsimet
957 1932 1159 1982 videntur,
1202 1930 1367 1985 insignis
1401 1936 1461 1970 est
1497 1929 1695 1969 vecordia.

154 2001 257 2044 Nam
284 2003 316 2043 si
338 2002 505 2043 liberare
528 2016 547 2043 a
573 2002 801 2056 corporibus
826 2002 974 2042 animas
996 2001 1167 2041 salutare
1193 2013 1281 2040 esse
1309 2005 1431 2054 putat,
1465 1998 1579 2051 longe
1605 2011 1697 2037 oon-

156 2071 294 2112 sultius
320 2071 494 2112 salvator
520 2070 689 2124 egisset,
724 2071 756 2110 si
788 2076 1008 2124 correptum
1033 2084 1054 2109 a
1079 2067 1331 2109 daemonibus
1366 2066 1559 2107 hominem
1593 2066 1697 2106 able-

156 2147 311 2195 gasset,
346 2147 386 2180 ut
411 2139 458 2180 ab
485 2138 650 2179 hominis
679 2152 843 2193 corpore
871 2138 1034 2179 liberata
1063 2138 1215 2178 tandem
1249 2136 1374 2177 anima
1404 2134 1567 2175 salutem
1599 2134 1696 2174 obti-

157 2216 283 2250 neret.
346 2207 453 2262 Ergo
483 2208 632 2248 animas
666 2207 777 2259 illas,
812 2220 909 2262 quae
938 2207 975 2246 in
1008 2207 1136 2260 porcis
1170 2206 1346 2255 inerant,
1381 2204 1500 2260 pluris
1531 2203 1696 2243 bominis

157 2277 285 2318 anima
319 2277 499 2317 faciebat.
563 2274 646 2317 Cur
680 2276 781 2316 enim
818 2290 893 2316 non
932 2282 971 2315 et
1003 2275 1194 2315 hominem
1232 2274 1270 2315 in
1304 2288 1411 2314 mare
1446 2286 1531 2313 cum
1568 2271 1696 2326 porcis

159 2346 415 2401 praecipitare
447 2352 485 2384 et
511 2345 687 2398 extingui
716 2358 852 2398 passus
880 2350 961 2394 est,
995 2358 1069 2398 quo
1104 2344 1309 2385 universas
1341 2342 1489 2383 animas
1520 2347 1595 2381 tam
1629 2340 1696 2380 llo-

158 2414 272 2454 minis
294 2414 445 2454 seilicet
467 2428 577 2467 quam
600 2427 821 2468 porcorum,
849 2419 1076 2467 repurgaret
1097 2426 1140 2452 ae
1165 2412 1370 2452 servaret?
1411 2408 1555 2450 Verum
1581 2409 1694 2463 longe

158 2483 271 2523 aliter
303 2481 403 2522 istud
436 2481 702 2536 intelligimus.
765 2479 962 2535 Siquidem
989 2479 1185 2521 Lazarum
1221 2495 1240 2520 e
1269 2484 1518 2519 monumento
1550 2478 1694 2531 quatri-

159 2552 324 2592 duanum
357 2558 519 2602 evocat,
555 2557 670 2604 atque
702 2550 870 2600 excitat,
904 2557 943 2590 et
968 2549 1004 2589 in
1035 2550 1216 2589 mundum
1251 2548 1421 2596 reducit3
1464 2560 1534 2586 nec
1566 2546 1694 2600 utique

159 2618 248 2660 mali
276 2619 479 2673 quicquam
515 2633 561 2659 eo
597 2619 696 2658 facto
730 2617 939 2658 conciliare
974 2618 1117 2668 voluit,
1151 2624 1216 2657 aut
1246 2616 1451 2656 absurdum
1486 2615 1520 2655 ei
1553 2615 1692 2668 aliquid

158 2687 406 2744 ineptumque
440 2689 584 2728 facere.
646 2688 811 2726 Amabat
841 2689 935 2726 enim
964 2689 1176 2732 Lazarum,
1211 2685 1263 2725 ait
1294 2684 1502 2738 scriptura.
1564 2682 1689 2737 Quem
1704 2691 1898 2728 toann.11‚3ti.

161 2813 230 2851 he„
268 2815 341 2845 ibid.
365 2811 418 2845 59.
442 2812 610 2856 νομίζουσι
634 2831 653 2835 -
674 2831 692 2835 —-
719 2810 765 2855 μὴ
794 2808 859 2855 ἄρα
882 2831 901 2836 -
993 2811 1023 2843 (3.
1053 2813 1190 2848 Intelleqe
1216 2808 1263 2847 εἰς
1286 2807 1347 2850 τήν
1373 2807 1556 2842 ξάλασσαν.
1603 2811 1695 2841 Peta-

163 2857 298 2900 εἴρηται.
949 2860 1018 2889 vius
1039 2858 1257 2895 suspicabatur
1282 2852 1481 2888 ἀποκτεῖναι.

206 2908 236 2935 4.
262 2906 324 2936 Hoc
347 2907 478 2936 alterum
500 2902 635 2947 ἐνόμισε
663 2906 783 2936 uncinis
807 2906 904 2936 inclu-
996 2902 1026 2934 Τ.
1052 2901 1108 2934 καὶ
1143 2897 1314 2942 ἅνῖρωτῑον
1349 2898 1433 2942 μετὰ
1469 2900 1587 2944 χοίρων
1625 2902 1693 2932 cod.

162 2950 200 2980 sit
225 2950 381 2982 Petamus.
954 2948 1079 2986 lthediy.

209 2996 239 3026 ὁ.
264 2994 367 3037 φησὶ,
402 2992 486 3029 ἀλλὰ
518 2994 605 3038 φησὶ
635 2993 804 3039 διενήνοχε
839 2996 905 3027 cod.
996 2996 1025 3025 ὅ.
1056 2991 1211 3029 Vidimus,
1236 2993 1330 3023 intell.
1354 2990 1434 3024 fieri.
1481 2994 1625 3032 Alioquin
1648 2993 1695 3022 ‹11-

162 3041 290 3079 Rhedig.
953 3039 1083 3070 cendum
1105 3038 1212 3077 suisset
1235 3037 1381 3079 οἴδαμεν.
