2066 3319
549 214 728 247 PANARII
753 215 834 246 LIR.
854 216 895 247 II.
920 216 1026 247 Tou.
1048 216 1086 247 11.
1112 215 1241 246 HAER.
1264 216 1383 247 LXVI.
1655 208 1728 246 411

199 311 296 336 cere.
362 293 695 348 Quemadmodum
723 309 818 335 vero
852 295 962 335 deum
995 302 1152 335 satanae
1186 295 1452 349 malorumque
1485 308 1582 349 quae
1614 293 1660 334 ab
1690 308 1736 334 eo

198 370 388 418 geruntur
412 363 650 403 conditorem
679 377 723 403 ac
755 370 1044 417 procreatorem
1073 377 1252 404 asserere
1277 363 1467 414 audeant,
1502 376 1737 418 magnopere

198 432 382 473 demiror.
447 433 575 485 Atque
600 431 745 471 utinam
771 431 957 472 hactenus
982 432 1193 472 vanissima
1217 431 1367 470 illorum
1395 431 1556 471 consilia
1579 445 1739 487 progre-

198 501 405 550 derentur,
441 514 512 539 nec
539 499 778 553 unigenitum
805 500 863 539 dei
889 500 1004 540 lilium
1032 498 1231 540 Christum
1256 498 1473 549 dominnm,
1508 515 1569 551 qm
1600 503 1644 539 de
1668 514 1737 551 pa·
1756 507 1940 537 loann.1,18.

198 572 268 608 tris
288 572 374 607 sitm
394 571 595 615 descendit,
630 566 782 609 Mariae
804 569 1002 609 cuiusdam
1025 568 1274 608 mulierculae
1298 567 1413 606 lilium
1436 581 1524 607 esse
1545 568 1735 617 dicerent,

196 645 311 691 atque
342 650 394 676 ex
428 636 619 689 sanguine
655 651 874 691 carneque,
919 643 995 676 tum
1035 650 1129 676 vero
1166 635 1314 688 reliquo
1351 635 1552 675 mulierum
1588 638 1737 676 l'oetore

196 705 403 760 prodiisse.
468 703 546 745 Sed
581 719 628 744 ne
655 705 870 759 longiorem
900 705 1102 759 epistolam
1128 704 1305 744 scribens
1331 703 1473 743 diutius
1506 705 1736 758 aequitatem

195 781 299 815 tuam
319 773 529 822 detineam,
565 787 649 813 cum
670 775 900 828 praesertim
926 773 1090 813 naturali
1112 771 1330 825 eloquentia
1353 785 1524 822 caream,
1559 773 1617 813 his
1640 786 1737 826 quae

195 842 297 882 dicta
332 848 422 882 sunt
457 855 525 882 ero
560 849 782 882 contentus.
845 840 917 882 Ubi
946 855 1040 882 vero
1075 842 1119 881 ad
1156 848 1192 881 te
1219 854 1391 889 venero,
1427 840 1576 893 plenius
1610 842 1738 880 omnia

195 924 464 965 coguoscenS,
498 911 529 950 si
554 911 704 964 quidem
734 910 870 950 salutis
896 917 985 950 tuae
1007 923 1137 950 curam
1164 898 1329 962 aliquam
1354 909 1535 963 suscipis.
1597 907 1737 962 Neque

194 979 295 1020 enim
322 983 493 1031 cuiquam
517 982 685 1031 laqueum
713 982 912 1026 zbzc'z'ez‘mus,
950 986 991 1019 ut
1014 978 1236 1018 stolidiores
1265 977 1437 1018 nonnulli
1463 977 1622 1018 faciunt.
1672 975 1736 1016 ln-

195 1048 324 1102 tellige
357 1061 455 1101 quae
488 1047 596 1097 dico,
631 1046 682 1087 fili
715 1046 931 1087 carissime.

307 1115 420 1157 Hanc
445 1115 647 1170 epistolam
680 1130 766 1155 cum
790 1114 1002 1156 Marcellus
1027 1115 1088 1156 vir
1112 1114 1295 1169 egregius
1320 1128 1363 1154 ac
1396 1114 1732 1169 religiosissimus,

193 1193 230 1226 et
253 1184 428 1239 inprimis
458 1183 619 1224 illustris
649 1184 831 1237 legisset,
867 1184 1003 1224 mirum
1037 1184 1075 1224 in
1104 1184 1258 1224 modum
1292 1183 1503 1238 obstupuit.
1566 1183 1626 1223 Ac
1659 1189 1735 1222 tum

194 1255 294 1295 forte
317 1253 480 1307 contigit
503 1259 542 1292 ut
565 1253 702 1293 eodem
725 1253 786 1293 die
811 1267 887 1307 quo
912 1253 1015 1293 illam
1039 1267 1059 1292 a
1081 1251 1317 1293 Manichaeo
1343 1253 1545 1308 epistolam
1571 1252 1629 1291 dei
1654 1265 1738 1291 ser—

193 1337 264 1363 vus
286 1321 456 1376 acc-epit,
492 1321 735 1371 Archelaus,
770 1322 877 1362 urbis
904 1322 1133 1376 episcopus,
1169 1336 1244 1361 una
1271 1335 1356 1361 cum
1388 1322 1452 1361 illo
1481 1320 1581 1360 domi
1614 1326 1735 1360 esset.

194 1389 271 1444 Qui
295 1404 338 1431 re
370 1390 472 1430 omni
500 1397 726 1444 perspecta,
770 1390 948 1430 dentibus
984 1392 1177 1441 fremens,
1220 1390 1409 1444 rugientis
1441 1388 1566 1430 leonis
1597 1389 1735 1438 instar,

193 1474 236 1500 ac
268 1459 398 1499 divino
433 1459 596 1513 quodam
631 1459 772 1498 ardore
799 1459 969 1513 percitus
1004 1459 1049 1498 ad
1078 1457 1350 1498 Manichaeum
1387 1459 1512 1513 potius
1545 1458 1737 1512 proficisci

193 1527 393 1583 cupiebat,
429 1528 699 1580 hominemque
723 1540 744 1567 e
768 1527 966 1577 barbaris,
1002 1527 1102 1567 unde
1125 1527 1157 1566 is
1180 1534 1288 1567 ortus
1313 1534 1412 1576 erat,
1446 1527 1735 1576 advenientem,

193 1596 300 1636 etad
327 1596 481 1636 humani
507 1596 665 1649 generis
688 1595 899 1650 perniciem
925 1596 1208 1649 insurgentem,
1244 1609 1400 1650 capere.
1465 1594 1543 1636 Sed
1568 1596 1737 1650 prudens

191 1663 408 1705 Marcellus
445 1664 619 1718 mitigato
654 1664 832 1718 precibus
861 1664 1067 1718 episcopo,
1104 1663 1334 1718 Tyrbonem
1369 1664 1544 1704 hortatus
1578 1671 1656 1714 est,
1698 1671 1738 1704 ut

193 1734 240 1773 ad
265 1731 425 1773 Manem
457 1732 494 1771 in
517 1732 732 1772 Arabionis
757 1732 957 1773 castellum
983 1733 1149 1783 rediret,
1185 1732 1246 1772 ubi
1273 1733 1318 1772 ab
1345 1733 1410 1772 illo
1436 1733 1733 1787 expectabatur.

195 1801 280 1842 Hoc
310 1808 436 1841 antem
477 1801 677 1841 castellum
710 1808 769 1840 est
799 1801 902 1841 inter
934 1799 1134 1841 Persidem
1170 1815 1214 1842 ac
1245 1799 1570 1855 Mesopotamiam
1603 1802 1734 1841 situm.

191 1868 274 1911 Sed
295 1884 380 1910 cum
402 1869 539 1924 Tyrbo
562 1869 706 1910 reverti
733 1871 777 1909 ad
802 1868 1077 1910 Manichaeum
1103 1870 1243 1919 nollet,
1279 1884 1325 1910 eo
1351 1870 1488 1910 relicto
1512 1870 1734 1923 expeditum

192 1939 380 1994 quendam
408 1952 608 1979 cursorem
641 1952 660 1978 e
691 1939 834 1979 familia
864 1953 933 1979 sua
965 1940 1156 1989 destinat,
1202 1952 1270 1993 per
1305 1952 1416 1993 quem
1451 1939 1518 1979 has
1554 1939 1600 1979 ad
1631 1938 1736 1979 illum

190 2008 325 2048 literas
356 2006 475 2047 dedit.

518 2282 747 2314 MARCELLI
774 2284 831 2314 AD
856 2283 1163 2316 MANICHAEUM
1188 2285 1413 2317 EPISTOLA.

302 2350 539 2402 Marcellus,
576 2352 635 2392 vir
659 2351 842 2401 illustris,
877 2350 1113 2393 Manichaeo
1141 2366 1210 2407 per
1237 2353 1437 2408 epistolam
1463 2353 1553 2393 mihi
1579 2353 1733 2408 cognito

190 2422 370 2462 salutem.
435 2420 581 2475 Accepi
613 2434 708 2474 quas
741 2420 785 2459 ad
812 2434 872 2460 me
897 2420 1034 2461 dedisti
1070 2421 1217 2462 literas.
1280 2421 1506 2477 Tyrbonem
1539 2436 1633 2462 vero
1666 2437 1732 2476 pro

189 2504 274 2531 mea
308 2490 548 2543 benignitate
573 2489 744 2543 suscepi.
810 2486 911 2542 Quid
945 2497 1072 2530 autem
1105 2491 1241 2531 literae
1274 2497 1361 2531 tuae
1386 2490 1458 2530 sibi
1485 2490 1605 2531 velint
1635 2505 1733 2531 non-

189 2560 276 2599 dum
301 2558 502 2599 intellexi:
538 2558 613 2598 nisi
643 2565 682 2597 tu
707 2558 752 2597 ad
779 2572 849 2598 nos
872 2558 1036 2600 veniens
1062 2559 1240 2614 singula,
1274 2559 1328 2600 uti
1355 2573 1423 2614 per
1455 2560 1588 2600 literas
1621 2573 1730 2601 rece-

189 2627 301 2683 pisti,
334 2628 379 2668 ad
412 2627 572 2667 verbum
606 2625 854 2681 exposueris.
921 2625 1074 2668 Valete.

302 2695 412 2736 Haec
447 2695 509 2736 ubi
532 2695 675 2737 Manes
705 2695 876 2751 accepit,
912 2697 1064 2737 tametsi
1097 2697 1191 2737 nihil
1225 2698 1262 2737 in
1296 2710 1340 2737 ea
1366 2696 1564 2752 Tyrbonis
1597 2705 1727 2739 reten-

190 2764 293 2805 tione
325 2765 415 2804 honi
441 2778 530 2805 esse
554 2779 684 2806 secum
714 2765 1043 2806 animadverteret
1074 2766 1277 2820 (persaepe
1307 2779 1401 2805 vero
1436 2765 1514 2806 falli
1547 2767 1728 2821 opinione

190 2832 362 2884 solebat,
395 2833 544 2888 aliaque
567 2834 694 2874 omnia
721 2848 832 2888 quam
858 2834 910 2874 ita
935 2834 985 2874 uti
1010 2848 1051 2874 se
1075 2848 1138 2874 res
1160 2833 1323 2873 habebat
1346 2834 1574 2889 coniicere),
1609 2843 1650 2875 ut
1681 2836 1727 2875 de

234 2957 265 2989 2.
298 2960 444 2990 Petavius
476 2962 635 2992 annotavit
670 2960 798 2998 „Deest
822 2960 880 2993 καὶ
915 2958 932 2994 ὁ
982 2979 1022 2983 -
1048 2961 1083 2991 In
1103 2968 1183 2999 seqq.
1204 2962 1297 2991 verba
1322 2961 1546 3004 πληρκρορίας
1567 2963 1629 3005 τῆς
1650 2962 1725 2996 ἑαυ-

189 2999 417 3044 Motpxfflogf‘
465 3007 547 3037 Nihil
571 3007 719 3037 desidero.
979 3005 1035 3038 τοῦ
1059 3004 1204 3042 διανοίας
1224 3004 1317 3049 χάριν
1346 3017 1415 3039 cum
1441 3009 1590 3041 Ceruario
1610 3012 1726 3042 retraxi

235 3049 310 3081 CAP.
331 3050 418 3080 VIII.
441 3068 484 3074 —-
531 3053 557 3083 l.
582 3053 668 3083 Libri
688 3053 797 3084 habent
821 3049 931 3086 αὐτὸν.
979 3053 1021 3083 ad
1045 3051 1204 3090 apodosin.

1757 986 1850 1014 l.Cor.
1862 987 1888 1018 7,
1899 988 1941 1014 35-

1761 1114 1840 1157 cap.
1855 1115 1925 1146 vn.

1754 2709 1832 2752 Cap.
1850 2709 1933 2741 vni.
