2066 3319
500 191 682 225 PANARII
706 191 788 225 [ΑΒ.
811 192 851 223 Π.
881 191 1046 224 Tmen.
1071 191 1202 223 HAER.
1222 191 1344 223 LXVI.
1619 182 1698 221 477

278 269 391 325 Quod
424 285 518 313 vero
549 272 709 326 primum
745 272 801 311 ais
836 271 1029 312 homiuem
1063 278 1279 312 armaturae
1312 270 1383 310 sibi
1410 270 1494 310 loeo
1517 275 1689 319 ventum,

163 339 310 390 lucem,
344 340 496 394 ignem,
532 353 666 394 aquam
703 354 746 380 ac
780 340 978 380 materiam
1015 340 1244 389 fabricasse,
1290 339 1320 378 si
1353 353 1372 378 e
1405 339 1514 378 coelo
1548 338 1692 393 primus

162 407 225 448 ille
249 407 362 447 homo
389 407 586 448 derivatus
607 414 681 457 est,
716 415 830 462 atque
855 408 927 448 buc
952 408 1220 463 procudendae
1243 407 1344 446 illius
1369 413 1589 446 armaturae
1611 420 1698 461 gra-

163 476 214 515 tia
237 476 365 526 venit,
400 490 470 530 qua
491 476 595 516 velut
618 476 737 516 lorica
760 477 922 530 quadam
945 491 989 516 ac
1012 476 1248 515 nninimento
1268 488 1310 514 se
1336 481 1572 529 protegeret,
1607 489 1698 514 eon-

164 557 332 598 sequens
362 551 483 585 estut
508 544 602 584 baec
629 544 813 584 inferiora
838 545 902 584 illo
926 544 1142 599 potentiora
1167 544 1243 583 sint
1275 543 1335 597 qui
1360 556 1379 582 e
1404 543 1513 582 coelo
1539 543 1699 583 ‹lescen-

163 612 276 652 derit.
339 612 452 667 Aqua
478 613 578 652 enim
610 612 670 652 illa
698 613 777 667 ipsa
811 620 870 652 est
894 626 992 666 quae
1019 612 1213 662 cernitur3
1258 611 1323 650 lux
1352 625 1448 664 quae
1483 612 1603 651 oculis
1635 626 1699 666 ap-

163 687 294 735 paret3
338 681 498 721 materia
531 695 627 735 quae
660 681 841 736 opinione
874 688 934 720 tua
962 679 1243 733 corrumpitur,
1291 685 1429 718 ventus
1457 679 1518 732 qui
1545 680 1700 720 auribus

164 748 311 788 nostris
338 748 519 799 insonat,
560 749 659 802 ignis
686 750 784 789 idem
811 749 871 788 ille
899 748 1062 802 denique
1091 761 1202 802 quem
1224 748 1268 787 ad
1303 761 1410 786 usum
1433 747 1533 787 vitae
1560 748 1699 802 passim

162 816 403 858 adhibemus.
466 816 617 871 Quibus
657 817 772 857 rebus
806 817 837 857 si
863 815 1066 871 Principes
1100 822 1317 870 oppugnat,
1360 815 1477 865 cedo,
1513 830 1701 869 quaenam

162 884 223 925 illa
251 885 339 926 belli
370 885 470 926 ratio
498 885 857 939 administratioque
884 885 1134 940 proponitur?
1174 884 1257 938 quis
1290 883 1400 924 istius
1435 883 1523 924 belli
1552 885 1629 924 dux
1663 892 1701 924 et

163 960 300 994 auctor
327 954 528 994 classicum
560 953 670 994 nobis
700 953 906 994 concinet?
964 953 1052 1006 Age
1080 966 1371 1007 perrumpamus
1408 952 1572 992 bostium
1609 952 1701 1007 pba-

162 1021 320 1076 langes,
355 1022 620 1076 proeliumque
645 1022 876 1062 conflemus!
941 1020 1039 1075 Quis
1064 1019 1102 1060 in
1130 1034 1215 1060 eum
1250 1021 1394 1075 primus
1416 1020 1607 1060 iaculetur
1637 1020 1700 1075 qui

162 1097 297 1131 contra
330 1088 621 1145 principatuum
661 1104 704 1130 ac
736 1088 978 1130 potestatum
1014 1089 1267 1129 substantiam
1309 1089 1476 1130 furiosus
1514 1089 1701 1129 incurrit?

163 1157 286 1198 Estne
311 1166 350 1198 ut
376 1166 515 1199 ventus
541 1158 748 1212 confligere
772 1157 916 1213 possit,
951 1165 1015 1198 aut
1039 1157 1222 1207 materia,
1257 1171 1355 1212 quae
1382 1172 1434 1198 ex
1457 1165 1518 1198 tua
1543 1165 1700 1198 senten-

162 1228 213 1267 tia
239 1227 529 1282 corrumpitur?
590 1225 744 1280 ignisne
776 1241 915 1282 porro,
952 1226 1014 1281 qui
1039 1227 1082 1266 ad
1110 1240 1218 1267 usum
1247 1232 1420 1266 nostrum
1447 1241 1467 1266 a
1495 1227 1566 1267 deo
1592 1240 1700 1267 crea·

163 1303 223 1336 tus
256 1297 342 1336 est?
401 1296 463 1335 An
489 1296 555 1335 lux
577 1295 665 1344 illa,
710 1310 807 1350 quae
837 1310 905 1350 pro
936 1303 1148 1350 temporum
1172 1294 1376 1349 descriptis
1411 1308 1430 1334 a
1466 1296 1536 1335 deo
1568 1295 1700 1350 spatiis

163 1363 333 1404 vicissim
361 1363 533 1404 tenebris
555 1365 681 1404 cedit?
740 1365 818 1414 At,
852 1364 1012 1419 opinor,
1047 1378 1142 1418 aqua
1170 1362 1366 1418 pugnabit.
1430 1361 1518 1416 Quo
1548 1364 1698 1403 tandem

163 1433 303 1488 pacto?
342 1432 543 1483 Edissere,
586 1433 716 1483 sodes,
754 1433 904 1487 ineptas
929 1432 1013 1472 illas
1038 1439 1123 1472 tuas
1147 1432 1308 1472 fabulas.
1371 1432 1489 1485 Atqui
1515 1446 1582 1486 per
1607 1432 1701 1472 llaec

164 1501 290 1541 omnia
318 1507 393 1541 tam
427 1501 524 1541 bona
550 1515 659 1554 quam
687 1501 783 1541 mala
810 1500 892 1540 [ieri
914 1500 1105 1540 videmus.
1168 1498 1234 1540 Sic
1260 1500 1360 1554 iguis
1385 1499 1617 1540 adminiculo
1639 1515 1700 1540 sa-

165 1569 308 1610 crificia
332 1569 442 1610 idolis
468 1569 735 1619 instruuntur,
770 1583 893 1623 neque
919 1570 952 1608 id
982 1568 1091 1609 officii
1118 1582 1241 1622 genus
1268 1569 1457 1609 detrectat
1482 1568 1602 1622 ignis,
1637 1576 1700 1609 aut

163 1645 362 1693 peccatum
390 1638 580 1693 probibet.
643 1636 747 1691 Quin
774 1645 811 1677 et
834 1651 969 1692 aquam
995 1636 1223 1677 maritimam
1258 1637 1376 1677 libant
1403 1637 1465 1692 qui
1491 1638 1700 1677 daemones

163 1706 348 1756 adorant,
395 1720 466 1746 nec
492 1706 590 1746 nllus
616 1720 782 1760 unquam
811 1707 855 1746 ad
892 1705 963 1745 boc
995 1719 1167 1746 summae
1200 1706 1441 1760 ignorantiae
1477 1720 1571 1760 opus
1603 1719 1701 1759 aqua

164 1774 435 1830 praestandum
476 1782 534 1814 est
566 1774 794 1829 prohibitus.
858 1771 982 1827 Quam
1008 1774 1114 1813 multi
1143 1776 1358 1829 praedones
1383 1775 1419 1814 iu
1443 1774 1559 1814 maris
1592 1773 1701 1828 aquis

165 1842 367 1883 homicidia
395 1844 691 1898 perpetrarunt?
751 1843 809 1883 Ac
840 1849 983 1883 tantum
1020 1842 1129 1882 abest
1163 1851 1201 1882 ut
1227 1843 1421 1897 nequitiae
1447 1842 1698 1897 principibus,

165 1911 264 1966 quod
291 1918 329 1951 tu
356 1910 471 1961 dicis,
506 1926 602 1966 aqua
629 1911 824 1952 contraria
852 1911 924 1961 sit,
970 1918 1010 1950 ut
1041 1910 1086 1951 iis
1112 1910 1237 1966 potius
1263 1910 1472 1965 opituletur
1498 1924 1542 1951 ac
1571 1912 1704 1951 eonl'e-

166 1986 252 2030 rat,
297 1994 373 2019 non
398 1979 519 2035 ipsius
544 1994 666 2034 aquae
690 1980 823 2035 eulpa,
857 1980 922 2019 sed
953 1979 1154 2034 ipsiusmet
1187 1979 1352 2019 hominis
1379 1980 1437 2020 cui
1464 1979 1611 2034 peccati
1643 1979 1703 2019 sui

166 2061 281 2088 causa
305 2047 505 2088 tribuenda
531 2049 594 2088 sit.
659 2046 694 2089 Ο
719 2063 839 2101 nugas
861 2055 974 2102 atque
997 2047 1186 2102 ineptias!
1243 2045 1343 2101 Quid
1371 2049 1434 2088 illa
1460 2062 1554 2088 vero
1576 2062 1703 2089 armo-

165 2131 248 2157 rum
278 2123 473 2157 structura
503 2117 857 2171 elementorumque
889 2116 1164 2156 munimentum
1198 2117 1321 2171 primo
1353 2116 1403 2156 illi
1436 2116 1580 2156 homini
1615 2131 1702 2170 pro-

167 2185 257 2236 fuit,
304 2199 389 2225 cum
426 2185 471 2224 ad
501 2185 761 2240 proeliandum
797 2185 975 2240 delapsus
1009 2198 1030 2225 a
1067 2185 1238 2226 tenebris
1269 2185 1393 2225 vietus
1423 2199 1467 2225 ac
1489 2185 1700 2226 debellatus

167 2254 306 2294 fuerit?
366 2252 454 2294 Tua
489 2254 589 2293 enim
616 2253 709 2294 baec
743 2253 867 2293 oratio
901 2260 982 2304 est,
1027 2267 1254 2308 oppressum
1289 2253 1547 2307 afflictumque
1586 2253 1622 2292 in
1655 2253 1700 2293 iis

165 2321 416 2363 inferioribus
453 2322 667 2372 bominem,
713 2322 775 2376 qui
807 2336 892 2362 cum
926 2321 1069 2362 idcirco
1108 2329 1286 2377 precatus
1318 2329 1447 2372 esset,
1492 2321 1700 2362 exaudisse

167 2397 336 2446 patrem,
371 2397 407 2430 et
430 2391 542 2430 aliam
572 2391 793 2445 productam
827 2405 847 2432 a
878 2404 920 2431 se
952 2390 1105 2431 misisse
1131 2390 1336 2440 virtutem,
1371 2404 1482 2444 quem
1503 2390 1700 2430 viventem

167 2459 342 2514 spiritum
370 2459 550 2515 appellat.
615 2458 729 2500 Tolle
758 2459 902 2499 larvam
929 2466 1055 2510 tuam,
1090 2474 1112 2500 o
1137 2457 1358 2500 Menander
1386 2459 1551 2499 comice!
1596 2457 1700 2499 Nam

168 2541 252 2568 cum
279 2528 464 2569 eiusmodi
488 2527 599 2583 plane
620 2527 698 2579 sis,
733 2527 918 2568 latebram
942 2528 1007 2568 tibi
1030 2528 1278 2568 nibilominus
1305 2527 1483 2581 quaeris,
1517 2541 1562 2568 ac
1593 2541 1699 2568 mera

215 2698 294 2730 cn.
315 2699 434 2731 XLw
471 2718 510 2723 —-
564 2700 587 2731 1
614 2701 699 2731 Libri
723 2701 833 2732 habent
856 2695 910 2734 ἄν·
956 2709 1025 2740 cap.
1043 2697 1096 2731 61.
1108 2710 1150 2740 sq.
1164 2723 1172 2738 ‚
1197 2700 1279 2730 haer.
1302 2697 1357 2738 66,
1381 2698 1433 2739 2.,
1465 2700 1549 2731 haer.
1571 2697 1626 2739 69,
1647 2697 1699 2732 55.

169 2744 298 2785 θρωπον
333 2739 368 2778 ὃν
399 2745 638 2785 (εοά.1ἰὴεάι“9.
674 2739 725 2782 ὃν)
758 2745 910 2788 φάσκεις.
956 2749 982 2776 et
1005 2742 1058 2777 69.

168 2791 309 2822 Fortasse
339 2791 566 2822 rescribendum
603 2794 643 2821 est
686 2789 753 2824 ”162
790 2789 828 2825 δὲ
858 2802 910 2832 πρ.
1001 2801 1031 2834 3,
1056 2812 1123 2843 αρα
1146 2805 1268 2841 uterque
1289 2803 1364 2833 mm-
1386 2812 1440 2834 ms,

170 2830 262 2877 &vt-p.
292 2831 330 2868 ου’
359 2832 501 2877 φάσκει
489 2847 646 2858 -----
635 2848 688 2874 ην
724 2832 823 2877 ὕλην,
859 2836 911 2869 ἵνα

1001 2855 1032 2889 4.
1057 2855 1099 2890 τά
1129 2855 1232 2898 πτερὰ
1258 2860 1344 2889 codd.
1370 2860 1451 2899 1en.,
1485 2861 1634 2900 Rhedi9.‚
1673 2864 1700 2892 et

956 2905 1119 2936 Parisinus
1137 2903 1223 2945 (teste
1243 2905 1396 2946 Pelavio).
1444 2903 1484 2938 τὰ
1505 2904 1594 2947 παρὰ
1616 2907 1696 2937 editi.

959 2950 1127 2981 Carnarius
1150 2950 1238 2980 vertit
1261 2948 1491 2981 contrahamus
1519 2950 1585 2982 alas
1611 2950 1699 2982 belli.

223 2880 322 2913 -τῶν
341 2879 557 2920 ἐπουρανίωος
582 2877 703 2922 ’Υδωρ
724 2886 788 2913 cett.

214 2926 245 2956 2.
271 2925 365 2957 Pro‘'
352 2937 402 2958 ινα
413 2929 558 2958 petavius
576 2929 705 2966 putabat
722 2923 815 2960 ἀλλὰ.
851 2927 911 2958 Sed

170 2967 223 3002 ἵνα
252 2980 309 3009 pro
338 2966 422 3009 ὥςτε
452 2974 585 3011 positum
615 2973 738 3012 saepius
767 2973 907 3004 occurrit.

173 3015 224 3046 Sic
241 3016 324 3055 infra
335 3017 691 3059 cap.52.‚cap.53.sq.‚
706 3027 775 3059 cap.
789 3019 908 3057 55.sq.,
1000 3016 1029 3049 5.
1055 3019 1124 3055 τοῖς
1146 3017 1256 3049 habent
1279 3018 1349 3050 libri
1371 3027 1467 3051 manu
1486 3021 1616 3052 exarati.

1745 274 1822 314 Cap.

1732 319 1853 351 XLVI.
