2066 3319
496 223 675 255 PANAnn
699 223 780 255 ΜΒ.
802 224 843 256 n.
869 224 975 256 ToM.
998 225 1021 256 1.
1047 224 1175 256 HAER.
1195 224 1287 256 Lix.
1586 214 1659 254 191

123 303 161 344 in
184 303 310 343 stadio
333 303 503 358 superati
533 310 646 353 sunt,
681 302 795 343 eiecti
821 304 992 344 luerunt.
1056 303 1233 358 Denique
1267 304 1396 344 omnia
1430 302 1566 358 plane,
1600 301 1662 342 ubi

125 385 176 411 ex
198 370 267 411 bac
293 370 371 411 vita
398 371 612 411 discessum
640 378 714 422 est,
749 371 926 411 absoluta
950 379 1040 412 sunt
1063 387 1107 412 ac
1135 373 1322 426 perfecta.
1369 370 1562 424 Quamdiu
1583 371 1661 426 qui-

124 439 209 480 dem
238 439 275 479 in
301 440 514 479 certamine
541 438 664 479 adhuc
687 438 861 478 universi
886 440 1122 489 consistunt,
1156 440 1215 479 vel
1238 447 1320 494 post
1348 454 1477 480 casum
1504 453 1666 493 surgere

120 507 233 557 licet,
277 521 442 563 spesque
480 507 604 547 adbuc
640 514 842 562 superest,
888 508 1010 548 adbuc
1050 508 1260 548 remedium
1296 515 1410 562 atque
1448 507 1660 549 confessio.

121 576 183 616 Ac
214 576 304 616 licet
336 590 411 615 non
443 575 751 630 perfectissimus
777 576 838 615 ille
863 583 986 616 status
1012 576 1082 626 sit,
1118 575 1367 616 nihilominus
1400 576 1562 616 aliorum
1597 590 1663 617 ne-

122 657 311 699 quaquam
343 644 547 698 desperata
579 643 685 683 salus
717 650 790 683 est.

234 713 290 753 At
318 712 441 752 omnis
465 712 640 752 haeresis
665 712 726 752 ubi
750 726 769 751 a
793 711 960 751 veritate
986 711 1106 751 semel
1133 711 1302 763 excidit,
1338 713 1506 752 caecutit
1536 713 1572 753 in
1607 721 1662 754 te-

123 780 255 820 nebris
283 788 322 821 et
344 780 616 830 hallucinatur,
651 786 766 833 atque
790 779 861 819 alia
888 793 956 833 pro
982 779 1067 819 aliis
1090 787 1219 820 mente
1247 780 1429 834 concipit.
1480 780 1582 821 Nam
1612 782 1661 821 illi

120 848 280 889 rudibus
316 849 543 903 quibusdam
579 856 695 902 atque
728 847 917 902 imperitis
952 847 1099 888 similes
1137 854 1226 887 sunt
1258 847 1320 902 qui
1359 847 1661 904 uniuscuiusque

121 917 282 957 membri
308 917 568 957 conditionem
594 923 710 970 atque
737 930 846 956 usum
877 923 915 956 et
941 923 1117 956 ornatum
1145 917 1338 956 nesciunt.
1403 915 1516 957 Iuvat
1547 932 1662 972 porro

120 985 328 1026 absurdum
353 985 531 1039 quiddam
553 992 593 1025 et
617 985 769 1025 illorum
796 984 964 1024 amentia
987 983 1112 1024 simile
1138 985 1182 1024 ad
1207 984 1244 1024 id
1268 985 1367 1039 quod
1393 985 1570 1026 volumus
1594 1000 1663 1027 ex-

121 1054 361 1109 primendum
386 1053 543 1093 afferre.
606 1051 775 1093 Perinde
800 1067 894 1107 ergo
919 1052 972 1092 illi
998 1053 1140 1092 faciunt
1162 1067 1206 1093 ac
1231 1053 1262 1093 si
1289 1054 1403 1108 capiti
1429 1054 1581 1095 calceos
1606 1055 1662 1094 in-

120 1123 277 1174 ducant,
304 1129 342 1162 et
362 1136 545 1162 coronam
571 1121 746 1177 pedibus,
781 1128 820 1161 et
840 1121 966 1162 ventri
992 1128 1168 1174 torquem
1191 1135 1369 1173 aureum,
1395 1129 1525 1163 cetera
1551 1137 1660 1174 vero,

120 1190 333 1232 cuiusmodi
358 1197 449 1230 sunt
472 1190 623 1245 pedulia
646 1196 890 1241 ornamenta,
919 1204 1014 1244 quos
1042 1189 1216 1230 nonnulli
1241 1190 1389 1231 udones
1411 1199 1568 1243 vocant,
1599 1200 1663 1232 aut

118 1259 303 1309 braccas,
339 1258 515 1299 manibus
539 1259 804 1309 circumdent,
847 1258 1010 1299 annulos
1039 1257 1215 1312 pedibus.
1281 1258 1392 1299 Talis
1426 1267 1485 1300 est
1516 1261 1562 1301 ab
1593 1261 1663 1301 im-

119 1328 253 1382 peritis
290 1328 365 1368 illis
406 1328 582 1368 instituta
625 1328 748 1377 ratio,
804 1327 950 1367 erroris
994 1326 1374 1382 perturbationisque
1421 1329 1660 1384 plenissima.

120 1393 232 1449 Quae
262 1396 364 1436 enim
389 1397 434 1436 de
462 1395 644 1436 secundis
669 1395 835 1450 nuptiis,
870 1394 1032 1450 aliisque
1061 1395 1096 1434 id
1130 1409 1254 1448 genus
1280 1397 1488 1437 sacerdotii
1524 1412 1662 1439 caussa

120 1464 275 1505 decreta
306 1473 420 1516 sunt,
455 1478 499 1504 ea
523 1465 568 1504 ad
597 1465 822 1504 universum
856 1464 1033 1519 populum
1067 1464 1375 1515 transtulerunt,
1417 1472 1455 1506 et
1488 1481 1586 1521 quae
1617 1468 1663 1507 ad

121 1533 430 1573 constituendam
469 1532 762 1573 severissimam
802 1533 1042 1587 disciplinam
1077 1546 1097 1571 a
1137 1532 1209 1572 deo
1247 1534 1425 1573 mandata
1459 1542 1571 1584 sunt,
1615 1550 1662 1575 ne

121 1601 220 1641 forte
243 1601 357 1655 aliqui
381 1615 473 1656 prae
498 1600 616 1641 animi
639 1600 819 1641 socordia
845 1601 881 1640 in
906 1600 1086 1640 delictum
1112 1599 1344 1653 inciderent,
1380 1603 1473 1643 baec
1497 1603 1550 1643 illi
1575 1604 1662 1644 dum

120 1670 165 1710 ad
196 1683 332 1710 omnes
366 1670 564 1724 pertinere
592 1670 752 1719 volunt,
787 1668 917 1708 divino
947 1668 1093 1709 numini
1116 1669 1361 1710 atrocitatem
1386 1677 1424 1710 et
1447 1671 1663 1712 inhumani-

119 1744 234 1778 tatem
260 1737 500 1778 adscribunt.
563 1737 624 1778 Ac
659 1738 765 1778 velut
789 1737 821 1777 si
856 1737 940 1791 quis
971 1744 1122 1777 vestem
1154 1752 1266 1777 manu
1298 1745 1436 1779 tenens
1467 1740 1513 1779 ab
1547 1755 1661 1795 carpo

118 1820 255 1846 manus
281 1806 472 1847 duntaxat
494 1805 623 1846 cubito
651 1814 763 1846 tenus
788 1805 985 1846 brachium
1013 1806 1184 1860 operiat,
1219 1813 1332 1860 atque
1353 1807 1562 1849 identidem
1585 1823 1662 1849 ma-

117 1875 241 1916 nicam
269 1875 391 1915 oculis
413 1874 494 1915 suis
519 1874 700 1924 obiiciat,
736 1881 774 1914 et
804 1874 901 1915 alios
935 1874 1117 1919 irrideat,
1152 1874 1293 1915 oblitus
1320 1882 1399 1916 toto
1426 1890 1468 1917 se
1495 1891 1659 1932 corpore

117 1957 206 1984 esse
231 1944 429 1993 nudatum,
465 1942 625 1997 perinde
653 1950 692 1983 et
714 1942 767 1983 illi
792 1942 936 1983 faciunt
958 1943 1019 1997 qui
1043 1943 1130 1983 dum
1157 1943 1331 1997 digamos
1358 1958 1379 1984 a
1400 1959 1442 1986 se
1466 1947 1661 2001 repudiari

118 2012 315 2062 iactitant,
358 2012 505 2066 reliqua
540 2019 747 2066 praecepta
775 2011 876 2052 illius
902 2011 963 2052 vel
1000 2011 1164 2062 similia,
1199 2012 1261 2052 vel
1287 2013 1372 2053 sine
1404 2014 1478 2054 ulla
1506 2028 1660 2069 compa-

116 2081 269 2121 ratione
298 2080 606 2136 praestantiora,
642 2094 803 2135 quorum
831 2080 1085 2121 violatoribus
1109 2080 1245 2121 mortis
1271 2095 1393 2135 poena
1414 2070 1656 2138 proponitur,

117 2156 371 2190 contemnunt
405 2156 443 2189 et
471 2148 654 2189 abiiciunt
681 2156 718 2189 et
740 2163 817 2188 uno
846 2148 911 2189 illo
934 2148 1142 2189 interdicto
1167 2150 1339 2190 contenti
1373 2157 1505 2191 cetera
1537 2151 1659 2205 negli-

115 2225 224 2272 gunt.
288 2215 422 2271 Quare
448 2217 505 2258 sic
533 2225 712 2272 tanquam
738 2217 846 2257 obliti
869 2218 968 2268 sint,
1005 2225 1084 2258 toto
1112 2232 1276 2273 corpore
1301 2219 1391 2258 nudi
1422 2227 1534 2269 sunt,
1569 2220 1656 2260 dum

117 2293 156 2328 et
188 2286 374 2328 universa
412 2286 473 2327 dei
510 2293 716 2341 praecepta
754 2286 997 2341 relinquunt,
1042 2300 1166 2341 neque
1205 2301 1321 2327 unum
1352 2286 1442 2327 illud
1477 2295 1582 2328 caste
1613 2302 1658 2329 ac

115 2355 270 2396 sincere
300 2355 538 2396 custodiunt.

230 2421 265 2464 Ο
301 2424 564 2464 admirandam
605 2424 799 2463 bominum
838 2423 1050 2464 insaniam!
1115 2422 1221 2464 Sane
1257 2424 1451 2478 quaelibet
1482 2425 1653 2477 occasio,

117 2492 363 2546 quantumvis
392 2492 552 2547 exigua,
588 2506 896 2546 unamquamque
922 2493 1100 2533 haeresin
1128 2507 1149 2532 a
1176 2493 1341 2532 veritate
1369 2492 1566 2544 distraxit,
1600 2501 1656 2534 at-

117 2574 190 2615 que
217 2561 262 2601 ad
289 2560 437 2601 infinita
473 2561 570 2600 mala
598 2561 793 2615 perduxit.
858 2560 1190 2615 Quemadmodum
1224 2561 1325 2600 euim
1353 2560 1384 2600 si
1421 2561 1505 2614 quis
1536 2562 1656 2602 inter-

158 2651 191 2684 3.
217 2648 340 2696 βράχαι
363 2655 510 2693 scriptum
535 2656 618 2684 extat
640 2655 671 2684 in
694 2653 862 2684 Gloss.No-
954 2651 987 2685 6.
1013 2650 1207 2694 ἐπιλησξεὶς
1231 2653 1301 2683 edit.
1316 2653 1434 2691 petav„
1457 2653 1563 2684 dubito
1580 2663 1655 2685 num

114 2699 215 2737 micis,
238 2699 290 2729 ubi
311 2699 419 2737 leqitur
441 2700 488 2730 hic
501 2700 670 2738 Epiphanii
691 2700 786 2738 locus,
811 2708 862 2738 ap.
910 2700 1008 2729 altera
1033 2701 1214 2729 anctoritate
1245 2699 1354 2728 ductus
1377 2707 1472 2737 quam
1494 2701 1656 2730 verborum

114 2743 376 2776 Hcmsterhusium
400 2745 420 2774 l.
443 2745 460 2775 l.
908 2753 987 2784 quae
1015 2746 1111 2783 paulo
1136 2746 1203 2783 post
1228 2746 1395 2782 sequuntur
1414 2744 1471 2776 καὶ
1494 2742 1653 2778 &noaz-6-

159 2807 191 2844 4.
227 2813 274 2842 Ex
305 2822 361 2843 usu
384 2813 552 2852 Epi-phau&
574 2814 781 2853 rescripserim
817 2809 864 2849 ὡς
909 2799 999 2850 32:³0¹,
1012 2793 1078 2820 cett.
1113 2790 1145 2819 In
1169 2789 1239 2819 edil.
1260 2790 1359 2827 princ.
1384 2793 1467 2821 extat
1490 2788 1652 2832 ἐπικλησ-

935 2845 959 2857 Ἰ

116 2850 155 2889 ἂν
181 2856 214 2889 εἴ
234 2867 294 2894 τις,

911 2859 991 2868 ..ο-η·

958 2869 1035 2909 eff.
1063 2879 1141 2909 ΧΠ.
1167 2897 1209 2902 -
1262 2878 1286 2910 1.
1313 2879 1397 2910 Libri
1417 2882 1510 2921 vulgo
1530 2881 1652 2914 κακῶν.

161 2924 191 2955 5.
217 2923 346 2967 χειρίδα
364 2923 542 2969 κατασχών
563 2936 634 2958 mea
653 2930 695 2957 est
715 2927 861 2957 emenda·
953 2926 983 2956 2.
1010 2926 1208 2964 Reposuerim
1229 2919 1366 2965 “Qgrtep
1389 2923 1452 2968 γὰρ
1479 2926 1511 2958 εἴ
1529 2938 1579 2964 τις
1601 2945 1619 2949 -
1634 2945 1654 2949 -

117 2970 169 3007 tto,
193 2973 218 2999 et
231 2973 402 3002 structurae
413 2981 478 3003 voc.
500 2971 631 3013 ἱματίου
650 2975 676 3003 et
697 2974 862 3003 sententiae
910 2968 1074 3013 βαδίζειν,
1100 2967 1289 3002 καταλιπών
1312 2974 1398 3010 cett.,
1422 2974 1560 3003 restituta
1581 2982 1653 3003 con-

114 3016 208 3052 plane
235 3017 479 3047 accommodata.
526 3019 611 3048 Libri
639 3019 748 3049 haben!
771 3018 862 3053 vulfio
907 3017 1049 3046 ‹titimmh'
1068 3013 1095 3046 εἰ
1115 3018 1185 3046 ante
1203 3026 1265 3056 τις,
1290 3019 1317 3047 ει
1337 3017 1437 3048 deleta
1459 3019 1570 3056 copula
1593 3016 1650 3049 καὶ

118 3057 247 3099 ἱματίου
271 3059 357 3103 χειρὶ
381 3061 627 3104 διακατασχών.
908 3064 977 3091 (mle
1001 3058 1200 3093 καταλιπών.

1689 713 1767 757 Cap.
1796 716 1852 748 Xl.

1682 2429 1760 2472 Cap.
1787 2430 1861 2462 ΧΗ.
