2066 3319
471 199 651 232 PANARu
679 199 760 230 [ΑΒ.
781 200 821 231 u.
845 200 954 231 Tom.
975 201 1013 231 u.
1040 200 1168 231 1011311.
1188 200 1292 232 va.
1576 190 1656 231 383

117 282 156 322 10
179 279 294 330 Iesu,
330 280 390 334 qui
425 279 538 319 110010
573 292 702 319 merus
739 286 868 329 esset,
904 279 1113 320 habitasse.
1181 279 1235 319 lta
1264 294 1385 329 unus,
1421 278 1542 333 inquit
1575 279 1654 328 ille,

119 351 212 391 deus
237 355 320 398 est,
355 362 480 401 neque
505 354 568 387 aut
601 354 711 401 pater
739 354 794 386 est
833 355 963 401 pater,
1004 355 1068 388 aut
1103 348 1201 387 111105
1235 348 1356 395 111105,
1399 354 1466 387 aut
1496 347 1655 402 spiritus

117 424 275 459 sanctus
306 416 463 470 spiritus
485 423 544 456 est
566 422 741 463 sanctus,
776 416 851 454 imo
876 430 969 455 vero
995 417 1088 456 deus
1116 430 1213 456 0005
1240 423 1299 455 est
1324 424 1447 470 pater,
1483 422 1520 455 et
1545 415 1657 455 110105

116 485 155 526 iu
179 486 263 541 ipso
285 484 398 533 filius,
435 491 474 523 ut
495 490 553 523 est
576 484 613 523 10
639 483 793 523 bomine
821 498 964 524 sermo.
1029 482 1154 536 Quam
1180 485 1332 537 quidem
1358 485 1578 538 opinionem
1605 497 1656 523 ex

117 554 223 594 hisce
258 554 339 594 sere
375 551 608 593 testimoniis
641 552 805 604 colligit,
843 553 1025 606 primum,
1063 553 1160 606 quod
1186 550 1351 606 Moyses
1383 552 1547 602 dixerit,
1583 555 1656 591 Do-

116 626 236 662 minus
256 624 345 661 (lens
368 629 453 660 tems
475 623 644 659 domiuus
667 635 762 659 unns
783 629 850 660 est.
916 620 1054 674 Neque
1078 634 1172 659 vero
1198 635 1282 659 cum
1305 618 1437 659 Noeto
1461 628 1569 675 patre
1593 621 1655 660 ille

117 704 271 746 passum
306 703 395 730 esse
423 689 576 739 definit,
612 689 679 728 sed
714 690 860 740 solum,
895 689 1036 742 iuquit,
1071 688 1284 728 adveniens
1315 688 1500 738 verbum,
1537 696 1656 728 totum

115 759 207 800 illud
232 757 540 806 administravit,
574 763 612 797 et
638 757 682 797 ad
707 765 853 811 patrem
887 757 1064 797 revertit.
1128 757 1188 795 Ae
1210 763 1300 796 sunt
1324 756 1449 796 omnia
1483 771 1579 810 quae
1611 757 1656 796 ab

116 826 182 867 illo
214 827 394 867 dicuntur
426 840 521 866 sane
552 839 663 879 quam
698 825 879 883 absurda.

228 893 443 936 Videamus
478 894 594 947 igitur
626 894 760 948 ecquid
793 893 973 948 opinione
1010 893 1093 933 falsi
1123 893 1288 933 hominis
1323 900 1503 933 constare
1537 894 1658 947 possit

1680 562 1755 588 Dcut
1779 563 1804 588 c.
1822 563 1843 588 ⁴¹

1685 900 1761 942 (Tap.
1783 900 1821 931 11.

116 963 257 1005 oratio.
320 962 422 1003 Nam
447 962 496 1002 ita
523 962 717 1016 proponit.
781 960 913 1011 Dixit,
948 962 1092 1016 inquit,
1129 959 1327 1011 Christus,
1362 965 1445 1013 Ego
1468 965 1504 1001 ite
1526 970 1862 1013 pat1·e,10ann.14‚1o.

116 1041 154 1073 et
166 1040 278 1085 pater
299 1035 336 1071 in
357 1047 413 1071 me
434 1039 502 1071 est.
566 1029 618 1070 Et
642 1044 711 1070 uos
735 1030 834 1070 istud
859 1044 933 1070 una
957 1030 1197 1084 profitemur,
1233 1044 1284 1070 ex
1308 1037 1416 1084 patre
1442 1031 1656 1085 profectum

116 1115 203 1142 esse
228 1101 340 1141 deum
368 1099 551 1149 verbum,
587 1113 629 1139 ac
654 1114 738 1139 cum
772 1099 907 1139 eodem
937 1112 1024 1138 esse
1050 1106 1258 1153 perpetuo,
1293 1099 1339 1138 ab
1364 1113 1487 1154 eoque
1521 1113 1658 1154 proge-

116 1170 253 1211 nitum.
318 1167 396 1209 Sed
424 1183 499 1208 000
526 1167 613 1207 ideo
646 1174 792 1222 patrem
823 1167 907 1207 siue
938 1166 1173 1208 subsistente
1206 1168 1325 1207 verbo
1358 1181 1446 1207 esse
1478 1168 1656 1208 dicimus.

118 1236 302 1292 Quinimo
331 1236 490 1277 verbum
522 1235 641 1290 patris
676 1237 843 1290 unigena
878 1236 976 1276 111105
1010 1236 1102 1276 (1605
1132 1243 1191 1276 651
1216 1235 1401 1287 verbum,
1436 1243 1477 1276 ut
1509 1243 1547 1276 et
1577 1237 1658 1291 ipse

117 1307 310 1347 declarat:
347 1308 501 1344 Omm‘no
527 1307 595 1357 qui
613 1306 812 1356 eotgfiletm·
833 1308 869 1343 ίη
895 1320 963 1351 me,
998 1306 1204 1356 confitebor
1227 1313 1264 1344 ec
1285 1320 1354 1356 ego
1380 1308 1417 1344 ln
1441 1307 1507 1344 e'llo
1533 1320 1657 1344 eoram

113 1383 224 1428 patre
254 1390 344 1414 meo.
412 1372 483 1414 Ubi
510 1373 603 1413 hacc
630 1373 712 1427 ipsa
737 1373 855 1413 verba
890 1376 929 1412 In
954 1389 1029 1420 me,
1067 1376 1200 1412 Coram
1231 1382 1342 1426 patre
1373 1389 1471 1421 meo,
1509 1381 1656 1429 patrem

116 1445 241 1499 ipsum
271 1450 409 1483 natura
440 1456 507 1481 sua
537 1441 751 1481 subsistere
779 1442 1059 1482 demonstrant.
1124 1442 1177 1482 At
1202 1443 1262 1482 isti
1292 1441 1483 1482 Iudaicam
1511 1443 1659 1497 opinio-

119 1526 207 1553 nem
230 1510 535 1566 interpolantes,
567 1524 690 1563 neque
718 1510 917 1563 quicquam
941 1510 987 1550 iis
1015 1510 1200 1551 babentes
1227 1511 1412 1565 amplius,
1449 1509 1579 1550 ludaei
1605 1511 1659 1551 al-

119 1580 192 1621 teri
220 1579 440 1620 nominandi
469 1585 581 1628 sunt,
616 1585 653 1618 et
679 1576 950 1629 Samosateni,
985 1593 1110 1632 neque
1144 1579 1244 1619 aliud
1277 1580 1435 1619 omuino
1466 1587 1578 1628 sunt,
1615 1594 1658 1620 ac

118 1648 241 1689 solum
266 1662 406 1688 nomen
437 1645 525 1687 lesu
557 1660 648 1701 prae
676 1661 717 1686 se
742 1648 884 1687 ferunt.
946 1646 1047 1687 'Nam
1074 1662 1159 1687 eum
1182 1649 1293 1688 deum
1319 1663 1369 1688 ex
1393 1648 1488 1697 deo,
1523 1648 1658 1702 unige-

118 1730 284 1771 namque
317 1715 431 1756 lilium
457 1730 500 1755 ac
525 1715 683 1755 verbum
707 1715 923 1769 abnegent,
959 1716 1146 1756 eiusmodi
1178 1724 1267 1756 sunt
1293 1717 1426 1770 quales
1453 1717 1477 1756 ii
1504 1718 1660 1757 fuerunt

119 1786 183 1840 qui
208 1792 451 1840 praesentem
478 1784 582 1824 illum
606 1784 821 1832 eiurarunt‚
859 1783 930 1824 hoc
951 1792 1010 1824 est
1033 1785 1092 1824 dei
1117 1798 1163 1824 ae
1188 1784 1330 1825 domini
1357 1784 1586 1839 parricidae,
1622 1793 1658 1825 et

119 1854 292 1895 eiusdem
321 1853 380 1893 dci
405 1860 629 1907 negatores.
680 1851 921 1906 Quamquam
947 1866 1071 1907 neque
1097 1853 1433 1894 circumcisionem
1458 1854 1656 1905 adhibent,

119 1936 245 1977 neque
277 1921 501 1971 sabbatum,
537 1920 685 1961 aliosve
719 1918 948 1961 Iudaeorum
980 1922 1077 1962 ritus
1109 1922 1335 1963 observant.

234 1989 448 2031 Enimvero
480 2003 604 2043 neque
635 2003 704 2029 nos
736 1989 806 2044 ipsi
841 1989 935 2030 duos
967 2004 1054 2031 esse
1086 1991 1177 2031 deos
1212 1991 1512 2046 diviuitatesque
1544 1991 1655 2044 duas,

118 2060 186 2101 sed
213 2074 326 2100 unam
354 2059 544 2099 duntaxat
565 2058 793 2108 asserimus,
828 2073 911 2098 cum
941 2073 1063 2113 neque
1087 2067 1216 2113 patres
1237 2060 1517 2101 constituamus
1544 2062 1656 2111 duos,

119 2142 244 2183 neque
277 2128 374 2169 filios
401 2128 491 2168 item
528 2128 646 2178 duos,
681 2134 745 2167 aut
777 2127 873 2167 duos
905 2127 1061 2183 spiritus
1090 2136 1267 2179 sanctos,
1309 2130 1377 2170 sed
1411 2137 1579 2184 patrem,
1622 2137 1658 2171 et

120 2196 262 2247 filium,
307 2211 353 2237 ac
393 2195 567 2251 spiritum
605 2202 804 2245 sanctum,
850 2196 1088 2238 divinitatem
1130 2212 1267 2248 unam,
1313 2212 1503 2252 unamque
1544 2198 1658 2238 trium

120 2265 449 2322 praedicationem
476 2279 519 2305 ac
545 2263 724 2319 gloriam.
787 2262 866 2305 lste
889 2279 983 2305 vero
1008 2280 1084 2306 non
1114 2281 1227 2307 unum
1255 2267 1398 2307 idcirco
1430 2268 1541 2307 deum
1570 2281 1658 2307 esse

120 2335 326 2376 confitetur
349 2334 450 2388 quod
471 2333 578 2373 velut
604 2334 687 2372 l'ons
709 2333 860 2387 quidam
885 2333 935 2374 sit
956 2341 1080 2389 pater,
1115 2336 1182 2376 sed
1210 2350 1324 2376 unum
1349 2335 1522 2376 absolute
1546 2336 1656 2376 deum

120 2404 233 2454 facit,
267 2417 332 2454 ac,
366 2408 551 2457 quantum
576 2402 612 2441 in
637 2403 720 2456 ipso
745 2409 825 2451 est,
860 2402 922 2443 11111
948 2417 991 2443 ac
1017 2403 1174 2458 spiritus
1199 2404 1321 2444 sancti
1347 2404 1587 2444 divinitatem
1612 2420 1657 2444 ac

121 2471 412 2513 subsistentiam
436 2471 591 2511 evertit.
653 2468 809 2510 Patrem
837 2470 958 2526 ipsum
985 2479 1188 2526 praeterea
1212 2472 1262 2513 ita
1287 2486 1374 2512 esse
1400 2472 1510 2512 deum
1540 2487 1656 2513 unum

121 2541 284 2582 affirmat
311 2547 350 2581 ut
374 2538 477 2579 omni
505 2539 550 2579 ad
583 2539 866 2592 producendum
891 2540 1006 2580 filium
1036 2540 1269 2581 fecunditate
1297 2549 1449 2592 eareat,
1483 2541 1657 2596 adeoque

120 2609 345 2664 imperfecta
372 2608 435 2648 illa
459 2608 532 2648 duo
555 2609 647 2657 sint,
683 2615 790 2661 pater
814 2615 853 2648 et
878 2609 992 2660 lilius,
1027 2624 1187 2664 quorum
1215 2609 1276 2649 ille
1299 2609 1343 2648 ad
1370 2610 1656 2663 producendum

121 2677 239 2719 filium
273 2677 482 2732 genitalem
512 2676 588 2716 vim
622 2676 763 2716 nullam
798 2676 958 2728 habeat,
994 2677 1053 2718 hic
1081 2685 1232 2728 autem,
1267 2678 1366 2731 quod
1399 2686 1459 2719 est
1490 2680 1657 2720 viventis

122 2745 183 2786 dei
208 2746 367 2787 verbum
393 2759 563 2799 veraque
587 2744 800 2799 sapientia,
835 2746 938 2787 nullo
965 2747 1077 2786 modo
1101 2745 1151 2786 sit
1185 2748 1420 2787 fructuosus.
1483 2746 1655 2788 Verbum

123 2814 224 2854 enim
247 2814 322 2854 tale
348 2827 435 2855 esse
461 2820 594 2868 putant
622 2813 733 2867 quale
758 2813 795 2854 in
819 2814 985 2854 hominis
1011 2822 1069 2855 est
1094 2821 1275 2869 pectore,
1310 2822 1347 2854 et
1377 2816 1564 2857 eiusmodi
1594 2831 1656 2857 sa-

124 2881 301 2935 pientiam
328 2882 478 2936 qualem
510 2881 549 2922 iu
582 2881 710 2922 auimo
742 2883 900 2936 quilibet
929 2883 1121 2924 homiuum
1151 2883 1301 2924 insitam
1328 2898 1350 2924 a
1373 2885 1445 2925 deo
1471 2885 1656 2926 infusam-

125 2982 190 3014 lum
211 2995 249 3015 ex
269 2996 325 3016 sua
346 2983 502 3028 opinione
521 2984 761 3029 praevalentes,
787 2987 868 3026 quod
961 2986 1037 3017 Cn.
1060 2986 1113 3017 ΙΙΙ.
1135 3005 1178 3010 -—
1214 2986 1241 3020 1.
1266 2986 1334 3020 οἵαν
1358 2989 1425 3020 cod.
1444 2998 1500 3021 ms.
1522 2992 1655 3029 uterque.

123 3039 183 3061 non
206 3031 352 3070 intellego.
915 3029 984 3064 οἷαν
1008 3033 1054 3063 ed.
1074 3042 1122 3072 pr.
1170 3029 1234 3066 οἷον
1258 3035 1306 3065 ed.
1328 3035 1434 3066 Petav.

1698 1307 1809 1335 Manli.

1696 1344 1728 1369 10
1737 1365 1744 1375 ,
1764 1344 1804 1370 32.

1686 1997 1762 2040 Cap.
1786 1998 1840 2029 111.
